2032 3167
126 173 183 202 261

758 167 965 200 ANNALIUM
986 168 1059 198 LIB.
1082 167 1190 198 XVIII.

1769 164 1829 194 262

126 237 256 275 έκτομίας
284 237 409 275 ἀπῄτητο
431 237 521 265 θέσθαι
549 235 708 274 ἀπόπειραν.
740 238 768 262 '0
793 234 822 262 δὲ
843 234 948 262 τούτων

1014 234 1246 270 ‘usjurarandum
1262 234 1291 261 et
1312 231 1495 269 syngraphas
1516 230 1639 267 .iegibus
1661 230 1826 258 contrarias

126 282 239 312 ἕκαστον
274 281 514 320 προσκαλούμενος
532 305 539 319 ,
580 283 614 309 τὰ
649 280 799 319 πράγματα
840 282 950 315 ζητεῖν,

127 325 214 365 ἔλεγε,
241 327 356 366 βασιλέα
383 327 428 354 τὸν
457 327 560 354 τούτων
589 323 818 363 ἀντιληψόμενον.
845 324 878 352 Εἰ
900 324 952 362 γὰρ

128 370 168 400 ἔτι
192 372 298 410 γυναικὶ
324 371 394 409 μόνῃ
419 371 464 399 καὶ
492 370 646 409 παιδαρίοις
667 372 750 398 ταῦτα
778 369 952 405 διοικηθήσε-

127 427 184 450 ται,
214 416 356 454 οἷχήγεται
393 416 500 447 πάντως
537 415 587 443 οὐκ
621 415 658 446 εἰς
689 415 792 452 μακρὰν
818 414 857 451 τῷ
886 414 952 441 Ῥω-

132 461 218 498 μαίων
234 460 376 499 ἡγεμονίᾳ,
393 460 424 487 ού
437 460 472 488 τὰ
487 459 581 498 πόῤῥω
598 457 692 496 μόνον,
709 458 753 487 καὶ
768 461 826 490 τοῖς
842 458 953 496 ἐχθροῖς

130 505 326 544 ἆγχιτέρμονα,
343 503 415 532 ἀλλά
433 504 478 532 καὶ
503 504 570 532 αὐτὰ
594 504 628 532 τὰ
657 504 806 542 ἀγχίθυμα.
832 502 880 530 Καὶ
909 502 954 530 ἐπὶ

129 549 220 586 τούτῳ
234 551 289 577 τῶν
305 547 392 587 ὅρκων
409 549 454 577 καὶ
468 551 516 576 τοῦ
545 548 682 588 ἐγγράφου
702 547 811 583 πολλὴν
837 547 954 575 ἐποιεῖτο

130 592 319 631 καταδρομὴν,
343 593 388 621 καὶ
412 593 458 621 τὸν
489 592 603 631 βασιλέα
625 595 759 625 τεθνεῶτα
785 591 954 629 ἐκακηγόρει,

132 639 171 669 ὡς
200 639 239 675 μὴ
269 639 317 665 τοῦ
343 639 422 674 κοινῇ
462 637 647 676 συμφέροντος
678 636 789 674 θέμενον
815 636 956 675 πρόνοιαν,

132 682 196 710 ἀλλ’
227 682 257 710 ἑκ
286 681 454 717 ζηλοτυπίας
483 682 631 718 έκθέςμους
660 679 757 720 ὅρκους
786 681 956 719 ἀπητηκότα,

132 726 177 755 καὶ
207 727 351 764 παράνομα
379 726 506 766 ἔγγραφοι.
531 726 642 757 Τούτοις
663 726 726 758 τοὺς
755 725 868 757 πλείους
896 736 958 752 συν-

1005 279 1160 315 exegisset.
1176 279 1364 312 Quibuscum
1381 277 1511 313 plerique
1536 276 1760 309 assentirentur,
1789 275 1826 303 iis
1849 275 1853 279 '

1007 325 1094 352 etiam
1105 324 1154 359 qui
1164 324 1395 359 refragabantur,
1410 322 1516 357 partim
1526 321 1709 353 muneribus,
1722 320 1829 356 partim

1007 368 1267 405 pollicitationibus
1282 368 1311 395 in
1340 367 1517 395 sententiam
1547 374 1632 394 suam
1660 365 1826 401 portractis,

1008 412 1184 448 imperatriei
1192 411 1386 447 jurisjurandi
1394 411 1621 447 chirographum
1634 409 1829 442 remittit.Quo

1009 458 1059 486 illa
1074 459 1202 493 accepto,
1219 457 1374 484 consilium
1389 464 1476 484 suum
1489 458 1672 490 exsecutura,
1688 463 1748 482 rem
1762 462 1830 482 cum

1010 503 1069 531 ﬁlio
1086 505 1157 530 natu
1174 502 1292 537 majore,
1309 503 1337 529 et
1352 502 1471 534 Caesare,
1497 501 1528 528 in
1557 499 1665 535 regiam
1692 499 1830 527 accersito

1010 546 1227 576 communicat:
1244 545 1293 581 qui
1312 553 1378 572 cum
1406 544 1555 580 hymenmo
1582 544 1774 577 interfuisset,
1803 545 1831 571 et

1012 591 1158 628 nuptiales
1174 592 1301 618 crateres
1330 590 1490 625 gustasset,
1521 588 1605 616 nubit
1627 588 1677 616 illa
1699 588 1830 624 Diogeni.

1011 637 1057 664 Sic
1074 635 1122 664 ille
1139 636 1297 671 imperator
1310 633 1484 666 declaratur,
1509 641 1576 660 cum
1601 633 1728 660 Eudocia
1752 633 1831 668 ejus-

1014 689 1069 717 que
1085 680 1136 708 ﬁlii
1163 687 1276 708 menses
1300 681 1413 715 septem
1437 679 1465 706 et
1493 677 1556 706 dies
1578 677 1691 712 aliquot
1714 685 1832 712 regnas-

1015 728 1088 754 sent.

132 763 290 808 τιθεμένους
307 763 433 809 έσχηκῶς
449 763 562 805 ἐκεῖνος,
579 770 604 798 εἴ
620 770 648 798 δέ
662 781 732 802 τινες
746 770 790 798 καὶ
805 768 1031 807 ἂντέλςγον,τοὺς
1048 770 1094 806 μὲν
1111 767 1222 806 δώροις,
1250 767 1314 799 τοὺς
1341 765 1365 794 δ’
1396 766 1559 809 ὑποσχέσεσι
1584 763 1835 809 συμψνήτιθεμένους

133 815 230 847 πείσας
245 815 320 852 αὐτῷ
335 807 468 854 {avio-0m,
484 814 591 843 στέλλει
608 817 641 852 τῇ
659 815 803 853 βασιλίσσῃ
817 815 848 842 τὸ
862 817 916 842 τῶν
931 812 1018 849 ὅρκων
1033 813 1227 852 χειρόγραφον.
1251 815 1282 840 Ἡ
1306 810 1335 839 δὲ
1357 811 1455 839 τούτου
1475 808 1615 847 λαϐομένη
1642 808 1680 841 εἷς
1701 807 1780 846 ἔργον
1791 808 1835 854 Δτὸ

136 859 278 898 βούλευμα
293 850 446 894 ἀπετέλεσε,
462 859 507 887 καὶ
524 858 614 897 ἄγεται
629 850 679 896 ’μέν
692 860 738 887 τὸν
752 850 893 897 Διογένην,
910 859 954 886 καὶ
968 850 1058 895 τούτῷ
1078 850 1260 896 συζεύγνυται.
1278 858 1419 884 Κοινοῦται
1435 854 1464 883 δὲ
1478 855 1526 889 τήν
1543 854 1637 893 πρᾶξιν
1655 856 1695 890 τῷ
1719 850 1836 898 πρεσϐυ-

133 897 206 942 τέρῳ
219 915 249 932 τε
260 907 313 932 τῶν
327 905 403 938 υἱῶν,
419 905 464 932 καὶ
479 906 520 941 τῷ
535 904 646 943 Καίσαρι
664 904 859 941 μετακληθέντι
879 904 946 942 πρὸς
961 903 994 931 τὰ
1011 903 1145 941 βασίλεια,
1160 902 1205 930 καὶ
1224 901 1387 938 μετασχόντι
1401 902 1455 928 τῶν
1474 899 1618 943 ὑμεναίων,
1631 899 1676 926 καὶ
1697 900 1751 926 τῶν
1777 897 1836 925 tm-

137 948 244 987 γαμίων
260 948 471 985 ἀπογευσαμένῳ
483 942 626 986 κρατήρων
643 950 711 985 (69),
726 948 771 976 καὶ
788 947 917 985 Διογένης
936 946 1062 986 βασιλεὺς
1078 947 1255 985 ἀνηγόρευτο,
1276 949 1326 980 τῆς
1357 943 1497 983 βασιλίδος
1524 942 1656 974 Εὐδοκίας
1691 943 1758 980 μετά
1785 944 1837 969 τῶν

137 994 217 1021 υἱέων
234 992 349 1030 ἀρξάσης
365 992 408 1020 ἐπὶ
426 996 514 1029 μῆνας
529 992 596 1020 ἔπτὰ
610 992 654 1020 καὶ
669 993 774 1030 ἡμέρας
788 992 873 1023 τινάς.

174 1038 228 1065 IA'.
243 1037 383 1073 Ῥωμανὸς
409 1035 438 1064 δὲ
457 1038 471 1064 ὁ
496 1036 631 1074 Διογένης
658 1040 708 1071 τῆς
737 1038 790 1064 τῶν
815 1036 956 1072 Ῥωμαίων

1046 1037 1093 1064 XI.
1123 1037 1273 1064 Romanus
1302 1036 1446 1071 Diogenes
1477 1035 1676 1062 Romanorum
1710 1033 1833 1069 imperio

139 1081 229 1119 ἀρχῆς
250 1080 395 1119 γενόμενος
419 1080 561 1119 ἐγκρατὴς,
587 1080 618 1108 ού
640 1081 709 1108 κατᾶ
722 1080 770 1111 τὰς
785 1079 896 1112 ἐλπίδας
910 1084 960 1114 τῆς

141 1125 339 1163 βασιλευσάσης
364 1125 444 1153 αὐτὸν
469 1124 598 1157 Εὖδοκίας
635 1122 811 1160 ἀποϐεϐήκει.
850 1125 882 1153 Ἦ
913 1125 960 1161 μὲν

138 1168 190 1206 γὰρ
220 1168 249 1196 ἰκ
277 1169 461 1206 κατακρίτου,
490 1169 534 1196 καὶ
571 1167 626 1204 ⁴ἤδη
656 1167 753 1206 σχεδὸν
786 1169 831 1196 τὸν
861 1167 961 1205 δήμιον

140 1212 306 1252 ἐφεστηκότα
334 1213 453 1250 ὁρῶντος
482 1213 565 1249 αὐτῷ,
586 1212 617 1241 οὒ
645 1213 726 1250 μόνον
755 1212 880 1241 κινδύνου
895 1224 962 1251 προ-

140 1259 238 1295 φανοῦς
277 1257 455 1294 ἐξαρπάσασα,
491 1256 565 1285 ἀλλὰ
596 1258 639 1285 καὶ
675 1256 844 1293 τηλικαύτης
871 1258 962 1296 ἀρχῆς

139 1301 284 1338 ἀξιώσασα,
324 1300 392 1338 ᾤετο
431 1301 456 1329 έν
485 1304 565 1329 πᾶσιν
593 1299 665 1340 ἔχειν
693 1304 788 1330 τοῦτον
819 1302 961 1330 ὑπείκοντο

138 1346 183 1373 καὶ
211 1346 295 1380 αὐτὴν
325 1346 467 1384 κατάρχειν
497 1348 545 1373 τοῦ
576 1345 783 1384 βασιλεύοντος.
807 1347 838 1375 Ὁ
867 1346 896 1375 δὶ
917 1348 962 1375 καὶ

140 1389 234 1421 ἄλλως
250 1389 286 1418 ὢν
304 1389 465 1425 ἀλαζονικὸς
480 1390 525 1418 καὶ
539 1389 708 1425 ἀδούλωτος,
725 1390 767 1418 ἐπ’
795 1390 887 1430 ὀλίγον
915 1392 962 1429 μὶν

142 1435 305 1473 βιασάμενος
329 1435 361 1462 τὸ
381 1436 447 1469 ἦθος
462 1458 469 1471 ,
494 1435 625 1462 ὑπέπιπτε
647 1438 707 1466 ταῖς
729 1439 779 1471 τῆς
803 1435 963 1474 Αύγούστης

141 1478 279 1514 θελήσεσι,
314 1479 358 1507 καὶ
388 1479 545 1516 ὑπεκρίνετο
568 1480 616 1513 τήν
642 1479 808 1507 ὐπόπτωσιν.
836 1481 900 1509 Εἶτα
923 1481 960 1517 μὴ

138 1522 239 1562 στέγων
267 1523 317 1557 τὴν
348 1523 428 1561 βίαν,
456 1523 528 1561 ταχὺ
561 1524 629 1561 πρὸς
662 1523 707 1551 τὸν
735 1524 834 1552 οῗκεῖον
860 1525 961 1563 τρόπον

138 1567 334 1603 ἐπανελήλυθε,
363 1567 407 1595 καὶ
444 1568 494 1602 τὴν
535 1568 656 1602 ὑπακοὴν
698 1567 881 1606 ἰδυσχέραινε,
916 1569 962 1597 καὶ

138 1610 235 1646 ἤθελεν
279 1611 360 1642 αὐτὸς
396 1612 428 1639 τὸ
475 1611 574 1649 κράτος
605 1613 730 1649 καθαρῶς
768 1611 960 1648 ἀναδήσασθαι.

138 1657 233 1687 Κακῶς
261 1654 291 1683 δὶ
313 1657 367 1682 τῶν
393 1655 486 1692 Ἐᾤων
513 1654 709 1693 διακείμενων,
746 1657 791 1684 καὶ
832 1659 886 1685 τῶν
915 1658 963 1694 μὶν

137 1698 193 1735 ἤδη
219 1700 447 1737 ἀπεγνωσμένων,
475 1702 530 1728 τῶν
561 1699 589 1728 δὲ
604 1700 672 1738 πρὸς
686 1703 767 1728 τοῦτο
783 1701 960 1739 χωρούντων,

136 1743 306 1781 ἐκστρατείαν
335 1743 473 1781 κηρύττει,
502 1745 547 1771 καὶ
575 1745 690 1782 πήγνυσι
717 1746 766 1780 τὴν
783 1746 884 1781 σκηνὴν
910 1747 961 1781 τὴν

139 1786 276 1826 βασίλειον
302 1789 370 1815 κατᾶ
388 1788 420 1816 τὸ
442 1791 493 1823 τῆς
516 1789 603 1825 Ἑῴας
617 1793 716 1826 τμῆμα
741 1791 773 1818 τὸ
797 1792 831 1827 τῇ
861 1793 960 1825 Βυζαν-

135 1831 190 1860 τίδι
232 1832 416 1871 ἀντίπορθμον
434 1842 441 1849 ·
483 1831 531 1860 δύο
571 1833 655 1861 ταῦτα
692 1835 960 1872 πραγματευόμενος,

135 1876 309 1915 ἀποτειχίσαι
333 1887 363 1904 τε
390 1879 448 1909 τοῖς
474 1875 626 1916 Βαρϐάροις
640 1879 689 1913 τὴν
706 1877 813 1917 ἔφοδον,
830 1879 875 1907 καὶ
890 1879 961 1907 οὕτω

138 1921 283 1959 σωτηρίαν,
300 1921 337 1952 ὡς
354 1921 410 1948 ἐνὸν
427 1924 604 1960 πρυτανεῦσαι
619 1925 659 1959 τῷ
683 1923 807 1960 ὑπηκόῳ,
828 1924 872 1952 καὶ
897 1924 961 1952 έαυ-

137 1968 179 2001 τῷ
206 1965 344 2004 γαυρίαμα
370 1976 396 1993 τι
409 1968 647 2004 περιποιήσασθαι,
663 1968 707 1995 καὶ
725 1968 763 2004 μή
779 1969 864 1996 πάντα
886 1969 961 1997 ὑπεί-

136 2020 193 2037 κειν
213 2012 247 2047 τῇ
275 2009 407 2048 βασιλίδι,
439 2009 504 2038 ἀλλ’
530 2011 610 2042 αὐτὸς
638 2011 792 2050 αὐταρχιῖν.
810 2016 896 2051 ’Ἄρας
916 2012 962 2042 οὖν

139 2054 170 2082 έκ
183 2057 236 2082 τῶν
269 2053 415 2093 βασιλείων
439 2055 608 2091 πανοπλίτης
635 2055 787 2093 ἐπεραιώθη
816 2058 884 2095 πρὸς
911 2059 960 2092 τήν

137 2099 233 2136 Ἐῲαν,
260 2098 315 2126 οὔτ’
345 2098 495 2136 ἀξιόμαχον
525 2099 692 2137 ἐπαγόμενος
730 2101 892 2139 στράτευμα,
918 2102 962 2130 καὶ

136 2143 151 2170 ’ὁ
181 2142 209 2170 δὶ
237 2143 367 2181 ἐπείγετο,
397 2143 498 2180 ἀπορίᾳ
525 2144 569 2171 καὶ
606 2143 699 2172 ὅπλων
724 2146 769 2172 καὶ
800 2144 893 2173 ’ίππων
916 2146 961 2174 καὶ

135 2189 189 2214 τῶν
214 2187 368 2224 ἀναγκαίων
397 2187 485 2215 αὐτῶν
513 2187 693 2226 έτετρύχωτο.
716 2190 766 2217 Ἐκ
791 2192 896 2227 μακροῦ
910 2191 961 2228 γὰρ

135 2231 401 2269 κατολιγωρηθεῖσαν
448 2232 497 2266 τὴν
535 2233 671 2270 στρατιὰν,
708 2232 799 2271 ὣσπερ
834 2233 960 2271 εἷ’ρηται,

136 2275 233 2313 ἀθρόον
267 2275 413 2308 ἀνακτῆναι
447 2275 496 2303 οὐκ
524 2276 557 2311 ἧν
598 2276 719 2315 εὐχερές.
754 2278 960 2315 Ἀθροισθέντων

137 2319 182 2346 οὖν
206 2322 260 2347 τῶν
290 2320 377 2351 οὕτως
402 2320 522 2358 ἐχόντων
540 2324 722 2358 στρατιωτῶν,
738 2322 805 2350 κατὰ
822 2323 853 2350 τὸ
891 2324 962 2359 eam

135 2365 188 2390 τῶν
219 2363 412 2399 Ἀνατολικῶν,
441 2366 455 2392 δ
483 2369 532 2400 τῆς
548 2365 668 2403 Φρυγίας
684 2368 739 2403 (70)
756 2367 796 2399 τίς
816 2367 870 2395 ἐστι
898 2371 960 2404 μοῖ-

1019 1081 1137 1115 potitus,
1149 1080 1281 1108 Eudociie
1292 1080 1366 1108 tanti
1379 1079 1485 1116 fastigii
1498 1078 1625 1106 auctoris
1637 1086 1718 1114 spem
1734 1078 1834 1106 elusit.

1017 1126 1083 1158 Quae
1095 1134 1161 1153 cum
1173 1133 1239 1153 eum
1251 1124 1327 1153 278
1341 1125 1580 1156 condemnatum,
1592 1127 1620 1151 et
1643 1125 1760 1151 tantum
1777 1131 1834 1151 non

1017 1170 1182 1198 carniﬁcem
1200 1170 1310 1197 instare
1328 1169 1485 1202 videntem,
1503 1177 1558 1196 non
1585 1168 1670 1195 modo
1685 1167 1838 1196 manifesto

1017 1214 1146 1251 periculo
1174 1214 1342 1250 eripuisset,
1370 1214 1419 1241 sed
1450 1213 1485 1241 ad
1527 1215 1640 1240 tantum
1679 1212 1836 1248 imperium

1017 1259 1168 1293 evexisset,
1186 1259 1307 1295 putabat
1321 1267 1352 1286 se
1366 1257 1448 1285 illum
1467 1257 1495 1284 in
1525 1257 1662 1285 omnibus
1685 1257 1762 1285 dicto
1788 1265 1838 1284 au-

1017 1304 1144 1331 dientem
1160 1303 1340 1336 habituram,
1355 1305 1383 1330 et
1403 1302 1459 1338 ipsi
1485 1302 1652 1337 imperatori
1678 1301 1837 1338 imperatu-

1017 1357 1091 1376 rum.
1107 1350 1143 1375 At
1158 1348 1206 1375 ille
1221 1348 1270 1383 qui
1287 1347 1404 1383 ingenio
1419 1349 1497 1374 esset
1511 1346 1658 1382 arroganti
1675 1348 1762 1382 atque
1791 1346 1836 1374 in-

1017 1393 1138 1427 domito,
1153 1393 1188 1420 ad
1204 1395 1322 1427 tempus
1337 1394 1448 1419 naturae
1463 1399 1524 1418 suae
1551 1391 1577 1417 vi
1602 1391 1677 1418 facta
1699 1394 1837 1427 Augustas

1016 1437 1157 1465 voluntati
1178 1436 1276 1471 cessit,
1292 1435 1491 1464 submissione
1513 1435 1662 1463 simulata.
1692 1435 1745 1462 Sed
1770 1443 1838 1463 cum

1017 1489 1082 1509 eam
1097 1482 1154 1509 vim
1173 1481 1246 1508 ferre
1262 1489 1318 1508 non
1335 1482 1442 1515 posset,
1472 1479 1603 1508 celeriter
1625 1487 1745 1508 excusso
1764 1480 1837 1515 jugo

1018 1526 1054 1552 ad
1070 1526 1221 1562 ingenium
1237 1525 1334 1559 rediit,
1351 1527 1438 1560 atque
1453 1524 1545 1552 libera
1561 1526 1702 1560 potestate
1717 1524 1759 1551 uti
1789 1532 1840 1551 vo-

1017 1569 1082 1597 luit.
1102 1571 1173 1597 Cum
1203 1572 1300 1597 autem
1331 1569 1490 1596 Orientalis
1517 1568 1592 1596 male
1621 1577 1652 1596 se
1685 1568 1838 1603 haberent,

1018 1617 1105 1650 atque
1119 1613 1177 1642 alia
1191 1614 1344 1649 desperata
1358 1615 1466 1647 essent,
1484 1612 1541 1640 alia
1556 1612 1752 1649 desperationi
1768 1621 1837 1648 pro-

1017 1657 1137 1693 pinqua,
1155 1657 1337 1693 expeditione
1352 1658 1534 1689 denuntiata,
1551 1657 1771 1693 imperatorium
1793 1659 1838 1685 ta-

1017 1701 1207 1730 bernaculum
1224 1703 1253 1729 in
1269 1702 1387 1738 regione
1402 1701 1527 1730 Orientis
1543 1702 1700 1738 Byzantino
1715 1702 1838 1730 observa

1017 1746 1090 1782 ﬁgit,
1107 1746 1222 1774 duabus
1237 1747 1272 1774 de
1287 1747 1400 1774 causis:
1429 1749 1493 1774 tum
1523 1747 1551 1773 in
1574 1746 1766 1774 Barbarorum
1792 1747 1837 1774 in-

1017 1791 1204 1819 cursionibus
1220 1791 1385 1827 prohibitis,
1401 1790 1600 1824 subditorum,
1616 1793 1760 1826 quantum
1790 1798 1837 1818 res

1016 1835 1134 1869 sineret,
1150 1835 1238 1863 saluti
1254 1835 1438 1863 consuleret:
1454 1838 1517 1863 tum
1535 1839 1566 1863 ut
1579 1834 1680 1872 gloriae
1708 1835 1836 1863 occasio-

1016 1888 1083 1908 nem
1103 1882 1244 1916 captaret,
1272 1888 1323 1907 neo
1351 1880 1545 1915 imperstricis
1574 1880 1766 1915 mancipium,
1786 1880 1835 1907 sed

1017 1919 1247 1960 ipse'imperator
1254 1927 1342 1952 esset.
1355 1924 1466 1952 Relicta
1478 1924 1568 1960 igitur
1581 1926 1668 1960 regia,
1681 1925 1711 1952 in
1735 1925 1836 1952 Orien-

1017 1971 1075 1997 tem
1091 1969 1214 2004 trajecit,
1231 1977 1282 1997 nec
1295 1970 1376 2004 justo
1391 1970 1514 1997 exercitu
1530 1970 1645 2004 educto,
1661 1972 1689 1997 et
1716 1978 1749 1997 eo
1774 1969 1837 2005 ipso

1017 2022 1104 2050 quem
1120 2014 1272 2048 educebat,
1289 2022 1449 2047 armorum,
1465 2022 1607 2049 equorum
1625 2017 1652 2041 et
1673 2019 1771 2041 rerum
1788 2022 1838 2041 ne-

1017 2059 1209 2086 cessariarum
1220 2058 1319 2094 inopia
1331 2058 1569 2086 laborante.Nam
1580 2058 1739 2086 exercitum
1750 2058 1837 2093 longo

1017 2108 1145 2139 tempore
1161 2111 1211 2138 per
1225 2103 1388 2131 socordiam
1406 2102 1582 2138 neglectum,
1600 2103 1697 2130 subito
1713 2102 1743 2129 in
1759 2102 1837 2129 inte-

1016 2156 1101 2184 grum
1119 2148 1232 2176 restitui
1248 2156 1304 2175 non
1320 2147 1488 2183 expeditum
1504 2149 1576 2174 erat.
1595 2146 1734 2174 Militibus
1745 2146 1836 2182 igitur

1017 2193 1071 2220 hoc
1100 2193 1186 2220 modo
1211 2192 1322 2220 affectis
1351 2193 1380 2219 in
1415 2191 1555 2220 Orientali
1585 2191 1743 2227 provincia,
1773 2198 1836 2225 qua:

1017 2237 1147 2273 Phrygiae
1163 2245 1231 2272 pars
1246 2240 1300 2269 est,
1315 2236 1509 2272 congregatis,
1527 2244 1594 2263 cum
1612 2235 1708 2262 hostes
1732 2243 1838 2270 cogno-

1016 2281 1125 2309 vissent
1141 2281 1238 2316 ipsum
1254 2281 1461 2316 imperatorem
1478 2281 1726 2314 adesse,eumque
1736 2278 1837 2313 talem,

1017 2326 1067 2361 qui
1084 2325 1213 2361 pericula
1242 2334 1293 2361 pro
1322 2325 1385 2353 suis
1412 2325 1492 2352 adire
1521 2324 1598 2352 haud
1624 2323 1837 2357 reformidaret,

1015 2370 1112 2397 virum
1130 2369 1299 2397 bellicosum
1323 2373 1350 2397 et
1379 2370 1482 2397 robore
1506 2369 1652 2396 immenso
1679 2368 1834 2404 prmditum

137 2417 182 2445 ρα,
197 2408 223 2435 οἱ
238 2407 350 2436 έναντίοι
381 2409 511 2446 μαθόντες
537 2410 582 2438 τὸν
599 2410 712 2448 βασιλέα
736 2411 837 2439 ὶπιίναι
867 2413 956 2450 σφίσιν

1014 2417 1118 2449 (neque
1133 2414 1222 2447 enim,
1239 2417 1271 2441 ut
1286 2414 1432 2441 exercitus
1459 2421 1490 2440 se
1519 2413 1671 2445 haberent,
1700 2414 1833 2439 accurate

136 2451 236 2485 αὐτὸν,
264 2452 308 2479 καὶ
336 2456 458 2481 τοιοῦτον
489 2454 566 2491 εἶναι,
597 2455 634 2486 ὡς
660 2455 777 2493 ἑτοίμως
805 2456 956 2495 προκινδυ-

134 2495 220 2524 νεύειν
243 2498 297 2524 τῶν
314 2496 453 2532 ὑπηκόων,
478 2498 573 2536 ἀρήϊόν
590 2510 619 2527 τε
637 2500 681 2527 καὶ
704 2501 754 2535 τήν
780 2501 869 2539 ὁρμὴν
893 2501 955 2529 ἀνυ-

132 2540 266 2569 πόστατον
291 2541 334 2577 (τὰ
355 2540 406 2580 γὰρ
429 2543 477 2575 τῆς
503 2546 628 2580 στρατιᾶς
654 2544 728 2576 ὅπως
754 2543 880 2582 διέκειτο,
906 2545 956 2574 οὐκ

1014 2461 1155 2486 noverant
1170 2458 1308 2493 Barbari),
1325 2461 1409 2485 caute
1424 2458 1571 2493 agendum
1596 2465 1660 2485 esse
1684 2457 1750 2490 rati,
1773 2456 1833 2484 acie

1012 2503 1168 2531 decernere
1184 2503 1369 2530 recusabant.
1386 2501 1467 2530 Unde
1481 2501 1617 2529 sultanus
1633 2504 1710 2529 retro
1735 2501 1834 2534 cessit,

1010 2549 1039 2575 et
1047 2548 1162 2576 duabus
1176 2547 1269 2584 partib
1275 2555 1308 2575 us
1318 2547 1354 2574 ab
1364 2546 1491 2574 exercitu
1499 2546 1615 2574 Barbari
1620 2554 1652 2574 oo
1658 2545 1821 2582 segregatis

772 2646 874 2677 Variae
890 2646 1040 2678 lectiones
1054 2649 1085 2678 et
1099 2649 1192 2677 notae.

166 2721 404 2763 (QQLKpa-rﬁpwxl
416 2702 500 2763 IIch
514 2721 610 2751 locum
625 2724 806 2759 explicemus
817 2726 847 2754 in
859 2724 953 2756 Gloss.

134 2757 364 2795 medi-Griaacitin
380 2759 414 2795 ν,
430 2757 572 2795 ποτήριον.

168 2794 223 2836 (Ἱρ)
235 2794 308 2836 ΔΤῆς
323 2792 689 2836 Ippuytaiconstantinus,
706 2796 724 2824 1.
740 2805 752 2836 _i
769 2797 890 2836 Themat.
928 2807 952 2827 ο.

131 2828 158 2864 1,
175 2828 216 2857 ait
227 2828 414 2858 Anatolicum
429 2829 540 2860 Thema
554 2828 720 2862 habitatum
736 2833 828 2862 fuisse
839 2842 955 2871 aiqum-

1010 2736 1067 2764 que
1093 2728 1241 2764 gentibus,
1272 2727 1436 2764 Phrygibus
1465 2727 1608 2760 videlicet,
1631 2726 1829 2764 Lycaonibus,

1010 2763 1131 2798 Isauria,
1148 2763 1340 2800 Pamphyliis,
1355 2769 1382 2791 et
1403 2764 1531 2792 Pisidis:
1561 2763 1746 2800 continuisse
1765 2770 1832 2789 vero

1009 2804 1121 2837 partem
1137 2797 1272 2837 Phrygias
1284 2800 1432 2828 Salutatiaa
1448 2803 1478 2829 et
1490 2799 1621 2836 Phrygia:
1649 2797 1832 2834 Gapatianes,
