2032 3167
209 171 269 202 283

881 165 1046 200 JOANNIS
1067 165 1241 197 ZONARE

1879 164 1961 196 Ξϐι

209 237 329 266 alterius
339 237 430 264 duces
440 236 469 264 in
482 235 640 264 australem
647 237 675 264 et
683 235 864 271 superiorem
875 231 1029 266 Asiam,al-

1084 228 1214 268 ἠκρίϐουν
1235 231 1261 258 οἱ
1286 228 1435 269 Βάρϐαροι)
1463 229 1590 264 εὐλαϐῶς
1619 233 1708 271 εἰχον,
1738 232 1785 260 καῖ
1814 231 1961 260 ὤκνουν

209 282 344 310 teriusin
368 281 576 316 Aquilonarem
602 281 776 308 contendere
793 280 893 314 jussit.
914 279 932 306 li
949 277 1033 306 obvia

209 335 332 364 quaeque
344 327 486 362 populati,
499 334 531 353 ac
542 328 728 354 Neocszsarea
753 325 852 353 subita
866 323 1033 352 incursione

208 374 322 399 vastata
332 371 481 398 manubiis
492 379 595 406 graves
606 370 674 398 inde
686 369 946 402 recesserunt.0uo
955 376 1033 395 nun-

209 417 250 444 tio
262 415 551 451 accept0,imperntor
561 414 673 446 dolens,
685 413 914 449 expeditioribus
930 411 1033 440 militi-

210 461 266 488 bus
273 458 651 496 assumptis,perlocainvia
657 461 684 486 et
692 461 824 486 montosa
831 456 1033 493 perﬁciscitur,

211 508 243 532 ut
254 506 350 532 hostes
360 505 643 535 anteverteret.Quos
653 511 687 530 ex
698 503 855 538 improviso
866 510 1033 538 aggressus,

211 548 409 585 perterrefecit
420 556 532 582 omnes,
546 548 696 582 utstatim,
712 549 826 582 arrepta
839 547 916 582 fuga,
934 545 992 573 illic
1007 546 1035 573 et

211 594 339 629 przedam
350 596 378 621 et
401 593 612 628 impedimenta
628 591 834 627 relinquerent.
850 593 912 618 Non
935 593 1034 618 tamen

210 638 403 666 Barbarorum
416 645 522 673 magna
531 639 645 672 strages
657 636 782 664 est219
792 635 879 669 edita,
889 634 966 670 quod
980 634 1034 661 mi-

207 682 384 710 litesitinere
396 681 641 718 fatigati,longius
649 689 698 708 eos
707 680 839 716 persequi
850 679 927 707 haud
936 681 1036 715 potae-

209 730 288 756 runt.
302 726 411 763 Captivi
422 729 531 761 tamen,
543 728 572 752 et
582 725 606 753 si
625 725 694 760 quid
708 725 785 752 aliud
796 724 923 760 prmdam
936 723 1034 759 exple-

208 773 266 805 bat,
279 772 308 798 in
321 771 484 799 libertatem
495 772 608 798 asserta
620 769 876 796 suntomnia.lnde
885 768 1035 805 Syriaaiter

207 817 373 851 ingressus,
390 814 537 851 phalange
554 822 611 841 una
626 812 791 841 Melitenam
810 813 913 847 missa,
930 812 1033 840 Chale-

207 869 277 896 pum
295 867 432 895 magnam
448 861 476 886 et
491 858 644 886 hominum
660 861 689 886 et
705 858 899 885 animantium
910 858 1033 893 predum

208 904 412 933 abduxit.lnde
421 902 777 949 rHierapolim»Sy;r-ia3,cum
790 902 1031 949 obsidionem_pa-
1048 917 1072 949 Β

207 951 351 985 raret,per
361 948 538 976 deditionem
548 947 750 983 capit.Deinde
758 955 824 974 cum
839 946 956 974 Barbari
974 946 1029 974 Ro-

207 1001 361 1020 manarum
374 992 523 1028 copiarum
534 994 646 1027 partem
655 993 1029 1027 superassent,ceterorum

207 1045 293 1065 nemo
308 1037 367 1065 illis
382 1045 467 1072 opem
485 1037 558 1064 ferre
572 1036 697 1068 studuit,
722 1036 773 1063 sed
799 1036 957 1072 imperator
980 1035 1030 1064 illo

206 1084 310 1110 eventu
325 1081 452 1118 cognito,
469 1080 497 1108 in
520 1083 605 1116 capta
635 1081 704 1108 urbe
733 1080 852 1116 degens,
879 1080 1030 1108 celerrime

205 1126 293 1154 victis
306 1126 459 1162 suppetias
471 1125 532 1152 ivit.
543 1125 661 1160 Chalepi
671 1127 767 1153 autem
793 1125 956 1161 praefectus,
973 1125 1028 1153 Ro-

207 1178 362 1198 manorum
378 1170 460 1197 clade
469 1169 615 1205 nuntiata,
629 1171 656 1197 et
666 1169 729 1205 ipse
739 1177 806 1198 cum
818 1169 882 1197 suis
889 1169 982 1205 copiis
993 1169 1029 1197 ad

206 1215 350 1242 Barbaros
365 1213 496 1245 descivit,
511 1221 633 1250 sperans
648 1221 679 1241 se
696 1214 899 1250 imperatorem
929 1213 1028 1241 statim

206 1258 355 1294 captivum
375 1258 582 1286 abducturum.
592 1258 663 1286 Cum
675 1261 772 1286 autem
787 1258 919 1286 Romana
933 1260 1030 1285 castra

206 1311 314 1331 corona
323 1302 597 1336 circumdedissent,
612 1302 780 1338 imperator,
798 1302 896 1338 pretio
912 1302 954 1330 eis
971 1310 1028 1329 non

206 1347 388 1382 denuntiato,
405 1347 505 1374 eduxit
520 1347 691 1379 exercitum,
721 1349 750 1374 et
780 1346 860 1374 nullo
889 1346 1028 1374 tubarum

205 1392 315 1422 sonitu.
332 1391 411 1419 nullo
423 1391 479 1418 alio
490 1391 645 1420 manifesto
657 1391 742 1427 signo
751 1391 830 1424 dato,
846 1391 944 1418 hostes
960 1399 1028 1426 pro-

205 1436 320 1472 ﬂigatos
337 1436 365 1463 in
382 1437 480 1472 fugam
497 1436 631 1471 coniecit.
648 1436 728 1468 Quod
744 1436 768 1463 si
784 1437 934 1463 Romanus
948 1443 1028 1462 exer-

205 1481 281 1508 citus
297 1480 414 1517 longius
437 1479 504 1508 illos
528 1482 700 1516 persecutus
720 1482 807 1512 esset,
832 1480 953 1508 victoria
976 1488 1028 1515 po-

203 1526 277 1554 titus
295 1529 372 1553 esset
388 1525 517 1553 maxima
533 1527 561 1552 et
575 1524 694 1552 illustri.
710 1525 783 1552 Nam
801 1524 943 1552 Arabibus
960 1524 1028 1559 equi

203 1573 273 1598 sunt
289 1571 384 1606 primo
399 1570 510 1605 impetu
526 1569 637 1597 veloces
653 1571 740 1604 atque
756 1569 888 1596 omnium
909 1569 1027 1597 celerri-

1086 275 1154 302 κατὰ
1169 273 1302 310 συστάδην
1319 275 1500 314 μαχέσασθαι.
1527 277 1619 305 Ἔνθεν
1638 287 1681 305 τοι
1709 277 1724 305 ὁ
1752 277 1800 314 μὲν
1831 274 1960 304 Σουλ-

1086 320 1134 346 τὲν
1151 319 1188 350 εἰς
1199 320 1322 348 τούπίσω
1343 320 1478 356 πεποίητο
1494 322 1543 356 τήν
1561 322 1662 360 ὁρμὴν,
1693 321 1741 350 δύο
1766 321 1795 350 δὶ
1823 320 1960 358 μοίρας

1086 367 1136 398 τῆς
1166 362 1335 402 βαρϐαρικῆς
1358 364 1457 393 διελὼν
1491 369 1627 404 στρατιᾶς,
1649 367 1698 401 τὴν
1727 367 1776 404 μὶν
1803 366 1853 398 εἷς
1889 366 1958 399 τήν

1087 409 1248 447 νοτιωτέραν
1279 410 1370 437 Ἀσίαν
1401 410 1450 444 τὴν
1481 411 1545 445 ἅνω,
1573 411 1623 446 τήν
1650 410 1678 439 δὲ
1706 412 1775 450 πρὸς
1790 412 1846 446 τὴν
1889 411 1959 447 βο·

1089 454 1225 491 ρειοτέραν
1263 455 1383 492 ὁρμῆσαι
1411 457 1470 487 τοῖς
1499 458 1667 493 προεστῶσιν
1701 456 1791 484 αὐτῶν
1820 454 1955 483 ἐνετεί-

1088 497 1165 526 λατο.
1196 497 1230 527 O'i
1263 498 1382 530 ἐπιόντες
1408 499 1442 527 τὰ
1465 499 1655 538 προστυχόντο
1683 511 1712 528 τε
1742 498 1954 537 ληϊζόμενοι,

1087 543 1137 577 τήν
1165 543 1394 581 Νεοκαισάρειαν,
1425 543 1561 581 αἰφνίδιον
1592 544 1795 576 ἐπεισπεσόντες
1823 545 1920 581 αὐτῇ
1939 567 1950 580 ,

1090 587 1281 624 έξεπόρθησαν,
1316 587 1361 615 καὶ
1401 586 1529 627 λαφύρων
1567 587 1780 625 ἐμπλησθέντες,
1816 589 1952 616 ἐκεῖθεν

1089 631 1250 669 έπανῂεσαν.
1292 634 1379 660 Τοῦτο
1417 635 1457 669 τῷ
1495 632 1604 671 βασιλεῖ
1638 633 1768 671 ἀγγελθὶν
1798 633 1947 670 ἀθυμίαν

1089 675 1227 712 ἐνέσταξε,
1265 677 1310 704 καὶ
1347 677 1411 708 τοὺς
1453 677 1649 715 εὐζωνοτέρους
1689 676 1832 706 ἀναλαϐὼν
1874 679 1946 705 τοῦ

1089 721 1300 758 στρατεύματος,
1327 721 1420 758 ἀπῄει,
1447 720 1491 749 διὰ
1514 719 1653 750 δυσϐάτων
1679 721 1749 750 ὁδῶν
1770 722 1815 750 καὶ
1832 723 1943 759 ὁρῶν,

1089 766 1187 804 φθάσαι
1214 766 1277 796 τοὺς
1305 765 1422 804 ἐχθροὺς
1454 766 1642 803 ἐπειγόμενος.
1672 767 1717 798 Ὠς
1746 767 1792 794 οὗν
1822 767 1941 798 αὐτοῖς

1089 809 1205 844 ἐπῆλθεν
1236 808 1388 845 ἀδόκητος,
1419 809 1457 842 εἷς
1492 810 1587 838 πτοίαν
1616 808 1742 839 ἐνέϐαλεν
1771 812 1900 843 ἅπαντας
1923 833 1935 848 ,

1087 854 1132 882 καὶ
1160 855 1229 892 πρὸς
1256 853 1375 892 δρασμὸν
1406 853 1515 882 ἀπεῖδον
1531 854 1617 891 εὐθὺς,
1647 856 1733 883 αὐτοῦ
1761 866 1814 883 που
1830 867 1932 884 κοιτα-

1088 897 1222 932 λιπόντες,
1251 899 1295 926 καὶ
1321 900 1371 934 τὴν
1400 898 1475 927 λείαν
1500 899 1545 927 καὶ
1569 900 1620 934 τὴν
1639 899 1805 936 ἀποσκευήν.
1823 901 1927 938 Moeri

1090 944 1136 980 μὶν
1163 942 1208 971 οὖν
1234 945 1288 970 τῶν
1306 943 1453 981 Βαρβάρων
1471 943 1502 971 οὐ
1517 945 1586 971 πάνυ
1599 954 1627 972 τι
1640 944 1743 983 γέγονε,
1770 948 1824 972 τῶν
1850 945 1922 983 περὶ

1085 988 1131 1016 τὸν
1158 987 1270 1026 βασιλέα
1293 987 1497 1015 κεκοπιακότων
1531 988 1561 1016 ἐκ
1587 992 1636 1024 τῆς
1663 988 1835 1027 ὁδοιπορίας,
1867 991 1915 1018 καὶ

1086 1033 1124 1070 μὴ
1142 1032 1206 1060 οἶίων
1220 1043 1250 1060 τε
1262 1030 1346 1060 ὄντων
1372 1031 1479 1060 διώκειν
1508 1032 1551 1060 έπὶ
1580 1032 1665 1061 πολύ.
1691 1034 1725 1063 Οἱ
1749 1035 1844 1070 μέντοι
1860 1034 1911 1070 λη-

1084 1078 1192 1117 φθέντες
1220 1076 1398 1115 αἴχμάλωτοι
1426 1077 1471 1105 καὶ
1496 1076 1523 1105 εἴ
1543 1088 1569 1105 τι
1593 1075 1683 1115 ἕτερον
1711 1077 1838 1116 ἐπλήρου
1862 1079 1906 1114 τήν

1085 1121 1171 1156 λείαν,
1209 1122 1350 1159 ξύμπαντα
1377 1122 1576 1160 ἠλευθέρωντο.
1610 1123 1726 1156 Ἐκεῖθεν
1756 1127 1806 1159 τῆς
1842 1125 1909 1162 πρὸς

1085 1166 1183 1202 Συρίαν
1220 1166 1310 1204 ἥψατο
1346 1166 1512 1204 ἀπαγούσης,
1551 1167 1596 1195 καὶ
1627 1167 1755 1207 φάλαγγα
1791 1168 1840 1205 μὲν
1873 1169 1913 1200 εἲς

1085 1210 1242 1246 Μελιτηνὴν
1269 1209 1464 1246 ὶξαπέστειλεν,
1493 1212 1574 1244 αὐτὸς
1602 1211 1632 1240 δὲ
1671 1212 1709 1244 εἲς
1745 1213 1778 1241 τὸ
1813 1213 1912 1241 Χάλεπ

1083 1256 1220 1292 ὁρμήσας,
1258 1254 1369 1290 πολλὴν
1405 1256 1529 1293 ἀπήγαγε
1566 1255 1640 1284 λείαν
1679 1257 1830 1293 ἀνθρώπων
1865 1257 1913 1285 καὶ

1084 1300 1160 1334 ζώων
1200 1298 1304 1328 ἄλλων.
1333 1299 1458 1327 Κάκεῖθεν
1485 1301 1524 1333 εἷς
1547 1300 1699 1340 Ἱεράπολιν
1728 1305 1778 1337 τῆς
1808 1302 1912 1340 Συρίας

1082 1343 1207 1382 ἐγένετο,
1235 1344 1279 1371 καὶ
1310 1343 1468 1381 πολιορκεῖν
1496 1344 1676 1383 ἐπιχειρήσας
1703 1345 1810 1381 αὐτὴν,
1838 1347 1913 1382 ὁμο-

1083 1387 1162 1426 λογίᾳ
1195 1389 1244 1422 τὴν
1276 1387 1355 1416 πόλιν
1393 1387 1555 1426 παρὲκαϐεν.
1585 1390 1650 1417 Εἶτα
1675 1401 1730 1418 των
1761 1388 1912 1429 Βαρϐάρων

1083 1433 1245 1469 ἐπιθεμένων
1276 1432 1351 1470 μέρει
1390 1436 1440 1467 τῆς
1477 1434 1633 1470 Ῥωμαϊκῆς
1677 1437 1823 1470 στρατιᾶς,
1865 1435 1912 1462 καὶ

1081 1476 1254 1513 ἡττησάντων
1284 1477 1360 1512 αὐτὸ,
1387 1476 1476 1509 οὐδεὶς
1499 1480 1552 1506 τῶν
1564 1477 1657 1507 ἄλλων
1686 1479 1723 1510 εἷς
1751 1479 1912 1516 ἐπικουρίαν

1081 1524 1134 1549 τῶν
1166 1521 1331 1558 ἡττημάνων
1363 1522 1484 1559 γενέσθαι
1522 1525 1714 1560 προεθυμήθη.
1756 1527 1784 1553 Ὁ
1813 1523 1841 1552 δέ
1881 1535 1915 1562 γε

1085 1566 1212 1605 βασιλεὺς
1241 1565 1315 1594 ἔνδον
1343 1570 1393 1602 τῆς
1422 1565 1574 1598 ἑαλωκυίας
1604 1567 1712 1599 πόλεως
1734 1566 1782 1602 ὣν,
1809 1569 1855 1596 καὶ
1879 1569 1912 1596 τὸ

202 1615 254 1650 mi,
270 1615 321 1643 sed
337 1622 457 1642 cursum
469 1622 526 1642 non
536 1613 621 1649 longe
635 1613 805 1647 extendunt,
819 1613 1028 1649 celerrimeque

1084 1609 1188 1647 συμϐὰν
1223 1611 1359 1649 ἐγνωκὼς,
1392 1611 1535 1649 ταχύτπτα
1565 1611 1632 1648 μετὰ
1655 1615 1710 1640 τῶν
1739 1613 1801 1651 περὶ
1830 1612 1911 1640 αὐτὸν

202 1659 372 1695 fatigantur.
390 1658 496 1686 Verum
514 1657 649 1691 revocati,
665 1660 696 1685 ut
725 1659 824 1686 hostes
850 1666 906 1686 non
932 1665 1028 1694 perse-

203 1703 317 1738 quendo
335 1705 555 1736 conservarunt,
574 1703 614 1730 ita
630 1703 804 1738 semetipsos
829 1710 935 1738 magno
961 1710 1027 1730 suc-

202 1755 286 1775 cessu
297 1749 326 1774 et
336 1747 427 1781 gloria
436 1747 611 1782 spoliarunt.
624 1747 795 1782 Imperatori
806 1747 1027 1774 tamenabunde

200 1792 307 1826 visum,
324 1792 402 1827 quod
420 1791 542 1819 Romani
559 1791 659 1818 hostes
677 1791 813 1818 invadere
828 1791 891 1818 ausi
916 1794 1026 1826 essent,

200 1841 326 1877 pristina
337 1840 497 1868 timiditate
508 1839 634 1874 abjecta.
647 1839 834 1875 Imperatoris
855 1840 941 1874 jussu
959 1840 1027 1868 Hie-

200 1885 363 1920 rapolitana
374 1893 424 1912 arx
435 1884 555 1911 condita
566 1884 655 1911 estJn
668 1891 822 1919 progressu
835 1883 903 1912 aliis
911 1884 1026 1920 oppidis

200 1928 304 1964 captis,
321 1928 386 1956 aliis
402 1928 480 1964 quod
505 1927 745 1963 inexpugnabilia
772 1931 880 1960 essent,
906 1928 1025 1962 relictis,

200 1973 230 2000 in
247 1972 351 2000 Cilicia
369 1973 469 2000 urbem
487 1971 694 1999 Alexandriam
711 1972 851 2007 pervenit.
868 1972 948 2000 Unde
963 1973 1026 2001 dis-

199 2018 313 2046 cedenti
331 2017 484 2045 nuntiatur
498 2017 650 2044 Amorium
667 2016 767 2045 multis
782 2017 886 2045 occisis
902 2026 966 2045 esse
982 2018 1025 2045 di-

196 2065 325 2098 reptum.
342 2062 423 2095 Quod
439 2061 494 2089 etsi
511 2069 585 2097 aegre
602 2061 722 2094 ferebat,
740 2064 839 2089 tamen
855 2070 922 2090 cum
952 2062 1024 2089 nihil

196 2108 260 2143 opis
277 2107 350 2134 ferre
361 2108 469 2143 posset,
483 2105 630 2134 militibus
641 2106 670 2133 in
681 2106 805 2134 hiberna
813 2106 958 2140 deductis,
975 2107 1024 2134 ubi

197 2153 279 2180 nulla
290 2151 575 2187 commeatusinopia
590 2154 801 2188 premerentur,
814 2152 876 2188 ipse
887 2153 915 2179 in
924 2152 1025 2180 urbem

196 2198 306 2234 regiam
323 2198 488 2230 revertitur,
506 2198 602 2224 factus
624 2198 818 2233 arrogantior,
835 2198 918 2233 quasi
943 2197 1026 2232 plura

196 2242 379 2277 confecisset,
396 2249 453 2269 non
483 2249 552 2276 erga
587 2241 659 2269 alios
690 2242 843 2273 duntaxat,
874 2242 924 2269 sed
955 2251 1025 2278 erga

1082 1655 1120 1687 εἲς
1133 1655 1241 1694 ἀρωγὴν
1270 1658 1325 1683 τῶν
1359 1656 1519 1692 ἡττημένων
1543 1656 1694 1694 ἐξώρμησε.
1724 1657 1823 1690 Μαθὼν
1841 1657 1871 1685 δὲ
1896 1658 1911 1685 ὁ

1080 1699 1128 1728 τοῦ
1159 1699 1255 1728 Χάλεπ
1274 1700 1450 1737 ἡγεμονεύων
1477 1701 1526 1735 τήν
1555 1703 1610 1729 τῶν
1637 1701 1781 1737 Ῥωμαίων
1811 1702 1908 1738 ἧτταν,

1081 1745 1227 1782 προσέθετο
1255 1744 1300 1772 καὶ
1329 1745 1411 1777 αὐτὸς
1438 1747 1497 1776 τοῖς
1527 1744 1626 1777 ἄλλοις
1660 1743 1810 1784 Βαρϐάροις
1841 1746 1911 1783 μετὰ

1080 1793 1130 1824 τῆς
1157 1789 1257 1820 οἰκείας
1281 1789 1369 1824 πάσης
1400 1788 1558 1826 δυνάμεως,
1592 1789 1688 1819 αὐτίκα
1717 1790 1762 1818 τὸν
1790 1790 1908 1828 βασιλέα

1080 1833 1241 1871 προσδοκῶν
1276 1833 1426 1871 ἀπαγαγεῖν
1466 1832 1652 1872 δορυάλωτον.
1692 1835 1741 1864 Καὶ
1770 1836 1801 1863 τὸ
1839 1836 1908 1862 Ῥω-

1083 1879 1180 1916 μαῖκὸν
1207 1877 1301 1914 κύκλῳ
1331 1876 1511 1916 στρανόπεδον
1539 1877 1714 1917 περιέλαϐον.
1742 1881 1772 1909 ‘0
1812 1880 1907 1916 μέντοι

1083 1922 1210 1962 βασιλεὺς
1247 1923 1398 1959 ἀκήρυκτον
1437 1923 1528 1954 αὐτοῖς
1556 1924 1606 1958 τήν
1635 1925 1728 1962 μάχην
1754 1924 1907 1962 ἐπενεγκὼν

1082 1968 1165 2005 (ἐξῄει
1187 1967 1238 2005 γὰρ
1261 1969 1310 1995 τοῦ
1343 1968 1464 2005 χάρακος
1489 1967 1533 1995 καὶ
1558 1968 1588 1995 τὸ
1610 1979 1765 2006 στρατευμα
1794 1970 1910 2005 ζυνεεή-

1081 2023 1159 2050 γαγε,
1188 2013 1258 2048 μήτε
1287 2011 1442 2050 σαλπίγγων
1470 2013 1618 2049 γενομένης
1642 2014 1729 2050 ἠχῆς,
1761 2016 1825 2050 μηθ’
1852 2014 1910 2041 ἑτέ-

1081 2067 1129 2094 ρου
1151 2055 1284 2092 διαδήλου
1309 2056 1493 2093 συνθήματος)
1523 2056 1653 2094 ἒτρέψατο
1677 2057 1742 2088 τοὺς
1759 2057 1908 2093 ἐναντίους,

1079 2106 1124 2133 καὶ
1149 2105 1187 2137 εἰς
1212 2105 1300 2144 φυγὴν
1327 2105 1479 2142 ἠνάγκασεν
1504 2104 1621 2133 ἀπιδεῖν.
1644 2106 1676 2133 El
1697 2108 1763 2145 γοῦν
1787 2105 1908 2134 ἐπιπολὺ

1079 2151 1110 2178 τὸ
1138 2149 1291 2187 Ῥωμαϊκὸν
1314 2148 1442 2185 ἰπεδίωξε
1464 2151 1636 2187 στράτευμα,
1659 2150 1735 2186 νίκην
1759 2149 1788 2178 ἂν
1818 2149 1906 2189 ἤρατο

1082 2195 1213 2232 μεγίστην
1238 2194 1282 2222 καὶ
1299 2192 1474 2232 περιϐόητον.
1491 2196 1524 2224 Οἱ
1547 2195 1599 2233 γὰρ
1622 2193 1704 2222 ’ίπποι
1718 2197 1777 2226 τοῖς
1805 2196 1906 2234 ’Ἄραψι

1078 2242 1173 2278 ταχεῖς
1204 2240 1251 2276 μέν
1269 2239 1320 2266 εῗσι
1334 2239 1383 2273 την
1399 2239 1511 2276 πρώτην
1529 2239 1630 2277 ὁρμὴν.
1651 2239 1695 2267 καὶ
1716 2242 1771 2268 τῶν
1800 2240 1905 2268 λοιπῶν

194 2287 291 2322 ipsam
307 2286 395 2314 etiam
413 2285 640 2321 imperatrioem.
655 2284 707 2313 Illa
724 2294 789 2313 vero
805 2293 887 2321 spem
899 2294 982 2313 suam
995 2286 1024 2313 in

1082 2283 1293 2318 ποδωκέστατοι,
1319 2283 1369 2310 οὐκ
1393 2282 1436 2310 ἰπὶ
1461 2283 1533 2311 πολὺ
1560 2283 1589 2310 δὲ
1618 2284 1665 2311 τὸν
1690 2281 1791 2321 δρόμον
1821 2284 1906 2312 ἐκτεί-

197 2330 378 2358 contrarium
395 2330 517 2357 vertisse
537 2338 673 2363 cernens,
700 2333 800 2357 moesta
829 2337 879 2356 cor
906 2329 1021 2364 edebat,

197 2382 250 2401 nec
269 2373 487 2409 objurgationes
503 2374 580 2401 l'erre
597 2376 718 2409 poterat.

1078 2339 1193 2362 νουσιν,
1224 2327 1286 2355 ἀλλ’
1314 2327 1491 2354 ἀποκναίουσι
1519 2327 1637 2365 τάχιστα
1653 2351 1661 2363 ,
1693 2328 1906 2364 Ἀνακληθέντες

1079 2372 1118 2407 δὲ,
1152 2373 1197 2400 καὶ
1229 2375 1279 2407 τῆς
1312 2370 1430 2407 διώξεως
1459 2371 1658 2410 ἀποσχόμενοι,
1685 2373 1748 2404 τοὺς
1773 2373 1906 2404 ἐναντίους

198 2416 375 2454 περιέσωσαν,
400 2416 511 2448 ἑαυτοὺς
539 2416 567 2444 δὲ
597 2415 719 2453 μεγάλου
746 2416 958 2454 κατορθώματος
985 2417 1030 2445 καὶ
1056 2416 1178 2448 εὐκλείας
1207 2416 1360 2455 ἰστέρησαι.
1389 2418 1487 2453 ’Όμως
1516 2417 1554 2452 τῷ
1586 2416 1703 2455 βασιλεῖ,
1733 2418 1775 2445 ὃτι
1792 2417 1907 2450 ’ὀλῶςοὶ

198 2461 329 2497 Ῥωμαῖοι
368 2463 426 2492 τοῖς
463 2461 576 2499 ἐχθροῖς
614 2460 763 2487 ἀντεπιέναι
803 2460 1004 2499 ἀπεθάρῥησαν,
1047 2463 1092 2490 καὶ
1126 2463 1157 2490 τὸ
1195 2461 1268 2489 πολὺ
1305 2462 1356 2496 τῆς
1383 2461 1480 2500 πρώην
1511 2460 1615 2494 δειλίας
1643 2462 1783 2497 ἀπέθεντο,
1807 2462 1905 2500 ἀρκοῦν

198 2503 286 2533 ἐδόκει
313 2505 467 2543 εὐτύχημα.
496 2505 643 2541 Ἐνῴκιστο
673 2503 702 2531 δὲ
729 2505 779 2539 τῆς
809 2505 989 2543 Ἰεραπόλεως
1019 2509 1036 2542 ἡ
1071 2505 1232 2545 ἀκρόπολις,
1267 2507 1315 2534 τοῦ
1353 2506 1488 2544 βασιλέως
1524 2506 1732 2544 προστάξαντος.
1770 2507 1817 2535 Καὶ
1851 2505 1908 2534 ἑτέ-

200 2560 257 2588 ροις
287 2548 315 2577 δὲ
342 2550 506 2587 πολίσμασιν
536 2548 670 2583 ἐπελθὼν,
699 2549 743 2576 καί
771 2550 804 2576 τὰ
835 2550 881 2586 μὲν
912 2549 957 2578 διὰ
987 2552 1018 2579 τὸ
1059 2551 1199 2578 ἀνάλωτον
1239 2549 1395 2589 παρελθὼν,
1431 2551 1466 2578 τὰ
1503 2549 1532 2578 δὶ
1569 2551 1726 2589 κατασχὼν,
1760 2552 1798 2582 είς
1824 2550 1906 2578 πόλιν

198 2596 248 2629 τῆς
277 2594 410 2629 Κιλικίας,
439 2595 488 2628 τήν
527 2592 704 2631 Ἀλέξανδρον
745 2593 910 2631 λεγομένην,
944 2597 1107 2631 κατήντησε.
1149 2595 1274 2623 Κάκεῖθεν
1312 2594 1420 2622 ἀπιόντι
1459 2594 1728 2633 λαφυραγωγηθῆναι
1768 2596 1800 2623 τὸ
1825 2595 1909 2632 Ἀμό-

198 2651 256 2678 ριον
284 2639 486 2678 διαγγέλλεται,
515 2639 559 2666 καὶ
583 2640 728 2674 κτανθῆναι
757 2639 893 2671 πολλοὺς.
928 2640 1111 2680 Ἐδυσφόρησε
1139 2641 1186 2677 μὶν
1215 2640 1260 2668 οὖν
1285 2641 1353 2678 πρὸς
1378 2642 1462 2668 ταῦτα
1478 2641 1492 2668 ὁ
1510 2640 1646 2678 βασιλεὺς,
1665 2641 1703 2678 μή
1718 2640 1867 2678 δυνάμενος
1883 2633 1912 2668 δ’

197 2685 330 2722 ἐπαμῦναι
360 2687 417 2715 τοῖς
442 2683 600 2717 πεπονθόσι,
627 2684 662 2710 τὰ
690 2684 750 2721 περὶ
781 2684 827 2711 τὸν
857 2685 960 2712 οἰκεῖον
988 2696 1100 2723 στρατυν
1131 2685 1393 2722 οἰκονομησάμενος,
1420 2684 1466 2712 ’ίνα
1491 2686 1541 2719 τὴν
1579 2687 1627 2713 τοῦ
1664 2688 1803 2723 χειμῶνος
1836 2685 1907 2721 ὥραν

200 2728 330 2760 ἁνενδεῶς
345 2731 398 2756 τῶν
416 2727 568 2765 ἀναγκαίων
583 2727 766 2766 παρέλθωσιν,
782 2729 862 2760 αὐτὸς
877 2729 920 2757 ἐπὶ
936 2731 986 2764 τήν
1005 2729 1133 2768 βασιλίδα
1147 2733 1199 2758 τῶν
1216 2730 1324 2758 πόλεων
1341 2729 1503 2764 ἐπανῆλθεν,
1519 2729 1754 2767 ἀλαζονικώτερον
1770 2729 1907 2765 διακείμε-

199 2785 244 2805 νος
261 2775 297 2805 ὡς
311 2774 382 2812 τάχα
397 2772 584 2810 κατωρθωκὼς
604 2772 702 2807 πλείω,
720 2773 751 2800 οὐ
768 2773 850 2810 μόνον
876 2775 943 2812 πρὸς
955 2774 1018 2806 τοὺς
1033 2773 1148 2808 ἄλλους,
1164 2775 1235 2803 ἀλκὰ
1247 2774 1292 2802 καὶ
1307 2775 1374 2813 πρὸς
1389 2775 1472 2810 αὐτὴν
1485 2775 1536 2809 τὴν
1554 2774 1725 2813 βασίλισσαν.
1741 2775 1772 2803 Ἣ
1791 2773 1820 2801 δὶ
1836 2772 1906 2810 πρὸς

197 2818 354 2846 τούναντίον
369 2818 436 2855 αὐτῇ
454 2818 501 2848 τὰς
515 2815 626 2849 ἐλπίδας
639 2818 785 2856 τραπείσας
799 2821 977 2855 καταννοῦσα,
994 2818 1166 2860 ἐδυσχέραινε
1190 2819 1235 2848 καὶ
1257 2819 1306 2855 τὴν
1331 2817 1443 2859 καρδίαν
1469 2819 1542 2858 εἶχεν
1571 2817 1750 2854 οἲδαίνουσαν,
1774 2818 1823 2850 τὰς
1847 2817 1909 2846 ἐπι·

200 2862 313 2902 πλήξεις
329 2864 369 2902 μὴ
382 2862 524 2903 στέγουσα.
