2032 3167
119 150 182 182 265

759 149 964 182 ANNALIUM
987 150 1060 182 LIB.
1082 151 1191 183 ΧἮΠ.

1768 153 1829 184 266

159 217 195 245 ῐΒ
205 237 211 245 .
226 216 307 254 Ἀρτι
322 214 347 244 δ’
360 214 532 254 ἃναλάμπιιν
548 216 689 255 ἦργμένου
703 217 752 244 τοῦ
767 214 856 254 ἔαρος,
871 215 947 249 αὖθις

1041 218 1103 246 XII.
1120 218 1180 246 Sub
1189 218 1267 247 veris
1281 219 1399 247 initium
1414 218 1574 255 imperator
1600 219 1692 248 altera
1714 220 1830 255 expedi-

123 262 138 289 ὖ
163 260 289 300 βασιλεὺς
317 260 407 299 ἑτέρας
431 260 602 300 ἐκστρατείας
626 260 775 298 ἐμέμνητο.
807 259 949 297 Ἐκδημή-

122 316 173 337 σας
202 305 290 334 τοίνυν
313 307 363 341 τῆς
389 304 551 341 Βυζαντίδος
576 306 621 334 καὶ
647 306 794 343 γενόμενος
816 305 854 336 εἷς
883 307 948 334 Και-

123 351 244 389 σάρειαν,
270 349 353 388 ἔμαθε
382 350 512 389 Τούρκων
539 350 648 386 πλῆθος
675 350 746 379 πολὺ
773 349 948 388 κατατρέχειν

121 396 174 430 τὴν
189 396 294 434 χώραν,
317 396 361 423 καὶ
383 396 491 427 τούτοις
515 399 553 431 πῆ
580 396 628 433 μὲν
657 396 738 433 μέρος
758 396 808 430 τῆς
823 398 949 433 στρατιᾶς

121 439 265 480 ἐπαφιεὶς,
295 444 333 475 πῆ
364 439 392 468 δὲ
420 440 465 468 καὶ
495 440 578 472 αὐτὸς
608 438 788 477 συμϐάλλων,
819 439 948 478 ἐτρέψατο

121 485 188 516 τοὺς
205 484 333 523 ἐχθροὺς,
357 485 402 513 καὶ
428 485 491 516 τοὺς
517 485 705 523 ζωγρηθέντας
727 487 766 521 τῷ
782 484 851 523 ξίφει
880 484 950 512 πάν-

121 540 172 561 τας
204 530 348 568 ὑπαγαγὼν
378 530 446 567 πρὸς
475 530 520 557 τὸν
551 530 696 569 Εὐφράτην
723 529 802 556 ἐτίθει
835 529 865 556 τὸ
904 528 948 565 δρ-

125 585 216 611 μημα.
239 574 293 603 Τὸν
318 575 410 611 μέντοι
436 573 586 611 Φῑλάρετον
610 574 760 612 στρατηγὸν
789 571 948 612 προϐαλλό-

125 629 207 656 μενος
220 621 262 656 (ἦν
285 617 314 647 δὲ
333 621 382 646 τοῦ
411 619 577 657 Βραχαμίων
606 619 683 657 γένου
713 619 726 645 ὁ
756 618 838 656 ἀνὴρ,
861 616 947 645 δοκῶν

125 664 174 700 μὶν
211 664 278 702 πρὸς
314 664 511 700 στρατιωτικὴν
547 663 689 701 ἐμπειρίαν
730 663 830 694 ἱκανῶς
861 660 947 701 ἐχειν,

125 707 186 746 βίου
203 707 231 736 δὲ
244 709 389 746 τυγχάνων
406 708 456 736 οὐκ
471 709 584 746 ἀγαθοῦ,
601 707 664 736 ἀλλ’
686 707 851 746 ἀντιρρόπου
879 706 947 734 πάνυ

122 753 194 791 πρὸς
209 753 258 788 τὴν
275 751 376 788 κλῆσιν
400 753 505 790 αὐτοῦ),
519 752 609 789 τούτῳ
623 753 654 780 τὸ
669 752 755 789 ἥμισυ
779 750 947 790 παραδίδωσι

122 800 172 825 τοῦ
188 797 399 835 στρατεύματος,
425 797 505 829 αὐτὸς
530 796 553 824 δ’
583 797 711 825 ἀπένευσε
739 797 807 835 πρὸς
835 796 869 824 τὰ
898 796 947 834 βο-

123 842 256 880 ρειότερα.
287 843 354 873 Τοῖς
374 840 403 870 δὲ
433 841 499 879 μετὰ
525 843 574 870 τοῦ
600 840 752 879 Φιλαρὲτου
778 840 948 880 ἐπιφανέντες

123 888 152 915 οἱ
168 885 302 925 Βάρῆαροι
327 887 423 914 πτοίαν
448 884 590 921 ἐνέϐαλον,
615 886 660 913 καὶ
688 885 752 917 τοὺς
773 886 874 917 τόπους
898 895 946 912 κα-
963 905 986 937 Β

120 930 293 966 ταλιποῢσιν,
324 930 369 962 οὓς
394 930 538 970 φυλάττειν
564 931 730 968 ὡρίσθησαν,
757 930 801 957 καὶ
832 929 870 961 είς
898 940 947 968 φυ-

121 976 175 1014 γὴν
203 978 343 1013 τραπεῖσιν
358 974 467 1003 εἵποντο
484 976 510 1002 οἱ
532 974 674 1011 πολέμιοι,
705 974 749 1002 καὶ
780 973 851 1002 εἶλον
880 973 947 1001 ἅπα-

122 1031 172 1048 σαν
194 1020 244 1054 τὴν
273 1020 382 1047 ἐκείνων
410 1020 575 1055 ἀποσκευήν.
591 1021 676 1046 Τοῦτο
697 1018 776 1046 ἐλθὸν
796 1018 834 1050 εἲς
849 1021 946 1056 γνῶσιν

123 1066 163 1101 τῷ
181 1062 297 1103 βασιλεῖ,
315 1063 505 1102 σκυθρωπάσαι
521 1063 681 1099 πεποίηκεν.
712 1063 745 1092 Ol.
776 1062 798 1090 δ’
814 1063 859 1090 ἐνα
882 1063 946 1098 τίοι,

123 1109 192 1137 κατὰ
204 1110 254 1142 τῆς
281 1107 474 1140 Καππαδοκίας
496 1108 527 1135 τὸ
553 1108 668 1146 ὅρμημα
684 1107 803 1144 θέμενοι,
820 1107 902 1143 αὐτήν
919 1118 949 1135 τε

123 1153 268 1192 ἐπόρθουν,
296 1153 339 1180 καὶ
367 1153 435 1190 πρὸς
463 1153 493 1180 τὸ
522 1152 634 1181 Ἰκόνιον
653 1153 708 1189 (71)
732 1151 816 1187 ⁷ίεντο,
844 1152 947 1190 ἀνθρώ-

121 1209 182 1225 πων
211 1208 240 1225 τε
269 1197 476 1233 πολυπλῆθειαν
493 1197 568 1235 ἔχον,
585 1197 628 1224 καὶ
652 1199 717 1224 πᾶσι
741 1199 800 1228 τοῖς
825 1195 948 1225 δοκοῦσιν

123 1244 235 1281 ἀγαθοῖς
263 1242 469 1279 εὖθῦνούμενον,
499 1243 528 1269 Ὃ
555 1241 584 1269 δὲ
612 1241 738 1280 βασιλεὺς
755 1262 762 1276 ,
793 1241 831 1273 εἷς
863 1239 947 1269 Σεϐά-

122 1298 211 1316 στιιαν
233 1287 406 1327 ἀφικόμενος,
440 1287 485 1314 καὶ
514 1287 608 1324 μαθὼν
635 1287 686 1321 τὴν
714 1286 783 1313 κατὰ
805 1288 854 1313 τοῦ
881 1287 947 1314 Ἰκο..

120 1332 181 1360 νίου
205 1334 258 1360 τῶν
285 1331 415 1368 Τούργων
447 1330 608 1368 ἐπέλευσιν,
634 1331 764 1359 συνέτεινε
791 1330 836 1358 καὶ
864 1331 946 1362 αὐτὸς

118 1377 170 1411 τὴν
186 1376 296 1414 πορείαν
323 1378 379 1414 (72)
396 1375 482 1404 ὀπίσω
499 1375 598 1404 αὐτῶν.
628 1375 712 1406 Γνοὺς
729 1375 757 1403 δὲ
780 1374 834 1411 ἤδη
866 1374 946 1403 ἐκπε-

121 1421 288 1458 πορθηκέναι
310 1420 407 1452 αὐτοὺς
430 1420 463 1448 τὸ
491 1419 616 1456 Ἰκόνιον,
643 1420 688 1447 καὶ
716 1420 765 1454 τὴν
796 1419 878 1447 αὐτοῦ
903 1420 946 1447 εὖ·

123 1463 310 1502 λαϐουμὲνους
346 1465 511 1502 κατάληψιν,
542 1466 653 1502 ἀπᾶραι,
682 1467 721 1500 τῷ
748 1467 798 1500 τῆς
823 1464 947 1502 μεγάλης

120 1509 291 1547 Ἀντιοχείας
321 1508 396 1536 δουκὶ
424 1511 462 1545 τῷ
484 1509 656 1546 Κατατουρίῳ
678 1511 775 1547 μοῖραν
805 1508 945 1546 ἐκπέμψας

119 1553 181 1582 τινὰ
221 1556 275 1581 τῶν
311 1554 475 1590 Ῥωμαϊκῶν
520 1552 681 1589 δυνάμεων,
720 1552 870 1581 ἐνετείλατο
908 1553 945 1584 εἷς

122 1597 311 1635 Μοψουεστίαν
349 1598 505 1637 ἀφίξεσθαι,
545 1597 589 1625 καὶ
626 1599 684 1628 τοῖς
723 1597 853 1635 Τοῦρκοις
890 1591 981 1625 ἐκεῖα

123 1641 223 1670 διιοῦσι
252 1642 395 1679 συμμίξαι.
424 1641 501 1670 Ἀλλ’
530 1642 556 1669 οἱ
589 1641 730 1678 πολεμιοι,
761 1641 798 1672 ιῖς
824 1642 874 1677 τὴν
896 1645 946 1676 τῆς

124 1688 230 1725 Ταρσοῦ
258 1686 371 1715 πεδιάδα
386 1685 540 1724 γινόμενοι,
567 1688 624 1717 τοῖς
640 1686 796 1723 Ἀρμενίοις
811 1685 946 1721 ἐνέπεσον,

159 1731 166 1742 Ν
215 1734 229 1740 σο
381 1731 387 1739 ‘
454 1731 460 1739 ι
608 1732 615 1740 V
779 1731 785 1742 Ι
909 1730 918 1746 Α

121 1742 167 1759 και
193 1742 279 1759 πασαν
309 1730 406 1769 σχεδον
431 1741 481 1766 την
505 1730 578 1758 Λείαν
603 1728 749 1759 απέὄαλονι
788 1732 948 1763 Ενωτισθιν-

120 1786 165 1807 τες
196 1774 224 1803 δὶ
250 1776 294 1803 καὶ
322 1776 372 1810 τήν
400 1775 428 1803 ἐν
455 1775 629 1812 Μοψουεστίᾳ
655 1777 708 1803 τῶν
724 1775 868 1812 Ῥωμαίων
884 1775 946 1814 ἐφί-

123 1820 240 1858 δρευσιν,
269 1818 378 1858 ᾤχοντο
408 1819 452 1848 διὰ
478 1821 527 1855 τῆς
556 1820 652 1851 νυκτὸς
680 1820 725 1848 καὶ
755 1819 891 1860 διέφυγον.
911 1821 947 1848 "0

121 1867 161 1901 τῷ
185 1864 292 1903 βασιλεῖ
318 1863 409 1900 λύπης
435 1864 563 1897 ὑπόθεσις
591 1863 706 1902 γέγονε,
735 1865 780 1892 καὶ
811 1863 946 1903 ἀπογνοὺς

122 1910 248 1948 ὡρμήκει
270 1910 337 1948 πρὸς
361 1910 392 1937 τὸ
421 1909 578 1944 Βυζάντιον.
605 1908 677 1945 Ἤδη
706 1910 756 1948 γὰρ
780 1909 876 1945 ἐπέστη
901 1909 946 1937 καὶ

122 1955 153 1982 τὸ
171 1954 340 1992 μετόπωρον.
356 1955 420 1982 Ὁτε
434 1953 479 1981 καὶ
494 1954 508 1981 ὁ
537 1954 622 1991 μὲγας
635 1956 689 1981 τῶν
709 1953 873 1992 Βλαχερνῶν
889 1955 946 1991 (73)

122 1998 302 2035 ἐπυρπολήθη
330 1998 393 2030 ναὸς
410 2020 418 2034 ,
448 1997 525 2029 ἔτους
553 1997 727 2035 ἐνισταμένου
754 2000 810 2036 (74)
837 1998 863 2034 ἐξ
891 2009 947 2026 κισ-

123 2043 268 2082 χιλιοοτοῦ
308 2045 536 2071 πεντακοσιοστοῦ
578 2040 786 2079 ἐϐδομηκοστοῦ
825 2042 945 2082 ὀγδόου.

122 2087 318 2127 Ἐφισταμένου
348 2086 376 2115 δέ
403 2098 434 2125 γε
460 2088 508 2115 τοῦ
543 2085 640 2125 ἔαρος,
675 2087 806 2122 Μανουήλ
835 2090 948 2124 Πρωτοε

122 2132 255 2172 πρόεδρον
291 2132 337 2160 τόν
368 2132 509 2169 Κομνηνὸν
526 2154 533 2166 ,
562 2132 607 2159 τὸν
636 2134 684 2159 τοῦ
715 2129 946 2169 βεϐασιλευκότως

123 2177 178 2214 ἤδη
209 2177 343 2207 Ἰσαακίου
369 2175 553 2215 ἀδελφιδοῦν,
580 2175 790 2214 κουροτιαλάτην
815 2178 946 2213 τιμήσας,

124 2223 247 2262 ἐφίστησι
274 2224 333 2254 τοῖς
363 2221 569 2260 στρατεύμασιν.
600 2222 630 2250 Ὁ
658 2220 687 2248 δὲ
715 2221 774 2253 νέος
803 2221 851 2258 μὶν
872 2221 947 2260 ἐτύγ-

124 2277 203 2305 χανιν
232 2266 280 2302 ὣν,
310 2267 377 2304 ἧρκε
402 2265 431 2294 δὶ
459 2266 528 2294 κατᾶ
550 2266 688 2304 γέροντας,
723 2266 768 2293 καὶ
795 2263 985 2311 Βαρϐάρωνῡ

125 2311 244 2349 ἐντυχὼν
286 2313 407 2348 στρατιᾷ,
446 2310 626 2349 προσμίγνυσι
664 2311 709 2338 κτιί
748 2313 822 2346 νικᾷ.
862 2313 946 2338 Τοῦτο

125 2355 233 2393 λέγεται
260 2358 299 2392 τῷ
328 2357 445 2393 Διογένει
461 2355 560 2393 φθόνον
587 2357 706 2390 κινῆσαι,
731 2355 775 2382 καὶ
801 2353 846 2382 διὰ
866 2357 946 2383 τοῦτο

125 2403 175 2434 τῆς
204 2400 265 2437 περὶ
302 2400 402 2428 ἐκεῖνον
433 2403 559 2438 στρατιᾶς
601 2403 697 2438 μοῖραν
728 2399 777 2427 οὐκ
797 2398 945 2437 ἐλαχίστην

129 2442 304 2479 ἀποδιελιῖν,
333 2445 378 2472 καὶ
405 2444 509 2473 στεῖλαι
537 2445 605 2472 κατὰ
634 2444 753 2482 Συρίας.
789 2444 873 2479 Εἶτα,
899 2446 948 2472 τοῦ

1003 262 1082 291 tione
1097 265 1241 299 suscepta,
1255 272 1321 292 cum
1338 264 1497 292 Caesaream
1513 263 1828 300 venisset,etmagnam

1003 309 1163 335 Turcorum
1193 308 1412 337 multitudinem
1439 309 1517 337 280
1551 317 1615 336 eam
1645 308 1828 345 provinciam

1004 351 1155 380 incursare
1180 353 1378 388 cognovisset:
1395 353 1485 381 etiam
1502 353 1532 380 in
1549 353 1614 381 illos
1639 361 1718 380 nunc
1746 355 1828 389 parte

1004 397 1154 432 copiarum
1170 397 1314 430 immissa,
1330 406 1407 426 nunc
1424 398 1486 434 ipse
1504 398 1648 433 invectus,
1665 397 1826 434 proﬂigatis

1003 441 1074 476 illis,
1098 441 1278 478 captivisque
1303 443 1386 470 cassis
1412 442 1559 477 omnibus,
1588 442 1623 470 ad
1649 442 1826 478 Euphratem

1004 487 1164 519 contendit,
1190 486 1335 515 Philareto
1362 488 1435 514 duce
1464 487 1628 522 designato.
1651 489 1719 515 Erat
1740 487 1765 515 is
1793 495 1828 515 ex

1004 539 1109 567 genere
1124 531 1374 565 Brachamiorum,
1397 531 1445 567 qui
1464 534 1495 558 ut
1510 531 1581 559 satis
1597 531 1703 559 habere
1719 531 1827 568 peritia:

1005 575 1140 603 militaris
1155 576 1318 610 videbatur,
1335 576 1375 603 ita
1390 575 1530 612 improbae
1542 576 1604 603 vitis
1621 579 1692 609 erat,
1721 578 1749 604 et
1775 585 1826 604 no-

1004 620 1076 647 mini
1093 629 1156 656 suo,
1186 621 1261 656 quod
1287 620 1405 648 virtutis
1435 620 1599 647 studiosum
1621 623 1712 655 notat,
1742 621 1829 658 plane

1004 665 1164 693 contrariae.
1179 665 1251 692 Huic
1281 665 1405 693 semisse
1433 664 1578 692 exercitus
1603 665 1679 699 dato,
1704 665 1768 701 ipse
1792 665 1828 693 ad

1003 710 1241 745 septemtrionem
1255 709 1421 736 declinavit.
1435 709 1539 736 Hostes
1564 710 1662 736 autem
1692 709 1829 737 Pbilareti

1003 754 1147 781 militibus
1164 756 1271 781 terrore
1283 754 1374 788 illato,
1405 756 1438 781 ut
1462 754 1533 781 locis
1563 753 1670 789 quibus
1699 753 1829 789 praesidii

1003 807 1090 826 causa
1106 801 1197 832 erant,
1215 798 1333 833 relictis,
1358 798 1501 834 fugerent,
1532 798 1665 832 insecuti,
1691 798 1829 826 omnibus

1002 851 1102 870 eorum
1126 842 1347 878 impedimentis
1363 843 1527 878 potiuntur,
1559 842 1636 878 quod
1658 842 1829 878 imperatori

1002 886 1153 914 tristitiam
1179 887 1296 914 attulit:
1322 889 1350 914 et
1373 887 1403 914 in
1431 887 1643 923 Cappadociam
1671 887 1828 923 progressi,

1003 931 1081 967 agris
1093 931 1214 959 vastatis
1229 931 1360 959 Iconium
1391 933 1504 967 petunt,
1536 931 1638 959 urbem
1666 931 1831 967 frequentia

1002 975 1167 1009 hominum,
1194 978 1222 1003 et
1251 976 1389 1003 omnibus
1406 975 1441 1003 iis
1466 984 1530 1012 quis
1544 976 1620 1003 bona
1636 975 1775 1003 dicuntur
1789 976 1830 1004 fe-

1002 1020 1098 1048 licem.
1115 1020 1175 1051 Quo
1185 1019 1345 1055 imperator
1355 1020 1491 1048 Sebastias
1519 1020 1646 1056 cognito,
1660 1020 1760 1057 etipse
1775 1021 1831 1049 iter

1002 1064 1104 1092 eodem
1122 1064 1256 1092 intendit.
1272 1064 1380 1091 Verum
1398 1065 1533 1092 nuntiata
1548 1065 1612 1100 ejus
1638 1065 1719 1093 urbis
1733 1067 1832 1093 vasta-

1002 1110 1092 1144 tione,
1107 1112 1136 1137 et
1151 1110 1313 1137 Turcorum
1324 1118 1411 1137 suum
1425 1110 1582 1138 adventum
1594 1110 1761 1138 timentium
1774 1110 1833 1139 dis-

1003 1163 1099 1189 cessu,
1116 1163 1227 1190 magum
1252 1154 1410 1181 Antiochia;
1438 1154 1505 1182 duci
1522 1154 1669 1182 Cataturio
1685 1155 1827 1183 Romana-

1002 1208 1067 1227 rum
1084 1199 1231 1235 legionum
1249 1201 1330 1234 parte
1346 1199 1610 1233 missa,mandavit,
1628 1202 1661 1227 ut
1672 1200 1707 1227 ad
1723 1199 1829 1235 Mopsi-

1001 1244 1126 1272 hcstiam
1144 1244 1264 1277 veniret,
1282 1246 1310 1271 et
1321 1246 1430 1271 Turcos
1446 1243 1511 1272 illac
1538 1245 1716 1272 transituros
1726 1252 1826 1280 aggre-

1002 1289 1129 1316 dcretur.
1143 1289 1282 1316 Craterum
1297 1288 1393 1316 hostes
1416 1297 1480 1316 cum
1511 1289 1540 1316 in
1567 1289 1649 1316 Tarsi
1675 1288 1826 1324 planitiem

1001 1333 1160 1367 venissent,
1177 1333 1212 1360 ab
1228 1333 1375 1361 Armeniis
1390 1334 1471 1361 omni
1497 1334 1554 1361 fere
1580 1334 1678 1369 praeda
1707 1333 1825 1370 spoliati

1001 1381 1080 1412 sunt,
1098 1378 1263 1414 auditisque
1280 1380 1477 1405 Romanorum
1495 1379 1529 1405 ad
1547 1378 1764 1414 Mopsihestiam
1780 1378 1825 1406 in-

1000 1423 1094 1456 sidiis,
1125 1425 1211 1450 noctu
1239 1423 1293 1450 iter
1320 1423 1445 1458 ingressi
1479 1422 1677 1459 diffugerunt:
1695 1432 1758 1459 qua:
1780 1431 1826 1452 res

999 1466 1167 1502 imperatori
1184 1475 1273 1494 causa
1285 1467 1417 1494 maeroris
1436 1467 1499 1500 fuit,
1517 1469 1549 1493 ut
1561 1467 1647 1494 rebus
1664 1467 1826 1503 desperatis

1001 1511 1172 1546 Byzantium
1190 1512 1306 1539 rediret.
1324 1513 1388 1539 Jam
1414 1511 1491 1540 enim
1509 1514 1671 1539 autumnus
1686 1512 1825 1546 instabat,

1001 1558 1241 1591 quatempestate
1252 1556 1458 1583 Blachernium
1470 1564 1585 1592 quoque
1601 1564 1741 1592 magnum
1757 1564 1826 1584 eon-

1002 1600 1145 1635 ﬂagravit,
1162 1609 1237 1627 anno
1253 1601 1288 1628 ab
1305 1601 1373 1628 orbe
1389 1601 1506 1628 condito
1537 1601 1630 1629 sexies
1658 1601 1826 1635 millesimo,

1003 1645 1477 1680 quingentesimo,septuagesimo
1493 1648 1603 1673 octavo.
1621 1647 1749 1674 Instante
1761 1654 1827 1674 vero

1003 1689 1166 1716 Manuclem
1183 1689 1425 1725 Protoproedrum
1443 1690 1636 1724 Comnenum,
1651 1690 1753 1718 Isaacii
1769 1690 1825 1718 im-

1002 1733 1144 1769 peratoris
1159 1741 1192 1760 ex
1205 1733 1292 1760 fratre
1309 1736 1454 1768 nepotem,
1476 1733 1673 1770 curopalatem
1689 1735 1828 1771 designa-

1001 1780 1075 1810 tum,
1092 1778 1257 1813 legionibus
1274 1778 1412 1813 praefecit,
1429 1779 1478 1814 qui
1496 1779 1629 1814 quamvis
1646 1778 1827 1814 adolescens,

1002 1831 1068 1850 cum
1086 1822 1169 1850 senili
1186 1822 1341 1858 prudentia
1356 1823 1512 1850 exercitum
1536 1825 1659 1859 regeret,
1685 1823 1828 1851 Barbaros

1001 1867 1080 1894 vicit.
1098 1867 1138 1894 0b
1156 1875 1242 1902 quem
1260 1875 1431 1894 successum
1445 1868 1585 1903 Diogenes
1611 1867 1653 1895 illi
1681 1868 1827 1904 invidens,

1001 1914 1083 1947 parte
1099 1920 1156 1938 non
1174 1911 1296 1939 minima
1321 1912 1470 1947 copiarum
1497 1913 1644 1948 adempta,
1661 1913 1690 1940 in
1715 1913 1827 1949 Syriam

1006 1964 1073 1984 eum
1090 1955 1266 1983 misit.Unde
1283 1957 1427 1984 Comneno
1440 1965 1506 1984 cum
1524 1957 1646 1992 reliquis
1663 1957 1826 1985 Sebastiam

1001 2000 1142 2036 profecto,
1159 2001 1322 2027 Turcorum
1352 1999 1512 2027 multitudo
1543 2009 1573 2027 se
1603 2001 1749 2029 ostendit:
1775 2001 1826 2036 qui

1002 2043 1140 2072 simulata
1152 2044 1229 2079 fuga,
1246 2044 1295 2071 illo
1312 2047 1516 2079 persequente,
1534 2053 1567 2072 ex
1583 2046 1743 2080 composito
1756 2053 1827 2073 con—

1001 2089 1087 2124 versi,
1103 2090 1250 2116 Romanos
1280 2089 1430 2124 dispersos
1455 2088 1646 2122 invaserunt;
1674 2092 1703 2116 et
1727 2089 1827 2116 multis

1002 2134 1094 2167 caesis,
1108 2142 1160 2161 nec
1173 2134 1361 2169 paucioribus
1369 2133 1598 2169 captis,ipsoque
1606 2134 1678 2160 duce
1686 2133 1828 2166 Manuale,

1002 2181 1099 2206 castra
1114 2178 1311 2214 diripuerunt.
1332 2178 1370 2204 Ea
1383 2186 1438 2211 res,
1465 2186 1517 2205 nec
1534 2178 1633 2205 minus
1659 2178 1737 2206 fama
1752 2178 1826 2206 281

1003 2223 1038 2250 de
1054 2223 1221 2250 Cbonarum
1238 2222 1386 2258 republica
1402 2225 1430 2248 et
1445 2222 1551 2249 celebri
1566 2223 1662 2249 Sancti
1679 2222 1828 2251 Michaelis

1002 2267 1111 2303 templo
1127 2277 1142 2295 a
1159 2267 1295 2294 Barbarie
1311 2269 1461 2302 occupato,
1492 2267 1698 2302 imperatorem
1716 2270 1831 2302 pertur-

1003 2312 1092 2345 bavit,
1110 2315 1141 2339 ut
1159 2315 1238 2339 totus
1255 2312 1285 2338 in
1297 2320 1329 2338 eo
1345 2314 1433 2344 esset,
1466 2315 1497 2338 ut
1517 2311 1738 2347 quamprimum
1754 2311 1830 2340 bello

1003 2357 1045 2385 eis
1061 2356 1142 2384 illato
1154 2355 1338 2391 periclitante
1355 2359 1553 2384 conservaret.
1586 2356 1639 2383 Sed
1661 2356 1730 2383 dum
1756 2365 1830 2392 quo—

1004 2401 1140 2429 rumdam
1153 2401 1265 2428 monitu
1282 2401 1447 2433 cunctatur,
1466 2400 1548 2427 adest
1574 2400 1741 2428 Comnsnus
1762 2409 1830 2429 cum

1003 2454 1036 2474 eo
1050 2446 1155 2480 Turca,
1169 2453 1185 2472 a
1201 2453 1259 2480 quo
1271 2447 1373 2481 captus
1386 2444 1680 2480 fuerat.Namis,cum
1695 2444 1831 2475 sultanus

768 2536 870 2569 Variae
885 2535 1036 2568 lectiones
1052 2539 1083 2567 et
1097 2538 1191 2566 notae.

162 2612 219 2649 (71)
235 2609 358 2649 Ἰκόνιον.
369 2611 398 2649 -Α
409 2613 683 2649 quoexpugnatum
709 2612 797 2640 fuerit
818 2612 952 2640 Iconium

129 2646 259 2677 diaimus
274 2647 304 2675 in
320 2646 394 2675 serie
409 2646 604 2674 lconiensium
619 2647 803 2676 sultanorum
829 2649 859 2676 in
883 2650 950 2677 Hist.

129 2686 246 2721 Bymnt.
263 2683 423 2721 ιιιιιδιναια,
435 2684 501 2718 part
518 2683 586 2721 11p.
603 2683 665 2721 3§IL

165 2720 222 2757 (72)
238 2717 444 2757 Euyt'rstve'rﬁv
457 2755 463 2757 _
476 2717 835 2757 nopstdv’._Expeditiqpe_nl
865 2720 954 2748 istam

132 2754 252 2785 Romani
269 2755 407 2792 Diogenis
429 2755 465 2783 ad
477 2754 669 2792 Antiochiam
678 2755 858 2792 etVCiliciam
874 2757 954 2785 vide-

128 2796 176 2821 tur
191 2791 367 2821 intellexisse
380 2792 508 2828 Joannes
524 2791 642 2828 Tzetzes
655 2791 686 2820 in
696 2791 831 2828 Epistola
847 2793 882 2820 ad
902 2793 953 2821 Pa-

130 2831 258 2859 tronsem
272 2827 613 2865 metropolitanumzKat
641 2827 880 2867 αὐτὸςγινώσκεις
903 2829 953 2864 τήν

268 2893 402 2926 Panos.
427 2893 482 2925 Gs.
503 2891 649 2925 CXXXV.

1009 2611 1175 2649 ἐκστρατείαν
1206 2612 1254 2639 τοῦ
1282 2612 1411 2649 κραταιιοῦ
1439 2611 1518 2647 ἡμῶν
1548 2610 1746 2649 αότοκράτορος
1781 2611 1830 2644 τὴν

1009 2647 1076 2686 πρὸς
1093 2647 1220 2675 Κιλικίαν
1251 2647 1304 2674 καί
1319 2647 1500 2684 Ἀντιόχειαν.
1517 2648 1594 2676 Vixit
1618 2647 1832 2676 enimVTretzes

1009 2687 1062 2713 hac
1080 2687 1264 2718 tempestate.

1045 2720 1292 2766 Βλαχερνῶν.
1324 2720 1430 2748 Eadem
1458 2720 1546 2748 verba
1579 2721 1665 2748 habet
1685 2718 1831 2755 Scylitzes,

1010 2759 1218 2829 p'gﬁ-"Ewu:
1235 2791 1418 2828 ἐνισταμένου.
1435 2793 1518 2821 Anno
1534 2793 1601 2822 Chr.
1619 2791 1681 2820 170.

1675 2892 1693 2922 9
