  <div class='ocr_page' id='page_1' title='image "/cluster/home/n/w/nwhite01/storage/ocr_20150623/135/njp.32101077773107/143.png"; bbox 0 0 2032 3167; ppageno 0'>
   <div class='ocr_carea' id='block_1_1' title="bbox 1749 22 2018 72">
    <p class='ocr_par' dir='ltr' id='par_1_1' title="bbox 1749 22 2018 72">
     <span class='ocr_line' id='line_1_1' title="bbox 1749 22 2018 72; baseline 0.004 -1"><span class='ocrx_word' id='word_1_1' title='bbox 1749 22 2018 72; x_wconf 56' lang='grc' dir='ltr'><strong>τ</strong></span> 
     </span>
    </p>
   </div>
   <div class='ocr_carea' id='block_1_2' title="bbox 178 152 1910 187">
    <p class='ocr_par' dir='ltr' id='par_1_2' title="bbox 178 152 1910 187">
     <span class='ocr_line' id='line_1_2' title="bbox 178 152 1910 187; baseline -0.002 0"><span class='ocrx_word' id='word_1_2' title='bbox 178 155 235 187; x_wconf 75' lang='grc'><strong>271</strong></span> <span class='ocrx_word' id='word_1_3' title='bbox 854 152 1019 185; x_wconf 74' lang='lat' dir='ltr'><strong>JUANNIS</strong></span> <span class='ocrx_word' id='word_1_4' title='bbox 1041 153 1214 184; x_wconf 63' lang='lat' dir='ltr'><strong>ZONARIE</strong></span> <span class='ocrx_word' id='word_1_5' title='bbox 1835 154 1910 183; x_wconf 75' lang='lat'><strong>272</strong></span> 
     </span>
    </p>
   </div>
   <div class='ocr_carea' id='block_1_3' title="bbox 177 219 998 259">
    <p class='ocr_par' dir='ltr' id='par_1_3' title="bbox 177 220 998 258">
     <span class='ocr_line' id='line_1_3' title="bbox 177 220 998 258; baseline -0.005 -7"><span class='ocrx_word' id='word_1_6' title='bbox 177 224 245 251; x_wconf 56' lang='lat' dir='ltr'><strong>Haec</strong></span> <span class='ocrx_word' id='word_1_7' title='bbox 260 220 447 258; x_wconf 77' lang='lat' dir='ltr'><strong>arrogantius</strong></span> <span class='ocrx_word' id='word_1_8' title='bbox 459 220 696 257; x_wconf 83' lang='lat' dir='ltr'><strong>looutuslegaios</strong></span> <span class='ocrx_word' id='word_1_9' title='bbox 707 220 807 249; x_wconf 78' lang='lat' dir='ltr'><strong>statim</strong></span> <span class='ocrx_word' id='word_1_10' title='bbox 820 220 898 248; x_wconf 88' lang='lat' dir='ltr'><strong>abire</strong></span> <span class='ocrx_word' id='word_1_11' title='bbox 900 220 998 256; x_wconf 71' lang='lat' dir='ltr'><strong>jussit</strong></span> 
     </span>
    </p>
   </div>
   <div class='ocr_carea' id='block_1_4' title="bbox 1053 219 1907 259">
    <p class='ocr_par' dir='ltr' id='par_1_4' title="bbox 1060 219 1907 259">
     <span class='ocr_line' id='line_1_4' title="bbox 1060 219 1907 259; baseline 0.001 -12"><span class='ocrx_word' id='word_1_12' title='bbox 1060 219 1177 257; x_wconf 70' lang='grc' dir='ltr'>τρέψαιτο</span> <span class='ocrx_word' id='word_1_13' title='bbox 1201 219 1246 248; x_wconf 81' lang='grc' dir='ltr'><strong>καὶ</strong></span> <span class='ocrx_word' id='word_1_14' title='bbox 1268 220 1431 258; x_wconf 79' lang='grc' dir='ltr'>ἀπαγγεῖλαι</span> <span class='ocrx_word' id='word_1_15' title='bbox 1452 220 1490 252; x_wconf 85' lang='grc' dir='ltr'><strong>ὡς</strong></span> <span class='ocrx_word' id='word_1_16' title='bbox 1519 219 1554 247; x_wconf 74' lang='grc' dir='ltr'>Εἴ</span> <span class='ocrx_word' id='word_1_17' title='bbox 1578 219 1708 258; x_wconf 61' lang='grc' dir='ltr'>βούλοιτο</span> <span class='ocrx_word' id='word_1_18' title='bbox 1732 219 1795 259; x_wconf 80' lang='grc' dir='ltr'>περὶ</span> <span class='ocrx_word' id='word_1_19' title='bbox 1823 230 1907 257; x_wconf 81' lang='grc' dir='ltr'>συμ-</span> 
     </span>
    </p>
   </div>
   <div class='ocr_carea' id='block_1_5' title="bbox 177 265 1002 302">
    <p class='ocr_par' dir='ltr' id='par_1_5' title="bbox 177 265 1002 302">
     <span class='ocr_line' id='line_1_5' title="bbox 177 265 1002 302; baseline -0.004 -7"><span class='ocrx_word' id='word_1_20' title='bbox 177 267 231 300; x_wconf 86' lang='lat' dir='ltr'><strong>Qui</strong></span> <span class='ocrx_word' id='word_1_21' title='bbox 247 274 314 294; x_wconf 87' lang='lat' dir='ltr'><strong>cum</strong></span> <span class='ocrx_word' id='word_1_22' title='bbox 330 266 447 294; x_wconf 90' lang='lat' dir='ltr'><strong>sultano</strong></span> <span class='ocrx_word' id='word_1_23' title='bbox 459 265 646 302; x_wconf 85' lang='lat' dir='ltr'><strong>imperatoris</strong></span> <span class='ocrx_word' id='word_1_24' title='bbox 661 266 749 294; x_wconf 86' lang='lat' dir='ltr'><strong>verba</strong></span> <span class='ocrx_word' id='word_1_25' title='bbox 773 265 1002 299; x_wconf 70' lang='lat' dir='ltr'><strong>renuntiassent,</strong></span> 
     </span>
    </p>
   </div>
   <div class='ocr_carea' id='block_1_6' title="bbox 177 310 1002 347">
    <p class='ocr_par' dir='ltr' id='par_1_6' title="bbox 177 310 1002 347">
     <span class='ocr_line' id='line_1_6' title="bbox 177 310 1002 347; baseline -0.004 -7"><span class='ocrx_word' id='word_1_26' title='bbox 177 311 226 340; x_wconf 91' lang='lat' dir='ltr'><strong>illo</strong></span> <span class='ocrx_word' id='word_1_27' title='bbox 237 319 305 340; x_wconf 84' lang='lat' dir='ltr'><strong>cum</strong></span> <span class='ocrx_word' id='word_1_28' title='bbox 321 311 383 339; x_wconf 83' lang='lat' dir='ltr'><strong>suis</strong></span> <span class='ocrx_word' id='word_1_29' title='bbox 399 311 435 338; x_wconf 90' lang='lat' dir='ltr'><strong>de</strong></span> <span class='ocrx_word' id='word_1_30' title='bbox 456 310 537 347; x_wconf 84' lang='lat' dir='ltr'><strong>pacis</strong></span> <span class='ocrx_word' id='word_1_31' title='bbox 566 310 785 338; x_wconf 88' lang='lat' dir='ltr'><strong>conditionibus</strong></span> <span class='ocrx_word' id='word_1_32' title='bbox 811 310 1002 345; x_wconf 76' lang='lat' dir='ltr'><strong>deliberante,</strong></span> 
     </span>
    </p>
   </div>
   <div class='ocr_carea' id='block_1_7' title="bbox 177 354 1004 394">
    <p class='ocr_par' dir='ltr' id='par_1_7' title="bbox 177 354 1004 394">
     <span class='ocr_line' id='line_1_7' title="bbox 177 354 1004 394; baseline -0.005 -8"><span class='ocrx_word' id='word_1_33' title='bbox 177 358 336 394; x_wconf 78' lang='lat' dir='ltr'><strong>imperator</strong></span> <span class='ocrx_word' id='word_1_34' title='bbox 346 355 486 393; x_wconf 80' lang='lat' dir='ltr'><strong>superbia</strong></span> <span class='ocrx_word' id='word_1_35' title='bbox 502 355 698 389; x_wconf 81' lang='lat' dir='ltr'><strong>slatus,ﬂdem</strong></span> <span class='ocrx_word' id='word_1_36' title='bbox 711 355 887 391; x_wconf 81' lang='lat' dir='ltr'><strong>quibusdam</strong></span> <span class='ocrx_word' id='word_1_37' title='bbox 900 354 1004 382; x_wconf 81' lang='lat' dir='ltr'><strong>habuit</strong></span> 
     </span>
    </p>
   </div>
   <div class='ocr_carea' id='block_1_8' title="bbox 177 399 1002 436">
    <p class='ocr_par' dir='ltr' id='par_1_8' title="bbox 177 399 1002 436">
     <span class='ocr_line' id='line_1_8' title="bbox 177 399 1002 436; baseline -0.005 -6"><span class='ocrx_word' id='word_1_38' title='bbox 177 401 357 430; x_wconf 73' lang='lat' dir='ltr'><strong>familiarum</strong></span> <span class='ocrx_word' id='word_1_39' title='bbox 384 408 516 434; x_wconf 87' lang='lat' dir='ltr'><strong>suorum,</strong></span> <span class='ocrx_word' id='word_1_40' title='bbox 546 400 596 436; x_wconf 88' lang='lat' dir='ltr'><strong>qui</strong></span> <span class='ocrx_word' id='word_1_41' title='bbox 621 399 771 428; x_wconf 89' lang='lat' dir='ltr'><strong>sultanum</strong></span> <span class='ocrx_word' id='word_1_42' title='bbox 797 399 900 427; x_wconf 88' lang='lat' dir='ltr'><strong>timere</strong></span> <span class='ocrx_word' id='word_1_43' title='bbox 925 399 1002 427; x_wconf 91' lang='lat' dir='ltr'><strong>dico-</strong></span> 
     </span>
    </p>
   </div>
   <div class='ocr_carea' id='block_1_9' title="bbox 177 443 1003 482">
    <p class='ocr_par' dir='ltr' id='par_1_9' title="bbox 177 443 1003 482">
     <span class='ocr_line' id='line_1_9' title="bbox 177 443 1003 482; baseline -0.005 -7"><span class='ocrx_word' id='word_1_44' title='bbox 177 448 261 482; x_wconf 90' lang='lat' dir='ltr'><strong>bant,</strong></span> <span class='ocrx_word' id='word_1_45' title='bbox 275 449 304 474; x_wconf 86' lang='lat' dir='ltr'><strong>et</strong></span> <span class='ocrx_word' id='word_1_46' title='bbox 319 446 395 482; x_wconf 84' lang='lat' dir='ltr'><strong>quod</strong></span> <span class='ocrx_word' id='word_1_47' title='bbox 408 446 506 482; x_wconf 78' lang='lat' dir='ltr'><strong>justas</strong></span> <span class='ocrx_word' id='word_1_48' title='bbox 518 445 616 481; x_wconf 83' lang='lat' dir='ltr'><strong>copias</strong></span> <span class='ocrx_word' id='word_1_49' title='bbox 634 452 690 472; x_wconf 88' lang='lat' dir='ltr'><strong>non</strong></span> <span class='ocrx_word' id='word_1_50' title='bbox 707 443 838 478; x_wconf 78' lang='lat' dir='ltr'><strong>haberet,</strong></span> <span class='ocrx_word' id='word_1_51' title='bbox 852 446 1003 480; x_wconf 72' lang='lat' dir='ltr'><strong>propterea</strong></span> 
     </span>
    </p>
   </div>
   <div class='ocr_carea' id='block_1_10' title="bbox 179 488 1001 528">
    <p class='ocr_par' dir='ltr' id='par_1_10' title="bbox 179 488 1001 528">
     <span class='ocr_line' id='line_1_10' title="bbox 179 488 1001 528; baseline -0.006 -8"><span class='ocrx_word' id='word_1_52' title='bbox 179 493 214 520; x_wconf 89' lang='lat' dir='ltr'><strong>de</strong></span> <span class='ocrx_word' id='word_1_53' title='bbox 231 499 301 528; x_wconf 84' lang='lat' dir='ltr'><strong>pace</strong></span> <span class='ocrx_word' id='word_1_54' title='bbox 316 499 411 527; x_wconf 81' lang='lat' dir='ltr'><strong>agere,</strong></span> <span class='ocrx_word' id='word_1_55' title='bbox 428 492 461 518; x_wconf 93' lang='lat' dir='ltr'><strong>ut</strong></span> <span class='ocrx_word' id='word_1_56' title='bbox 482 498 532 526; x_wconf 90' lang='lat' dir='ltr'><strong>per</strong></span> <span class='ocrx_word' id='word_1_57' title='bbox 559 489 692 517; x_wconf 87' lang='lat' dir='ltr'><strong>inducias</strong></span> <span class='ocrx_word' id='word_1_58' title='bbox 721 488 812 516; x_wconf 89' lang='lat' dir='ltr'><strong>alium</strong></span> <span class='ocrx_word' id='word_1_59' title='bbox 842 489 1001 516; x_wconf 80' lang='lat' dir='ltr'><strong>exercitum</strong></span> 
     </span>
    </p>
   </div>
   <div class='ocr_carea' id='block_1_11' title="bbox 179 533 1002 570">
    <p class='ocr_par' dir='ltr' id='par_1_11' title="bbox 179 533 1002 570">
     <span class='ocr_line' id='line_1_11' title="bbox 179 533 1002 570; baseline -0.006 -6"><span class='ocrx_word' id='word_1_60' title='bbox 179 536 351 564; x_wconf 87' lang='lat' dir='ltr'><strong>adduceret:</strong></span> <span class='ocrx_word' id='word_1_61' title='bbox 370 543 427 563; x_wconf 90' lang='lat' dir='ltr'><strong>non</strong></span> <span class='ocrx_word' id='word_1_62' title='bbox 441 537 607 570; x_wconf 85' lang='lat' dir='ltr'><strong>exspectato</strong></span> <span class='ocrx_word' id='word_1_63' title='bbox 628 533 789 569; x_wconf 76' lang='lat' dir='ltr'><strong>legatorum</strong></span> <span class='ocrx_word' id='word_1_64' title='bbox 815 533 920 567; x_wconf 84' lang='lat' dir='ltr'><strong>reditu,</strong></span> <span class='ocrx_word' id='word_1_65' title='bbox 950 540 1002 560; x_wconf 82' lang='lat' dir='ltr'><strong>nec</strong></span> 
     </span>
    </p>
   </div>
   <div class='ocr_carea' id='block_1_12' title="bbox 179 577 1002 615">
    <p class='ocr_par' dir='ltr' id='par_1_12' title="bbox 179 577 1002 615">
     <span class='ocr_line' id='line_1_12' title="bbox 179 577 1002 615; baseline -0.007 -6"><span class='ocrx_word' id='word_1_66' title='bbox 179 580 240 609; x_wconf 90' lang='lat' dir='ltr'><strong>ulla</strong></span> <span class='ocrx_word' id='word_1_67' title='bbox 255 589 286 608; x_wconf 89' lang='lat' dir='ltr'><strong>re</strong></span> <span class='ocrx_word' id='word_1_68' title='bbox 301 579 358 608; x_wconf 89' lang='lat' dir='ltr'><strong>alia</strong></span> <span class='ocrx_word' id='word_1_69' title='bbox 373 579 565 612; x_wconf 63' lang='lat' dir='ltr'><strong>considerata:</strong></span> <span class='ocrx_word' id='word_1_70' title='bbox 583 579 669 615; x_wconf 88' lang='lat' dir='ltr'><strong>signa</strong></span> <span class='ocrx_word' id='word_1_71' title='bbox 685 586 788 606; x_wconf 90' lang='lat' dir='ltr'><strong>cancro</strong></span> <span class='ocrx_word' id='word_1_72' title='bbox 802 577 902 612; x_wconf 85' lang='lat' dir='ltr'><strong>jussit.</strong></span> <span class='ocrx_word' id='word_1_73' title='bbox 934 579 1002 604; x_wconf 83' lang='lat' dir='ltr'><strong>Bar-</strong></span> 
     </span>
    </p>
   </div>
   <div class='ocr_carea' id='block_1_13' title="bbox 178 621 1001 660">
    <p class='ocr_par' dir='ltr' id='par_1_13' title="bbox 178 621 1001 660">
     <span class='ocr_line' id='line_1_13' title="bbox 178 621 1001 660; baseline -0.006 -6"><span class='ocrx_word' id='word_1_74' title='bbox 178 626 264 654; x_wconf 89' lang='lat' dir='ltr'><strong>baros</strong></span> <span class='ocrx_word' id='word_1_75' title='bbox 280 624 334 652; x_wconf 90' lang='lat' dir='ltr'><strong>etsi</strong></span> <span class='ocrx_word' id='word_1_76' title='bbox 351 632 397 652; x_wconf 88' lang='lat' dir='ltr'><strong>res</strong></span> <span class='ocrx_word' id='word_1_77' title='bbox 414 623 572 660; x_wconf 85' lang='lat' dir='ltr'><strong>improvisa</strong></span> <span class='ocrx_word' id='word_1_78' title='bbox 591 622 759 657; x_wconf 77' lang='lat' dir='ltr'><strong>commovit,</strong></span> <span class='ocrx_word' id='word_1_79' title='bbox 782 624 880 650; x_wconf 87' lang='lat' dir='ltr'><strong>tamen</strong></span> <span class='ocrx_word' id='word_1_80' title='bbox 910 621 1001 650; x_wconf 86' lang='lat' dir='ltr'><strong>aciem</strong></span> 
     </span>
    </p>
   </div>
   <div class='ocr_carea' id='block_1_14' title="bbox 177 667 1001 704">
    <p class='ocr_par' dir='ltr' id='par_1_14' title="bbox 177 667 1001 704">
     <span class='ocr_line' id='line_1_14' title="bbox 177 667 1001 704; baseline -0.005 -6"><span class='ocrx_word' id='word_1_81' title='bbox 177 671 391 702; x_wconf 87' lang='lat' dir='ltr'><strong>instruxerunt,</strong></span> <span class='ocrx_word' id='word_1_82' title='bbox 405 676 457 696; x_wconf 87' lang='lat' dir='ltr'><strong>nec</strong></span> <span class='ocrx_word' id='word_1_83' title='bbox 471 667 605 704; x_wconf 84' lang='lat' dir='ltr'><strong>quamvis</strong></span> <span class='ocrx_word' id='word_1_84' title='bbox 620 677 637 696; x_wconf 85' lang='lat' dir='ltr'><strong>a</strong></span> <span class='ocrx_word' id='word_1_85' title='bbox 663 667 801 695; x_wconf 80' lang='lat' dir='ltr'><strong>Romanis</strong></span> <span class='ocrx_word' id='word_1_86' title='bbox 829 667 1001 695; x_wconf 88' lang='lat' dir='ltr'><strong>invaderen-</strong></span> 
     </span>
    </p>
   </div>
   <div class='ocr_carea' id='block_1_15' title="bbox 175 711 1001 749">
    <p class='ocr_par' dir='ltr' id='par_1_15' title="bbox 175 711 1001 749">
     <span class='ocr_line' id='line_1_15' title="bbox 175 711 1001 749; baseline -0.005 -6"><span class='ocrx_word' id='word_1_87' title='bbox 175 718 235 749; x_wconf 85' lang='lat' dir='ltr'><strong>tur,</strong></span> <span class='ocrx_word' id='word_1_88' title='bbox 252 713 449 746; x_wconf 87' lang='lat' dir='ltr'><strong>contraibant,</strong></span> <span class='ocrx_word' id='word_1_89' title='bbox 477 713 527 741; x_wconf 88' lang='lat' dir='ltr'><strong>sed</strong></span> <span class='ocrx_word' id='word_1_90' title='bbox 553 712 664 741; x_wconf 89' lang='lat' dir='ltr'><strong>scnsim</strong></span> <span class='ocrx_word' id='word_1_91' title='bbox 696 711 882 746; x_wconf 81' lang='lat' dir='ltr'><strong>recedebant,</strong></span> <span class='ocrx_word' id='word_1_92' title='bbox 909 719 1001 747; x_wconf 88' lang='lat' dir='ltr'><strong>neque</strong></span> 
     </span>
    </p>
   </div>
   <div class='ocr_carea' id='block_1_16' title="bbox 175 756 1000 795">
    <p class='ocr_par' dir='ltr' id='par_1_16' title="bbox 175 756 1000 795">
     <span class='ocr_line' id='line_1_16' title="bbox 175 756 1000 795; baseline -0.004 -8"><span class='ocrx_word' id='word_1_93' title='bbox 175 759 433 795; x_wconf 83' lang='lat' dir='ltr'><strong>fugientes,neque</strong></span> <span class='ocrx_word' id='word_1_94' title='bbox 447 760 623 794; x_wconf 82' lang='lat' dir='ltr'><strong>pugnantes.</strong></span> <span class='ocrx_word' id='word_1_95' title='bbox 635 756 705 784; x_wconf 88' lang='lat' dir='ltr'><strong>Cum</strong></span> <span class='ocrx_word' id='word_1_96' title='bbox 718 759 816 784; x_wconf 89' lang='lat' dir='ltr'><strong>autem</strong></span> <span class='ocrx_word' id='word_1_97' title='bbox 833 764 930 785; x_wconf 88' lang='lat' dir='ltr'><strong>serum</strong></span> <span class='ocrx_word' id='word_1_98' title='bbox 943 756 1000 784; x_wconf 88' lang='lat' dir='ltr'><strong>diei</strong></span> 
     </span>
    </p>
   </div>
   <div class='ocr_carea' id='block_1_17' title="bbox 175 801 1000 839">
    <p class='ocr_par' dir='ltr' id='par_1_17' title="bbox 175 801 1000 839">
     <span class='ocr_line' id='line_1_17' title="bbox 175 801 1000 839; baseline -0.004 -8"><span class='ocrx_word' id='word_1_99' title='bbox 175 805 265 837; x_wconf 84' lang='lat' dir='ltr'><strong>esset,</strong></span> <span class='ocrx_word' id='word_1_100' title='bbox 276 804 444 839; x_wconf 84' lang='lat' dir='ltr'><strong>imperator,</strong></span> <span class='ocrx_word' id='word_1_101' title='bbox 456 807 487 830; x_wconf 85' lang='lat' dir='ltr'><strong>ut</strong></span> <span class='ocrx_word' id='word_1_102' title='bbox 502 802 553 838; x_wconf 86' lang='lat' dir='ltr'><strong>qui</strong></span> <span class='ocrx_word' id='word_1_103' title='bbox 565 803 729 830; x_wconf 89' lang='lat' dir='ltr'><strong>castrorum</strong></span> <span class='ocrx_word' id='word_1_104' title='bbox 742 801 905 828; x_wconf 79' lang='lat' dir='ltr'><strong>custodiam</strong></span> <span class='ocrx_word' id='word_1_105' title='bbox 922 801 1000 836; x_wconf 80' lang='lat' dir='ltr'><strong>justo</strong></span> 
     </span>
    </p>
   </div>
   <div class='ocr_carea' id='block_1_18' title="bbox 177 845 998 882">
    <p class='ocr_par' dir='ltr' id='par_1_18' title="bbox 177 845 998 882">
     <span class='ocr_line' id='line_1_18' title="bbox 177 845 998 882; baseline -0.005 -6"><span class='ocrx_word' id='word_1_106' title='bbox 177 848 321 876; x_wconf 83' lang='lat' dir='ltr'><strong>minorem</strong></span> <span class='ocrx_word' id='word_1_107' title='bbox 339 855 403 876; x_wconf 86' lang='lat' dir='ltr'><strong>esse</strong></span> <span class='ocrx_word' id='word_1_108' title='bbox 415 847 511 882; x_wconf 83' lang='lat' dir='ltr'><strong>sciret,</strong></span> <span class='ocrx_word' id='word_1_109' title='bbox 525 846 635 875; x_wconf 89' lang='lat' dir='ltr'><strong>veritus</strong></span> <span class='ocrx_word' id='word_1_110' title='bbox 652 854 686 874; x_wconf 88' lang='lat' dir='ltr'><strong>ne</strong></span> <span class='ocrx_word' id='word_1_111' title='bbox 703 846 740 874; x_wconf 89' lang='lat' dir='ltr'><strong>ab</strong></span> <span class='ocrx_word' id='word_1_112' title='bbox 769 845 905 874; x_wconf 88' lang='lat' dir='ltr'><strong>hostibus</strong></span> <span class='ocrx_word' id='word_1_113' title='bbox 925 845 998 872; x_wconf 89' lang='lat' dir='ltr'><strong>diri-</strong></span> 
     </span>
    </p>
   </div>
   <div class='ocr_carea' id='block_1_19' title="bbox 178 889 1039 944">
    <p class='ocr_par' dir='ltr' id='par_1_19' title="bbox 178 889 1039 944">
     <span class='ocr_line' id='line_1_19' title="bbox 178 889 1039 944; baseline -0.003 -24"><span class='ocrx_word' id='word_1_114' title='bbox 178 894 326 929; x_wconf 79' lang='lat' dir='ltr'><strong>perentur,</strong></span> <span class='ocrx_word' id='word_1_115' title='bbox 344 891 448 920; x_wconf 76' lang='lat' dir='ltr'><strong>statuit</strong></span> <span class='ocrx_word' id='word_1_116' title='bbox 463 891 574 941; x_wconf 79' lang='lat' dir='ltr'><strong>omissa</strong></span> <span class='ocrx_word' id='word_1_117' title='bbox 588 899 688 944; x_wconf 74' lang='lat' dir='ltr'><strong>pugpa</strong></span> <span class='ocrx_word' id='word_1_118' title='bbox 703 890 797 918; x_wconf 85' lang='lat' dir='ltr'><strong>redire</strong></span> <span class='ocrx_word' id='word_1_119' title='bbox 813 890 848 918; x_wconf 85' lang='lat' dir='ltr'><strong>ad</strong></span> <span class='ocrx_word' id='word_1_120' title='bbox 878 889 997 941; x_wconf 58' lang='lat' dir='ltr'><strong>vallum:</strong></span> <span class='ocrx_word' id='word_1_121' title='bbox 1015 911 1039 944; x_wconf 80' lang='grc' dir='ltr'><strong>Β</strong></span> 
     </span>
    </p>
   </div>
   <div class='ocr_carea' id='block_1_20' title="bbox 178 934 999 973">
    <p class='ocr_par' dir='ltr' id='par_1_20' title="bbox 178 934 999 973">
     <span class='ocr_line' id='line_1_20' title="bbox 178 934 999 973; baseline -0.004 -8"><span class='ocrx_word' id='word_1_122' title='bbox 178 938 249 965; x_wconf 87' lang='lat' dir='ltr'><strong>Cum</strong></span> <span class='ocrx_word' id='word_1_123' title='bbox 265 937 354 973; x_wconf 85' lang='lat' dir='ltr'><strong>igitur</strong></span> <span class='ocrx_word' id='word_1_124' title='bbox 369 936 559 972; x_wconf 86' lang='lat' dir='ltr'><strong>imperatorio</strong></span> <span class='ocrx_word' id='word_1_125' title='bbox 575 935 678 964; x_wconf 87' lang='lat' dir='ltr'><strong>vexillo</strong></span> <span class='ocrx_word' id='word_1_126' title='bbox 690 943 840 968; x_wconf 87' lang='lat' dir='ltr'><strong>converso,</strong></span> <span class='ocrx_word' id='word_1_127' title='bbox 861 934 999 963; x_wconf 83' lang='lat' dir='ltr'><strong>exercitui</strong></span> 
     </span>
    </p>
   </div>
   <div class='ocr_carea' id='block_1_21' title="bbox 177 979 996 1015">
    <p class='ocr_par' dir='ltr' id='par_1_21' title="bbox 177 979 996 1015">
     <span class='ocr_line' id='line_1_21' title="bbox 177 979 996 1015; baseline -0.001 -7"><span class='ocrx_word' id='word_1_128' title='bbox 177 981 371 1014; x_wconf 86' lang='lat' dir='ltr'><strong>denuntisset,</strong></span> <span class='ocrx_word' id='word_1_129' title='bbox 389 982 421 1008; x_wconf 92' lang='lat' dir='ltr'><strong>ut</strong></span> <span class='ocrx_word' id='word_1_130' title='bbox 436 979 513 1008; x_wconf 87' lang='lat' dir='ltr'><strong>idem</strong></span> <span class='ocrx_word' id='word_1_131' title='bbox 530 980 658 1008; x_wconf 82' lang='lat' dir='ltr'><strong>faceret:</strong></span> <span class='ocrx_word' id='word_1_132' title='bbox 677 979 695 1006; x_wconf 90' lang='lat' dir='ltr'><strong>ii</strong></span> <span class='ocrx_word' id='word_1_133' title='bbox 714 979 764 1014; x_wconf 85' lang='lat' dir='ltr'><strong>qui</strong></span> <span class='ocrx_word' id='word_1_134' title='bbox 795 979 872 1007; x_wconf 87' lang='lat' dir='ltr'><strong>circa</strong></span> <span class='ocrx_word' id='word_1_135' title='bbox 899 979 996 1015; x_wconf 85' lang='lat' dir='ltr'><strong>ipsum</strong></span> 
     </span>
    </p>
   </div>
   <div class='ocr_carea' id='block_1_22' title="bbox 175 1024 998 1061">
    <p class='ocr_par' dir='ltr' id='par_1_22' title="bbox 175 1024 998 1061">
     <span class='ocr_line' id='line_1_22' title="bbox 175 1024 998 1061; baseline -0.004 -7"><span class='ocrx_word' id='word_1_136' title='bbox 175 1024 268 1061; x_wconf 76' lang='lat' dir='ltr'><strong>erant,</strong></span> <span class='ocrx_word' id='word_1_137' title='bbox 285 1026 358 1053; x_wconf 88' lang='lat' dir='ltr'><strong>citra</strong></span> <span class='ocrx_word' id='word_1_138' title='bbox 373 1024 534 1052; x_wconf 83' lang='lat' dir='ltr'><strong>tumultum</strong></span> <span class='ocrx_word' id='word_1_139' title='bbox 547 1025 634 1060; x_wconf 84' lang='lat' dir='ltr'><strong>jussa</strong></span> <span class='ocrx_word' id='word_1_140' title='bbox 645 1024 846 1058; x_wconf 80' lang='lat' dir='ltr'><strong>suntexecuti,</strong></span> <span class='ocrx_word' id='word_1_141' title='bbox 859 1024 908 1051; x_wconf 86' lang='lat' dir='ltr'><strong>sed</strong></span> <span class='ocrx_word' id='word_1_142' title='bbox 927 1032 998 1060; x_wconf 89' lang='lat' dir='ltr'><strong>quo-</strong></span> 
     </span>
    </p>
   </div>
   <div class='ocr_carea' id='block_1_23' title="bbox 173 1069 997 1105">
    <p class='ocr_par' dir='ltr' id='par_1_23' title="bbox 173 1069 997 1105">
     <span class='ocr_line' id='line_1_23' title="bbox 173 1069 997 1105; baseline -0.004 -6"><span class='ocrx_word' id='word_1_143' title='bbox 173 1079 240 1099; x_wconf 88' lang='lat' dir='ltr'><strong>rum</strong></span> <span class='ocrx_word' id='word_1_144' title='bbox 256 1070 373 1098; x_wconf 89' lang='lat' dir='ltr'><strong>ordines</strong></span> <span class='ocrx_word' id='word_1_145' title='bbox 384 1069 500 1105; x_wconf 87' lang='lat' dir='ltr'><strong>longius</strong></span> <span class='ocrx_word' id='word_1_146' title='bbox 516 1069 676 1102; x_wconf 82' lang='lat' dir='ltr'><strong>distabant,</strong></span> <span class='ocrx_word' id='word_1_147' title='bbox 703 1076 850 1096; x_wconf 81' lang='lat' dir='ltr'><strong>recessum</strong></span> <span class='ocrx_word' id='word_1_148' title='bbox 872 1069 997 1104; x_wconf 86' lang='lat' dir='ltr'><strong>impera-</strong></span> 
     </span>
    </p>
   </div>
   <div class='ocr_carea' id='block_1_24' title="bbox 172 1113 999 1151">
    <p class='ocr_par' dir='ltr' id='par_1_24' title="bbox 172 1113 999 1151">
     <span class='ocr_line' id='line_1_24' title="bbox 172 1113 999 1151; baseline -0.004 -8"><span class='ocrx_word' id='word_1_149' title='bbox 172 1114 255 1149; x_wconf 86' lang='lat' dir='ltr'><strong>toris,</strong></span> <span class='ocrx_word' id='word_1_150' title='bbox 272 1115 373 1151; x_wconf 84' lang='lat' dir='ltr'><strong>fugam</strong></span> <span class='ocrx_word' id='word_1_151' title='bbox 391 1113 574 1150; x_wconf 84' lang='lat' dir='ltr'><strong>interpretati</strong></span> <span class='ocrx_word' id='word_1_152' title='bbox 587 1117 666 1147; x_wconf 83' lang='lat' dir='ltr'><strong>sunt,</strong></span> <span class='ocrx_word' id='word_1_153' title='bbox 684 1121 716 1141; x_wconf 91' lang='lat' dir='ltr'><strong>eo</strong></span> <span class='ocrx_word' id='word_1_154' title='bbox 733 1121 868 1141; x_wconf 85' lang='lat' dir='ltr'><strong>sermone</strong></span> <span class='ocrx_word' id='word_1_155' title='bbox 884 1113 920 1141; x_wconf 89' lang='lat' dir='ltr'><strong>ab</strong></span> <span class='ocrx_word' id='word_1_156' title='bbox 943 1115 999 1141; x_wconf 81' lang='lat' dir='ltr'><strong>An-</strong></span> 
     </span>
    </p>
   </div>
   <div class='ocr_carea' id='block_1_25' title="bbox 173 1157 998 1194">
    <p class='ocr_par' dir='ltr' id='par_1_25' title="bbox 173 1157 998 1194">
     <span class='ocr_line' id='line_1_25' title="bbox 173 1157 998 1194; baseline -0.004 -6"><span class='ocrx_word' id='word_1_157' title='bbox 173 1159 293 1188; x_wconf 89' lang='lat' dir='ltr'><strong>dronico</strong></span> <span class='ocrx_word' id='word_1_158' title='bbox 308 1158 430 1187; x_wconf 83' lang='lat' dir='ltr'><strong>Caesaris</strong></span> <span class='ocrx_word' id='word_1_159' title='bbox 446 1157 505 1186; x_wconf 83' lang='lat' dir='ltr'><strong>ﬁlio</strong></span> <span class='ocrx_word' id='word_1_160' title='bbox 521 1158 598 1194; x_wconf 79' lang='lat' dir='ltr'><strong>apud</strong></span> <span class='ocrx_word' id='word_1_161' title='bbox 618 1157 780 1194; x_wconf 90' lang='lat' dir='ltr'><strong>phalanges</strong></span> <span class='ocrx_word' id='word_1_162' title='bbox 795 1166 910 1194; x_wconf 87' lang='lat' dir='ltr'><strong>sparso.</strong></span> <span class='ocrx_word' id='word_1_163' title='bbox 926 1159 998 1185; x_wconf 85' lang='lat' dir='ltr'><strong>Nam</strong></span> 
     </span>
    </p>
   </div>
   <div class='ocr_carea' id='block_1_26' title="bbox 172 1203 999 1240">
    <p class='ocr_par' dir='ltr' id='par_1_26' title="bbox 172 1203 999 1240">
     <span class='ocr_line' id='line_1_26' title="bbox 172 1203 999 1240; baseline -0.004 -7"><span class='ocrx_word' id='word_1_164' title='bbox 172 1207 266 1233; x_wconf 56' lang='lat' dir='ltr'><strong>Caesar</strong></span> <span class='ocrx_word' id='word_1_165' title='bbox 283 1204 406 1240; x_wconf 83' lang='lat' dir='ltr'><strong>ejusque</strong></span> <span class='ocrx_word' id='word_1_166' title='bbox 420 1203 471 1231; x_wconf 78' lang='lat' dir='ltr'><strong>ﬁlii</strong></span> <span class='ocrx_word' id='word_1_167' title='bbox 503 1203 629 1231; x_wconf 90' lang='lat' dir='ltr'><strong>subinde</strong></span> <span class='ocrx_word' id='word_1_168' title='bbox 658 1203 829 1239; x_wconf 87' lang='lat' dir='ltr'><strong>imperatori</strong></span> <span class='ocrx_word' id='word_1_169' title='bbox 855 1203 999 1230; x_wconf 86' lang='lat' dir='ltr'><strong>obtrecta-</strong></span> 
     </span>
    </p>
   </div>
   <div class='ocr_carea' id='block_1_27' title="bbox 173 1247 999 1284">
    <p class='ocr_par' dir='ltr' id='par_1_27' title="bbox 173 1247 999 1284">
     <span class='ocr_line' id='line_1_27' title="bbox 173 1247 999 1284; baseline -0.005 -6"><span class='ocrx_word' id='word_1_170' title='bbox 173 1249 256 1284; x_wconf 85' lang='lat' dir='ltr'><strong>bant,</strong></span> <span class='ocrx_word' id='word_1_171' title='bbox 269 1251 298 1278; x_wconf 86' lang='lat' dir='ltr'><strong>et</strong></span> <span class='ocrx_word' id='word_1_172' title='bbox 312 1247 478 1277; x_wconf 85' lang='lat' dir='ltr'><strong>clanculum</strong></span> <span class='ocrx_word' id='word_1_173' title='bbox 495 1247 723 1276; x_wconf 85' lang='lat' dir='ltr'><strong>insidiabantur.</strong></span> <span class='ocrx_word' id='word_1_174' title='bbox 740 1247 768 1276; x_wconf 90' lang='lat' dir='ltr'><strong>Is</strong></span> <span class='ocrx_word' id='word_1_175' title='bbox 783 1247 873 1284; x_wconf 89' lang='lat' dir='ltr'><strong>igitur</strong></span> <span class='ocrx_word' id='word_1_176' title='bbox 887 1247 999 1275; x_wconf 87' lang='lat' dir='ltr'><strong>Andro-</strong></span> 
     </span>
    </p>
   </div>
   <div class='ocr_carea' id='block_1_28' title="bbox 174 1292 998 1329">
    <p class='ocr_par' dir='ltr' id='par_1_28' title="bbox 174 1292 998 1329">
     <span class='ocr_line' id='line_1_28' title="bbox 174 1292 998 1329; baseline -0.004 -7"><span class='ocrx_word' id='word_1_177' title='bbox 174 1294 346 1329; x_wconf 86' lang='lat' dir='ltr'><strong>nicus,cum</strong></span> <span class='ocrx_word' id='word_1_178' title='bbox 363 1301 420 1321; x_wconf 88' lang='lat' dir='ltr'><strong>non</strong></span> <span class='ocrx_word' id='word_1_179' title='bbox 438 1292 567 1320; x_wconf 70' lang='lat' dir='ltr'><strong>minima:</strong></span> <span class='ocrx_word' id='word_1_180' title='bbox 579 1292 653 1328; x_wconf 82' lang='lat' dir='ltr'><strong>parti</strong></span> <span class='ocrx_word' id='word_1_181' title='bbox 669 1292 814 1320; x_wconf 86' lang='lat' dir='ltr'><strong>exercitus</strong></span> <span class='ocrx_word' id='word_1_182' title='bbox 831 1292 998 1328; x_wconf 86' lang='lat' dir='ltr'><strong>imperaret,</strong></span> 
     </span>
    </p>
   </div>
   <div class='ocr_carea' id='block_1_29' title="bbox 175 1335 998 1373">
    <p class='ocr_par' dir='ltr' id='par_1_29' title="bbox 175 1335 998 1373">
     <span class='ocr_line' id='line_1_29' title="bbox 175 1335 998 1373; baseline -0.005 -6"><span class='ocrx_word' id='word_1_183' title='bbox 175 1339 274 1368; x_wconf 86' lang='lat' dir='ltr'><strong>statim</strong></span> <span class='ocrx_word' id='word_1_184' title='bbox 286 1347 351 1366; x_wconf 88' lang='lat' dir='ltr'><strong>cum</strong></span> <span class='ocrx_word' id='word_1_185' title='bbox 362 1338 424 1366; x_wconf 87' lang='lat' dir='ltr'><strong>suis</strong></span> <span class='ocrx_word' id='word_1_186' title='bbox 439 1346 514 1373; x_wconf 87' lang='lat' dir='ltr'><strong>equo</strong></span> <span class='ocrx_word' id='word_1_187' title='bbox 530 1338 685 1370; x_wconf 86' lang='lat' dir='ltr'><strong>concitato,</strong></span> <span class='ocrx_word' id='word_1_188' title='bbox 711 1337 741 1364; x_wconf 91' lang='lat' dir='ltr'><strong>in</strong></span> <span class='ocrx_word' id='word_1_189' title='bbox 768 1335 877 1364; x_wconf 87' lang='lat' dir='ltr'><strong>vallum</strong></span> <span class='ocrx_word' id='word_1_190' title='bbox 903 1335 998 1372; x_wconf 83' lang='lat' dir='ltr'><strong>rediit,</strong></span> 
     </span>
    </p>
   </div>
   <div class='ocr_carea' id='block_1_30' title="bbox 175 1381 999 1421">
    <p class='ocr_par' dir='ltr' id='par_1_30' title="bbox 175 1381 999 1421">
     <span class='ocr_line' id='line_1_30' title="bbox 175 1381 999 1421; baseline -0.005 -9"><span class='ocrx_word' id='word_1_191' title='bbox 175 1393 238 1421; x_wconf 76' lang='lat' dir='ltr'><strong>qua:</strong></span> <span class='ocrx_word' id='word_1_192' title='bbox 254 1391 299 1411; x_wconf 83' lang='lat' dir='ltr'><strong>res</strong></span> <span class='ocrx_word' id='word_1_193' title='bbox 316 1385 435 1411; x_wconf 82' lang='lat' dir='ltr'><strong>caeteros</strong></span> <span class='ocrx_word' id='word_1_194' title='bbox 450 1383 538 1410; x_wconf 86' lang='lat' dir='ltr'><strong>etiam</strong></span> <span class='ocrx_word' id='word_1_195' title='bbox 562 1382 592 1409; x_wconf 86' lang='lat' dir='ltr'><strong>in</strong></span> <span class='ocrx_word' id='word_1_196' title='bbox 622 1382 720 1417; x_wconf 76' lang='lat' dir='ltr'><strong>fugam</strong></span> <span class='ocrx_word' id='word_1_197' title='bbox 745 1381 897 1409; x_wconf 84' lang='lat' dir='ltr'><strong>convertit.</strong></span> <span class='ocrx_word' id='word_1_198' title='bbox 921 1382 999 1413; x_wconf 85' lang='lat' dir='ltr'><strong>Quos</strong></span> 
     </span>
    </p>
   </div>
   <div class='ocr_carea' id='block_1_31' title="bbox 174 1425 998 1463">
    <p class='ocr_par' dir='ltr' id='par_1_31' title="bbox 174 1425 998 1463">
     <span class='ocr_line' id='line_1_31' title="bbox 174 1425 998 1463; baseline -0.005 -6"><span class='ocrx_word' id='word_1_199' title='bbox 174 1436 243 1457; x_wconf 88' lang='lat' dir='ltr'><strong>cum</strong></span> <span class='ocrx_word' id='word_1_200' title='bbox 259 1428 300 1456; x_wconf 88' lang='lat' dir='ltr'><strong>ita</strong></span> <span class='ocrx_word' id='word_1_201' title='bbox 316 1426 487 1463; x_wconf 87' lang='lat' dir='ltr'><strong>perturbate</strong></span> <span class='ocrx_word' id='word_1_202' title='bbox 503 1426 607 1454; x_wconf 86' lang='lat' dir='ltr'><strong>reverti</strong></span> <span class='ocrx_word' id='word_1_203' title='bbox 625 1426 735 1454; x_wconf 83' lang='lat' dir='ltr'><strong>videret</strong></span> <span class='ocrx_word' id='word_1_204' title='bbox 746 1426 917 1462; x_wconf 78' lang='lat' dir='ltr'><strong>imperator,</strong></span> <span class='ocrx_word' id='word_1_205' title='bbox 929 1425 998 1453; x_wconf 89' lang='lat' dir='ltr'><strong>sub-</strong></span> 
     </span>
    </p>
   </div>
   <div class='ocr_carea' id='block_1_32' title="bbox 174 1470 998 1508">
    <p class='ocr_par' dir='ltr' id='par_1_32' title="bbox 174 1470 998 1508">
     <span class='ocr_line' id='line_1_32' title="bbox 174 1470 998 1508; baseline -0.005 -7"><span class='ocrx_word' id='word_1_206' title='bbox 174 1473 260 1508; x_wconf 82' lang='lat' dir='ltr'><strong>stitit,</strong></span> <span class='ocrx_word' id='word_1_207' title='bbox 276 1474 305 1500; x_wconf 88' lang='lat' dir='ltr'><strong>et</strong></span> <span class='ocrx_word' id='word_1_208' title='bbox 319 1472 462 1500; x_wconf 87' lang='lat' dir='ltr'><strong>abeuntes</strong></span> <span class='ocrx_word' id='word_1_209' title='bbox 477 1471 565 1499; x_wconf 84' lang='lat' dir='ltr'><strong>etiam</strong></span> <span class='ocrx_word' id='word_1_210' title='bbox 581 1472 614 1498; x_wconf 84' lang='lat' dir='ltr'><strong>ut</strong></span> <span class='ocrx_word' id='word_1_211' title='bbox 639 1470 843 1504; x_wconf 82' lang='lat' dir='ltr'><strong>subsisterent,</strong></span> <span class='ocrx_word' id='word_1_212' title='bbox 864 1470 998 1498; x_wconf 86' lang='lat' dir='ltr'><strong>hortatus</strong></span> 
     </span>
    </p>
   </div>
   <div class='ocr_carea' id='block_1_33' title="bbox 173 1515 997 1551">
    <p class='ocr_par' dir='ltr' id='par_1_33' title="bbox 173 1515 997 1551">
     <span class='ocr_line' id='line_1_33' title="bbox 173 1515 997 1551; baseline -0.007 -4"><span class='ocrx_word' id='word_1_213' title='bbox 173 1520 238 1547; x_wconf 89' lang='lat' dir='ltr'><strong>est:</strong></span> <span class='ocrx_word' id='word_1_214' title='bbox 255 1516 306 1545; x_wconf 90' lang='lat' dir='ltr'><strong>sed</strong></span> <span class='ocrx_word' id='word_1_215' title='bbox 322 1516 664 1549; x_wconf 88' lang='lat' dir='ltr'><strong>obsurduerantomnes,</strong></span> <span class='ocrx_word' id='word_1_216' title='bbox 683 1523 734 1543; x_wconf 90' lang='lat' dir='ltr'><strong>nec</strong></span> <span class='ocrx_word' id='word_1_217' title='bbox 746 1515 845 1551; x_wconf 81' lang='lat' dir='ltr'><strong>fugam</strong></span> <span class='ocrx_word' id='word_1_218' title='bbox 867 1515 997 1542; x_wconf 84' lang='lat' dir='ltr'><strong>remitte—</strong></span> 
     </span>
    </p>
   </div>
   <div class='ocr_carea' id='block_1_34' title="bbox 172 1559 994 1596">
    <p class='ocr_par' dir='ltr' id='par_1_34' title="bbox 172 1559 994 1596">
     <span class='ocr_line' id='line_1_34' title="bbox 172 1559 994 1596; baseline -0.007 -4"><span class='ocrx_word' id='word_1_219' title='bbox 172 1563 255 1592; x_wconf 87' lang='lat' dir='ltr'><strong>bant.</strong></span> <span class='ocrx_word' id='word_1_220' title='bbox 272 1561 346 1591; x_wconf 84' lang='lat' dir='ltr'><strong>Gum</strong></span> <span class='ocrx_word' id='word_1_221' title='bbox 361 1563 459 1589; x_wconf 84' lang='lat' dir='ltr'><strong>autem</strong></span> <span class='ocrx_word' id='word_1_222' title='bbox 473 1560 574 1588; x_wconf 85' lang='lat' dir='ltr'><strong>hostes</strong></span> <span class='ocrx_word' id='word_1_223' title='bbox 590 1559 774 1596; x_wconf 87' lang='lat' dir='ltr'><strong>inopinatam</strong></span> <span class='ocrx_word' id='word_1_224' title='bbox 796 1561 994 1587; x_wconf 83' lang='lat' dir='ltr'><strong>Romanorum</strong></span> 
     </span>
    </p>
   </div>
   <div class='ocr_carea' id='block_1_35' title="bbox 1058 261 1904 300">
    <p class='ocr_par' dir='ltr' id='par_1_35' title="bbox 1058 261 1904 300">
     <span class='ocr_line' id='line_1_35' title="bbox 1058 261 1904 300; baseline 0.001 -9"><span class='ocrx_word' id='word_1_225' title='bbox 1058 261 1161 292; x_wconf 75' lang='grc' dir='ltr'>ϐάσεων</span> <span class='ocrx_word' id='word_1_226' title='bbox 1206 263 1376 300; x_wconf 77' lang='grc' dir='ltr'>διαλέξασθαι</span> <span class='ocrx_word' id='word_1_227' title='bbox 1396 287 1403 299; x_wconf 92' lang='grc'><strong>,</strong></span> <span class='ocrx_word' id='word_1_228' title='bbox 1443 263 1617 292; x_wconf 71' lang='grc' dir='ltr'>καταλιπέτω</span> <span class='ocrx_word' id='word_1_229' title='bbox 1655 265 1702 292; x_wconf 76' lang='grc' dir='ltr'><strong>τὸν</strong></span> <span class='ocrx_word' id='word_1_230' title='bbox 1740 264 1827 293; x_wconf 88' lang='grc' dir='ltr'>τόπον</span> <span class='ocrx_word' id='word_1_231' title='bbox 1868 264 1904 292; x_wconf 76' lang='grc' dir='ltr'>ἐν</span> 
     </span>
    </p>
   </div>
   <div class='ocr_carea' id='block_1_36' title="bbox 1057 308 1902 348">
    <p class='ocr_par' dir='ltr' id='par_1_36' title="bbox 1057 308 1902 348">
     <span class='ocr_line' id='line_1_36' title="bbox 1057 308 1902 348; baseline 0.001 -12"><span class='ocrx_word' id='word_1_232' title='bbox 1057 309 1132 347; x_wconf 77' lang='grc' dir='ltr'>ᾧπερ</span> <span class='ocrx_word' id='word_1_233' title='bbox 1163 308 1411 348; x_wconf 71' lang='grc' dir='ltr'>ἐστρατοπέδευται,</span> <span class='ocrx_word' id='word_1_234' title='bbox 1438 308 1483 336; x_wconf 80' lang='grc' dir='ltr'>καὶ</span> <span class='ocrx_word' id='word_1_235' title='bbox 1511 309 1607 347; x_wconf 76' lang='grc' dir='ltr'>πόρῥω</span> <span class='ocrx_word' id='word_1_236' title='bbox 1636 319 1683 337; x_wconf 81' lang='grc' dir='ltr'><strong>ποι</strong></span> <span class='ocrx_word' id='word_1_237' title='bbox 1711 320 1902 345; x_wconf 81' lang='grc' dir='ltr'>κατασκηνω-</span> 
     </span>
    </p>
   </div>
   <div class='ocr_carea' id='block_1_37' title="bbox 1058 353 1901 392">
    <p class='ocr_par' dir='ltr' id='par_1_37' title="bbox 1058 353 1901 392">
     <span class='ocr_line' id='line_1_37' title="bbox 1058 353 1901 392; baseline -0.001 -11"><span class='ocrx_word' id='word_1_238' title='bbox 1058 354 1142 387; x_wconf 79' lang='grc' dir='ltr'>σάτω,</span> <span class='ocrx_word' id='word_1_239' title='bbox 1177 353 1245 382; x_wconf 81' lang='grc' dir='ltr'>ὥστε</span> <span class='ocrx_word' id='word_1_240' title='bbox 1275 365 1307 391; x_wconf 85' lang='grc' dir='ltr'><strong>με</strong></span> <span class='ocrx_word' id='word_1_241' title='bbox 1337 354 1404 391; x_wconf 78' lang='grc' dir='ltr'>μετὰ</span> <span class='ocrx_word' id='word_1_242' title='bbox 1431 355 1480 387; x_wconf 81' lang='grc' dir='ltr'><strong>τῆς</strong></span> <span class='ocrx_word' id='word_1_243' title='bbox 1509 354 1667 391; x_wconf 79' lang='grc' dir='ltr'>Ῥωμαῖκῆς</span> <span class='ocrx_word' id='word_1_244' title='bbox 1691 357 1818 392; x_wconf 72' lang='grc' dir='ltr'>στρατιᾶς</span> <span class='ocrx_word' id='word_1_245' title='bbox 1846 355 1901 382; x_wconf 78' lang='grc' dir='ltr'>τὸν</span> 
     </span>
    </p>
   </div>
   <div class='ocr_carea' id='block_1_38' title="bbox 1057 396 1898 437">
    <p class='ocr_par' dir='ltr' id='par_1_38' title="bbox 1057 396 1898 437">
     <span class='ocr_line' id='line_1_38' title="bbox 1057 396 1898 437; baseline 0.002 -13"><span class='ocrx_word' id='word_1_246' title='bbox 1057 398 1165 436; x_wconf 72' lang='grc' dir='ltr'>χάρακα</span> <span class='ocrx_word' id='word_1_247' title='bbox 1193 399 1348 434; x_wconf 72' lang='grc' dir='ltr'><strong>πήξασθαι,</strong></span> <span class='ocrx_word' id='word_1_248' title='bbox 1378 397 1446 426; x_wconf 76' lang='grc' dir='ltr'>ὅπου</span> <span class='ocrx_word' id='word_1_249' title='bbox 1470 400 1516 426; x_wconf 77' lang='grc' dir='ltr'>νῦν</span> <span class='ocrx_word' id='word_1_250' title='bbox 1551 399 1621 426; x_wconf 76' lang='grc' dir='ltr'>ἔστιν</span> <span class='ocrx_word' id='word_1_251' title='bbox 1650 400 1668 433; x_wconf 72' lang='grc' dir='ltr'><strong>’ἡ</strong></span> <span class='ocrx_word' id='word_1_252' title='bbox 1698 401 1752 426; x_wconf 87' lang='grc' dir='ltr'><strong>τῶν</strong></span> <span class='ocrx_word' id='word_1_253' title='bbox 1780 396 1898 437; x_wconf 69' lang='grc' dir='ltr'>βαρϐά-</span> 
     </span>
    </p>
   </div>
   <div class='ocr_carea' id='block_1_39' title="bbox 1058 441 1895 482">
    <p class='ocr_par' dir='ltr' id='par_1_39' title="bbox 1058 441 1895 482">
     <span class='ocr_line' id='line_1_39' title="bbox 1058 441 1895 482; baseline 0 -12"><span class='ocrx_word' id='word_1_254' title='bbox 1058 453 1111 481; x_wconf 86' lang='grc' dir='ltr'><strong>ρων</strong></span> <span class='ocrx_word' id='word_1_255' title='bbox 1141 441 1303 480; x_wconf 78' lang='grc' dir='ltr'>παρεμϐολή</span> <span class='ocrx_word' id='word_1_256' title='bbox 1323 464 1329 471; x_wconf 92' lang='grc'><em>.</em></span> <span class='ocrx_word' id='word_1_257' title='bbox 1355 444 1446 472; x_wconf 77' lang='grc' dir='ltr'>Ταῦτα</span> <span class='ocrx_word' id='word_1_258' title='bbox 1483 445 1541 474; x_wconf 84' lang='grc' dir='ltr'>τοῖς</span> <span class='ocrx_word' id='word_1_259' title='bbox 1570 441 1696 481; x_wconf 76' lang='grc' dir='ltr'>πρέσϐεσι</span> <span class='ocrx_word' id='word_1_260' title='bbox 1727 442 1895 482; x_wconf 70' lang='grc' dir='ltr'>διαλεχθεὶς</span> 
     </span>
    </p>
   </div>
   <div class='ocr_carea' id='block_1_40' title="bbox 1057 487 1893 526">
    <p class='ocr_par' dir='ltr' id='par_1_40' title="bbox 1057 487 1893 526">
     <span class='ocr_line' id='line_1_40' title="bbox 1057 487 1893 526; baseline 0.002 -12"><span class='ocrx_word' id='word_1_261' title='bbox 1057 487 1314 526; x_wconf 84' lang='grc' dir='ltr'>ἀλαζονικώτερον,</span> <span class='ocrx_word' id='word_1_262' title='bbox 1343 487 1484 524; x_wconf 80' lang='grc' dir='ltr'><strong>συντόμως</strong></span> <span class='ocrx_word' id='word_1_263' title='bbox 1529 487 1683 516; x_wconf 79' lang='grc' dir='ltr'>ἐπανελθεῖν</span> <span class='ocrx_word' id='word_1_264' title='bbox 1719 488 1893 516; x_wconf 74' lang='grc' dir='ltr'>ἐνετείλατο.</span> 
     </span>
    </p>
   </div>
   <div class='ocr_carea' id='block_1_41' title="bbox 1056 531 1892 571">
    <p class='ocr_par' dir='ltr' id='par_1_41' title="bbox 1056 531 1892 571">
     <span class='ocr_line' id='line_1_41' title="bbox 1056 531 1892 571; baseline 0.001 -11"><span class='ocrx_word' id='word_1_265' title='bbox 1056 533 1090 561; x_wconf 74' lang='grc' dir='ltr'><strong>Οἱ</strong></span> <span class='ocrx_word' id='word_1_266' title='bbox 1107 533 1154 569; x_wconf 71' lang='grc' dir='ltr'>μὲν</span> <span class='ocrx_word' id='word_1_267' title='bbox 1169 533 1215 560; x_wconf 81' lang='grc' dir='ltr'><strong>οὗν</strong></span> <span class='ocrx_word' id='word_1_268' title='bbox 1242 535 1282 569; x_wconf 77' lang='grc' dir='ltr'>τῷ</span> <span class='ocrx_word' id='word_1_269' title='bbox 1308 532 1424 560; x_wconf 74' lang='grc' dir='ltr'>σουλτὰν</span> <span class='ocrx_word' id='word_1_270' title='bbox 1453 534 1517 565; x_wconf 82' lang='grc' dir='ltr'>τοὺς</span> <span class='ocrx_word' id='word_1_271' title='bbox 1543 535 1592 561; x_wconf 77' lang='grc' dir='ltr'><strong>τοῦ</strong></span> <span class='ocrx_word' id='word_1_272' title='bbox 1624 531 1758 571; x_wconf 82' lang='grc' dir='ltr'>βασιλέως</span> <span class='ocrx_word' id='word_1_273' title='bbox 1783 533 1892 571; x_wconf 78' lang='grc' dir='ltr'>λόγους</span> 
     </span>
    </p>
   </div>
   <div class='ocr_carea' id='block_1_42' title="bbox 1057 577 1889 616">
    <p class='ocr_par' dir='ltr' id='par_1_42' title="bbox 1057 577 1889 616">
     <span class='ocr_line' id='line_1_42' title="bbox 1057 577 1889 616; baseline 0.001 -12"><span class='ocrx_word' id='word_1_274' title='bbox 1057 577 1242 614; x_wconf 65' lang='grc' dir='ltr'>ἀπήγγελλον,</span> <span class='ocrx_word' id='word_1_275' title='bbox 1256 577 1380 610; x_wconf 80' lang='grc' dir='ltr'>κάκεῖνος</span> <span class='ocrx_word' id='word_1_276' title='bbox 1397 578 1464 615; x_wconf 82' lang='grc' dir='ltr'>μετὰ</span> <span class='ocrx_word' id='word_1_277' title='bbox 1484 580 1537 605; x_wconf 84' lang='grc' dir='ltr'><strong>τῶν</strong></span> <span class='ocrx_word' id='word_1_278' title='bbox 1555 577 1617 615; x_wconf 83' lang='grc' dir='ltr'>περὶ</span> <span class='ocrx_word' id='word_1_279' title='bbox 1642 577 1721 606; x_wconf 77' lang='grc' dir='ltr'>αὐτὸν</span> <span class='ocrx_word' id='word_1_280' title='bbox 1747 579 1809 616; x_wconf 86' lang='grc' dir='ltr'><strong>περὶ</strong></span> <span class='ocrx_word' id='word_1_281' title='bbox 1830 580 1889 605; x_wconf 82' lang='grc' dir='ltr'><strong>τῶν</strong></span> 
     </span>
    </p>
   </div>
   <div class='ocr_carea' id='block_1_43' title="bbox 1056 620 1892 661">
    <p class='ocr_par' dir='ltr' id='par_1_43' title="bbox 1056 620 1892 661">
     <span class='ocr_line' id='line_1_43' title="bbox 1056 620 1892 661; baseline 0.001 -12"><span class='ocrx_word' id='word_1_282' title='bbox 1056 625 1105 657; x_wconf 77' lang='grc' dir='ltr'><strong>τῆς</strong></span> <span class='ocrx_word' id='word_1_283' title='bbox 1129 622 1240 659; x_wconf 72' lang='grc' dir='ltr'>ιῖρήνης</span> <span class='ocrx_word' id='word_1_284' title='bbox 1270 624 1409 657; x_wconf 74' lang='grc' dir='ltr'><strong>συνθηκῶν</strong></span> <span class='ocrx_word' id='word_1_285' title='bbox 1439 620 1609 650; x_wconf 72' lang='grc' dir='ltr'>ἐϐουλεύετο.</span> <span class='ocrx_word' id='word_1_286' title='bbox 1638 623 1666 650; x_wconf 93' lang='grc' dir='ltr'>Ὀ</span> <span class='ocrx_word' id='word_1_287' title='bbox 1696 621 1725 650; x_wconf 80' lang='grc' dir='ltr'><strong>δέ</strong></span> <span class='ocrx_word' id='word_1_288' title='bbox 1749 633 1781 660; x_wconf 86' lang='grc' dir='ltr'><strong>γε</strong></span> <span class='ocrx_word' id='word_1_289' title='bbox 1807 623 1892 661; x_wconf 74' lang='grc' dir='ltr'>βασι-</span> 
     </span>
    </p>
   </div>
   <div class='ocr_carea' id='block_1_44' title="bbox 1057 665 1891 706">
    <p class='ocr_par' dir='ltr' id='par_1_44' title="bbox 1057 665 1891 706">
     <span class='ocr_line' id='line_1_44' title="bbox 1057 665 1891 706; baseline 0.001 -13"><span class='ocrx_word' id='word_1_290' title='bbox 1057 665 1130 701; x_wconf 71' lang='grc' dir='ltr'>λεὺς,</span> <span class='ocrx_word' id='word_1_291' title='bbox 1149 666 1363 706; x_wconf 78' lang='grc' dir='ltr'>ὑπερφρονήσας,</span> <span class='ocrx_word' id='word_1_292' title='bbox 1377 666 1421 694; x_wconf 84' lang='grc' dir='ltr'><strong>καί</strong></span> <span class='ocrx_word' id='word_1_293' title='bbox 1435 677 1488 694; x_wconf 91' lang='grc' dir='ltr'>τισι</span> <span class='ocrx_word' id='word_1_294' title='bbox 1505 667 1684 704; x_wconf 71' lang='grc' dir='ltr'>πεπεισμένος</span> <span class='ocrx_word' id='word_1_295' title='bbox 1706 670 1761 695; x_wconf 88' lang='grc' dir='ltr'><strong>τῶν</strong></span> <span class='ocrx_word' id='word_1_296' title='bbox 1777 667 1891 704; x_wconf 78' lang='grc' dir='ltr'>ᾠκειω-</span> 
     </span>
    </p>
   </div>
   <div class='ocr_carea' id='block_1_45' title="bbox 1058 710 1890 750">
    <p class='ocr_par' dir='ltr' id='par_1_45' title="bbox 1058 710 1890 750">
     <span class='ocr_line' id='line_1_45' title="bbox 1058 710 1890 750; baseline 0 -12"><span class='ocrx_word' id='word_1_297' title='bbox 1058 710 1143 748; x_wconf 83' lang='grc' dir='ltr'>μὲνων</span> <span class='ocrx_word' id='word_1_298' title='bbox 1161 711 1244 747; x_wconf 80' lang='grc' dir='ltr'>αὐτῷ,</span> <span class='ocrx_word' id='word_1_299' title='bbox 1260 710 1454 739; x_wconf 82' lang='grc' dir='ltr'>δεδειλιακὲναι</span> <span class='ocrx_word' id='word_1_300' title='bbox 1485 710 1593 750; x_wconf 74' lang='grc' dir='ltr'>λέγουσι</span> <span class='ocrx_word' id='word_1_301' title='bbox 1621 711 1668 740; x_wconf 77' lang='grc' dir='ltr'>τὸν</span> <span class='ocrx_word' id='word_1_302' title='bbox 1698 710 1826 745; x_wconf 71' lang='grc' dir='ltr'>σουλτὶν,</span> <span class='ocrx_word' id='word_1_303' title='bbox 1849 712 1890 743; x_wconf 85' lang='grc' dir='ltr'><strong>ὡς</strong></span> 
     </span>
    </p>
   </div>
   <div class='ocr_carea' id='block_1_46' title="bbox 1057 754 1889 794">
    <p class='ocr_par' dir='ltr' id='par_1_46' title="bbox 1057 754 1889 794">
     <span class='ocr_line' id='line_1_46' title="bbox 1057 754 1889 794; baseline 0.002 -12"><span class='ocrx_word' id='word_1_304' title='bbox 1057 755 1095 793; x_wconf 79' lang='grc' dir='ltr'>μὴ</span> <span class='ocrx_word' id='word_1_305' title='bbox 1126 756 1279 794; x_wconf 75' lang='grc' dir='ltr'>ἀξιόμαχον</span> <span class='ocrx_word' id='word_1_306' title='bbox 1306 755 1470 794; x_wconf 68' lang='grc' dir='ltr'>ἐπαγόμενον</span> <span class='ocrx_word' id='word_1_307' title='bbox 1501 754 1633 793; x_wconf 77' lang='grc' dir='ltr'>δύναμιν”,</span> <span class='ocrx_word' id='word_1_308' title='bbox 1661 757 1705 784; x_wconf 84' lang='grc' dir='ltr'><strong>καὶ</strong></span> <span class='ocrx_word' id='word_1_309' title='bbox 1737 755 1781 784; x_wconf 79' lang='grc' dir='ltr'><strong>διὰ</strong></span> <span class='ocrx_word' id='word_1_310' title='bbox 1804 755 1889 784; x_wconf 75' lang='grc' dir='ltr'><strong>τοῦτο</strong></span> 
     </span>
    </p>
   </div>
   <div class='ocr_carea' id='block_1_47' title="bbox 1053 799 1887 839">
    <p class='ocr_par' dir='ltr' id='par_1_47' title="bbox 1053 799 1887 839">
     <span class='ocr_line' id='line_1_47' title="bbox 1053 799 1887 839; baseline 0 -11"><span class='ocrx_word' id='word_1_311' title='bbox 1053 801 1103 834; x_wconf 74' lang='grc' dir='ltr'><strong>τὴν</strong></span> <span class='ocrx_word' id='word_1_312' title='bbox 1134 800 1244 838; x_wconf 81' lang='grc' dir='ltr'>εἰρήνην</span> <span class='ocrx_word' id='word_1_313' title='bbox 1271 802 1373 836; x_wconf 78' lang='grc' dir='ltr'>ζητεῖν,</span> <span class='ocrx_word' id='word_1_314' title='bbox 1397 799 1456 836; x_wconf 65' lang='grc' dir='ltr'>ἵνα,</span> <span class='ocrx_word' id='word_1_315' title='bbox 1484 804 1534 836; x_wconf 83' lang='grc' dir='ltr'>τῆς</span> <span class='ocrx_word' id='word_1_316' title='bbox 1561 801 1653 839; x_wconf 81' lang='grc' dir='ltr'>μάχης</span> <span class='ocrx_word' id='word_1_317' title='bbox 1680 801 1887 838; x_wconf 70' lang='grc' dir='ltr'>ὑπερτεθείσης,</span> 
     </span>
    </p>
   </div>
   <div class='ocr_carea' id='block_1_48' title="bbox 1053 843 1885 883">
    <p class='ocr_par' dir='ltr' id='par_1_48' title="bbox 1053 843 1885 883">
     <span class='ocr_line' id='line_1_48' title="bbox 1053 843 1885 883; baseline 0.001 -11"><span class='ocrx_word' id='word_1_318' title='bbox 1053 845 1099 872; x_wconf 83' lang='grc' dir='ltr'><strong>καὶ</strong></span> <span class='ocrx_word' id='word_1_319' title='bbox 1127 843 1216 879; x_wconf 76' lang='grc' dir='ltr'>ἄλλην</span> <span class='ocrx_word' id='word_1_320' title='bbox 1242 843 1356 881; x_wconf 85' lang='grc' dir='ltr'>δύναμιν</span> <span class='ocrx_word' id='word_1_321' title='bbox 1385 846 1614 883; x_wconf 77' lang='grc' dir='ltr'>προσαγάγηται,</span> <span class='ocrx_word' id='word_1_322' title='bbox 1645 846 1715 882; x_wconf 83' lang='grc' dir='ltr'>μήτε</span> <span class='ocrx_word' id='word_1_323' title='bbox 1748 846 1799 880; x_wconf 76' lang='grc' dir='ltr'>τὴν</span> <span class='ocrx_word' id='word_1_324' title='bbox 1827 849 1885 873; x_wconf 85' lang='grc' dir='ltr'><strong>τῶν</strong></span> 
     </span>
    </p>
   </div>
   <div class='ocr_carea' id='block_1_49' title="bbox 1053 887 1887 929">
    <p class='ocr_par' dir='ltr' id='par_1_49' title="bbox 1053 887 1887 929">
     <span class='ocr_line' id='line_1_49' title="bbox 1053 887 1887 929; baseline 0.002 -13"><span class='ocrx_word' id='word_1_325' title='bbox 1053 887 1191 927; x_wconf 75' lang='grc' dir='ltr'>πρέσϐεων</span> <span class='ocrx_word' id='word_1_326' title='bbox 1219 889 1364 926; x_wconf 77' lang='grc' dir='ltr'>ἀναμείνας</span> <span class='ocrx_word' id='word_1_327' title='bbox 1400 890 1573 929; x_wconf 71' lang='grc' dir='ltr'>ὑποστροφὴν</span> <span class='ocrx_word' id='word_1_328' title='bbox 1593 911 1600 924; x_wconf 91' lang='grc'><strong>,</strong></span> <span class='ocrx_word' id='word_1_329' title='bbox 1628 891 1692 926; x_wconf 87' lang='grc' dir='ltr'>μήθ’</span> <span class='ocrx_word' id='word_1_330' title='bbox 1731 889 1824 927; x_wconf 77' lang='grc' dir='ltr'>ἕτερόν</span> <span class='ocrx_word' id='word_1_331' title='bbox 1858 902 1887 917; x_wconf 86' lang='grc' dir='ltr'><strong>τι</strong></span> 
     </span>
    </p>
   </div>
   <div class='ocr_carea' id='block_1_50' title="bbox 1055 933 1885 972">
    <p class='ocr_par' dir='ltr' id='par_1_50' title="bbox 1055 933 1885 972">
     <span class='ocr_line' id='line_1_50' title="bbox 1055 933 1885 972; baseline 0.001 -11"><span class='ocrx_word' id='word_1_332' title='bbox 1055 935 1217 970; x_wconf 83' lang='grc' dir='ltr'>σκοπήσας,</span> <span class='ocrx_word' id='word_1_333' title='bbox 1245 937 1306 966; x_wconf 83' lang='grc' dir='ltr'>τοῖς</span> <span class='ocrx_word' id='word_1_334' title='bbox 1344 933 1510 971; x_wconf 73' lang='grc' dir='ltr'>σαλπιγκαῖς</span> <span class='ocrx_word' id='word_1_335' title='bbox 1545 934 1681 962; x_wconf 74' lang='grc' dir='ltr'>ἐκέλευσιν</span> <span class='ocrx_word' id='word_1_336' title='bbox 1716 935 1823 972; x_wconf 79' lang='grc' dir='ltr'>ἠχῆσαι</span> <span class='ocrx_word' id='word_1_337' title='bbox 1851 935 1885 962; x_wconf 78' lang='grc' dir='ltr'>τὸ</span> 
     </span>
    </p>
   </div>
   <div class='ocr_carea' id='block_1_51' title="bbox 1055 976 1884 1017">
    <p class='ocr_par' dir='ltr' id='par_1_51' title="bbox 1055 976 1884 1017">
     <span class='ocr_line' id='line_1_51' title="bbox 1055 976 1884 1017; baseline 0 -11"><span class='ocrx_word' id='word_1_338' title='bbox 1055 979 1189 1008; x_wconf 80' lang='grc' dir='ltr'>ἐνυάλιον.</span> <span class='ocrx_word' id='word_1_339' title='bbox 1204 979 1271 1010; x_wconf 77' lang='grc' dir='ltr'>Τοὺς</span> <span class='ocrx_word' id='word_1_340' title='bbox 1287 977 1316 1006; x_wconf 72' lang='grc' dir='ltr'>δὲ</span> <span class='ocrx_word' id='word_1_341' title='bbox 1331 976 1486 1017; x_wconf 77' lang='grc' dir='ltr'>Βαρϐάρους</span> <span class='ocrx_word' id='word_1_342' title='bbox 1501 979 1531 1006; x_wconf 81' lang='grc' dir='ltr'>τὸ</span> <span class='ocrx_word' id='word_1_343' title='bbox 1555 978 1689 1017; x_wconf 68' lang='grc' dir='ltr'>αἰφνίδιον</span> <span class='ocrx_word' id='word_1_344' title='bbox 1711 978 1884 1017; x_wconf 76' lang='grc' dir='ltr'>διεθρόησεν,</span> 
     </span>
    </p>
   </div>
   <div class='ocr_carea' id='block_1_52' title="bbox 1053 1021 1884 1061">
    <p class='ocr_par' dir='ltr' id='par_1_52' title="bbox 1053 1021 1884 1061">
     <span class='ocr_line' id='line_1_52' title="bbox 1053 1021 1884 1061; baseline 0 -10"><span class='ocrx_word' id='word_1_345' title='bbox 1053 1023 1125 1052; x_wconf 75' lang='grc' dir='ltr'>ἀλλὰ</span> <span class='ocrx_word' id='word_1_346' title='bbox 1150 1024 1195 1052; x_wconf 83' lang='grc' dir='ltr'><strong>καὶ</strong></span> <span class='ocrx_word' id='word_1_347' title='bbox 1231 1024 1303 1052; x_wconf 68' lang='grc' dir='ltr'>οὕτω</span> <span class='ocrx_word' id='word_1_348' title='bbox 1342 1024 1380 1054; x_wconf 65' lang='grc' dir='ltr'>εἲς</span> <span class='ocrx_word' id='word_1_349' title='bbox 1418 1023 1623 1061; x_wconf 67' lang='grc' dir='ltr'>ἀντιπαράταξιν</span> <span class='ocrx_word' id='word_1_350' title='bbox 1660 1021 1795 1058; x_wconf 78' lang='grc' dir='ltr'>ἔστησαν,</span> <span class='ocrx_word' id='word_1_351' title='bbox 1839 1025 1884 1051; x_wconf 80' lang='grc' dir='ltr'><strong>καὶ</strong></span> 
     </span>
    </p>
   </div>
   <div class='ocr_carea' id='block_1_53' title="bbox 1054 1067 1882 1106">
    <p class='ocr_par' dir='ltr' id='par_1_53' title="bbox 1054 1067 1882 1106">
     <span class='ocr_line' id='line_1_53' title="bbox 1054 1067 1882 1106; baseline 0 -10"><span class='ocrx_word' id='word_1_352' title='bbox 1054 1067 1184 1096; x_wconf 78' lang='grc' dir='ltr'>ἐπιόντων</span> <span class='ocrx_word' id='word_1_353' title='bbox 1220 1069 1314 1100; x_wconf 82' lang='grc' dir='ltr'>αὐτοῖς</span> <span class='ocrx_word' id='word_1_354' title='bbox 1354 1070 1406 1095; x_wconf 89' lang='grc' dir='ltr'><strong>τῶν</strong></span> <span class='ocrx_word' id='word_1_355' title='bbox 1445 1068 1590 1105; x_wconf 82' lang='grc' dir='ltr'>Ῥωμαίων</span> <span class='ocrx_word' id='word_1_356' title='bbox 1625 1069 1677 1096; x_wconf 77' lang='grc' dir='ltr'>οὐκ</span> <span class='ocrx_word' id='word_1_357' title='bbox 1707 1068 1882 1106; x_wconf 73' lang='grc' dir='ltr'>ἀντεπῂεσαν,</span> 
     </span>
    </p>
   </div>
   <div class='ocr_carea' id='block_1_54' title="bbox 1053 1112 1884 1151">
    <p class='ocr_par' dir='ltr' id='par_1_54' title="bbox 1053 1112 1884 1151">
     <span class='ocr_line' id='line_1_54' title="bbox 1053 1112 1884 1151; baseline 0.002 -11"><span class='ocrx_word' id='word_1_358' title='bbox 1053 1113 1116 1141; x_wconf 82' lang='grc' dir='ltr'>ἀλλ’</span> <span class='ocrx_word' id='word_1_359' title='bbox 1132 1112 1307 1151; x_wconf 75' lang='grc' dir='ltr'>ἀνεχάζοντο,</span> <span class='ocrx_word' id='word_1_360' title='bbox 1325 1114 1393 1150; x_wconf 85' lang='grc' dir='ltr'>μήτε</span> <span class='ocrx_word' id='word_1_361' title='bbox 1407 1113 1441 1140; x_wconf 77' lang='grc' dir='ltr'><strong>τὰ</strong></span> <span class='ocrx_word' id='word_1_362' title='bbox 1455 1115 1528 1140; x_wconf 83' lang='grc' dir='ltr'>νῶτα</span> <span class='ocrx_word' id='word_1_363' title='bbox 1551 1113 1707 1150; x_wconf 74' lang='grc' dir='ltr'>τρέποντες,</span> <span class='ocrx_word' id='word_1_364' title='bbox 1734 1114 1804 1150; x_wconf 85' lang='grc' dir='ltr'>μήτε</span> <span class='ocrx_word' id='word_1_365' title='bbox 1822 1114 1884 1150; x_wconf 74' lang='grc' dir='ltr'>μέν·</span> 
     </span>
    </p>
   </div>
   <div class='ocr_carea' id='block_1_55' title="bbox 1053 1156 1883 1196">
    <p class='ocr_par' dir='ltr' id='par_1_55' title="bbox 1053 1156 1883 1196">
     <span class='ocr_line' id='line_1_55' title="bbox 1053 1156 1883 1196; baseline 0.001 -11"><span class='ocrx_word' id='word_1_366' title='bbox 1053 1168 1095 1185; x_wconf 85' lang='grc' dir='ltr'><strong>τοι</strong></span> <span class='ocrx_word' id='word_1_367' title='bbox 1122 1158 1286 1196; x_wconf 85' lang='grc' dir='ltr'>μαχόμενοι.</span> <span class='ocrx_word' id='word_1_368' title='bbox 1312 1158 1356 1188; x_wconf 69' lang='grc' dir='ltr'>Ὠς</span> <span class='ocrx_word' id='word_1_369' title='bbox 1382 1157 1411 1185; x_wconf 81' lang='grc' dir='ltr'>δὶ</span> <span class='ocrx_word' id='word_1_370' title='bbox 1439 1158 1501 1196; x_wconf 86' lang='grc' dir='ltr'>περὶ</span> <span class='ocrx_word' id='word_1_371' title='bbox 1527 1156 1621 1193; x_wconf 81' lang='grc' dir='ltr'>δείλην</span> <span class='ocrx_word' id='word_1_372' title='bbox 1644 1157 1723 1195; x_wconf 76' lang='grc' dir='ltr'>ὀψίαν</span> <span class='ocrx_word' id='word_1_373' title='bbox 1747 1159 1765 1193; x_wconf 81' lang='grc' dir='ltr'><strong>ἡ</strong></span> <span class='ocrx_word' id='word_1_374' title='bbox 1790 1158 1883 1195; x_wconf 74' lang='grc' dir='ltr'>ἡμέρα</span> 
     </span>
    </p>
   </div>
   <div class='ocr_carea' id='block_1_56' title="bbox 1054 1201 1883 1242">
    <p class='ocr_par' dir='ltr' id='par_1_56' title="bbox 1054 1201 1883 1242">
     <span class='ocr_line' id='line_1_56' title="bbox 1054 1201 1883 1242; baseline 0 -12"><span class='ocrx_word' id='word_1_375' title='bbox 1054 1202 1168 1240; x_wconf 70' lang='grc' dir='ltr'>ἐγένετο,</span> <span class='ocrx_word' id='word_1_376' title='bbox 1185 1201 1264 1234; x_wconf 76' lang='grc' dir='ltr'>εἰδὼς</span> <span class='ocrx_word' id='word_1_377' title='bbox 1282 1203 1295 1230; x_wconf 92' lang='lat'><strong>6</strong></span> <span class='ocrx_word' id='word_1_378' title='bbox 1312 1201 1443 1234; x_wconf 67' lang='grc' dir='ltr'>Βασιλεὺς</span> <span class='ocrx_word' id='word_1_379' title='bbox 1469 1203 1509 1230; x_wconf 80' lang='grc' dir='ltr'><strong>δτι</strong></span> <span class='ocrx_word' id='word_1_380' title='bbox 1536 1201 1644 1242; x_wconf 77' lang='grc' dir='ltr'>φυλακή</span> <span class='ocrx_word' id='word_1_381' title='bbox 1670 1203 1731 1240; x_wconf 77' lang='grc' dir='ltr'>περὶ</span> <span class='ocrx_word' id='word_1_382' title='bbox 1755 1203 1787 1230; x_wconf 85' lang='grc' dir='ltr'>τὸ</span> <span class='ocrx_word' id='word_1_383' title='bbox 1802 1213 1883 1239; x_wconf 81' lang='grc' dir='ltr'>στρα-</span> 
     </span>
    </p>
   </div>
   <div class='ocr_carea' id='block_1_57' title="bbox 1053 1246 1880 1286">
    <p class='ocr_par' dir='ltr' id='par_1_57' title="bbox 1053 1246 1880 1286">
     <span class='ocr_line' id='line_1_57' title="bbox 1053 1246 1880 1286; baseline 0 -11"><span class='ocrx_word' id='word_1_384' title='bbox 1053 1246 1166 1275; x_wconf 80' lang='grc' dir='ltr'>τόπεδον</span> <span class='ocrx_word' id='word_1_385' title='bbox 1183 1248 1233 1275; x_wconf 76' lang='grc' dir='ltr'><strong>οὐκ</strong></span> <span class='ocrx_word' id='word_1_386' title='bbox 1246 1248 1279 1282; x_wconf 74' lang='grc' dir='ltr'><strong>’ἦν</strong></span> <span class='ocrx_word' id='word_1_387' title='bbox 1297 1247 1452 1286; x_wconf 75' lang='grc' dir='ltr'>ἀξιόλογος,</span> <span class='ocrx_word' id='word_1_388' title='bbox 1470 1246 1559 1279; x_wconf 76' lang='grc' dir='ltr'>δείσας</span> <span class='ocrx_word' id='word_1_389' title='bbox 1577 1248 1616 1284; x_wconf 75' lang='grc' dir='ltr'>μὴ</span> <span class='ocrx_word' id='word_1_390' title='bbox 1634 1247 1802 1275; x_wconf 70' lang='grc' dir='ltr'>ἐπελθόντων</span> <span class='ocrx_word' id='word_1_391' title='bbox 1826 1250 1880 1275; x_wconf 85' lang='grc' dir='ltr'><strong>τῶν</strong></span> 
     </span>
    </p>
   </div>
   <div class='ocr_carea' id='block_1_58' title="bbox 1055 1290 1881 1330">
    <p class='ocr_par' dir='ltr' id='par_1_58' title="bbox 1055 1290 1881 1330">
     <span class='ocr_line' id='line_1_58' title="bbox 1055 1290 1881 1330; baseline 0.001 -11"><span class='ocrx_word' id='word_1_392' title='bbox 1055 1291 1180 1320; x_wconf 73' lang='grc' dir='ltr'>ἐναντίων</span> <span class='ocrx_word' id='word_1_393' title='bbox 1195 1293 1268 1329; x_wconf 82' lang='grc' dir='ltr'>αὑτῷ</span> <span class='ocrx_word' id='word_1_394' title='bbox 1283 1291 1430 1330; x_wconf 79' lang='grc' dir='ltr'>διαρπαγῇ,</span> <span class='ocrx_word' id='word_1_395' title='bbox 1455 1290 1526 1330; x_wconf 77' lang='grc' dir='ltr'>ἔγνω</span> <span class='ocrx_word' id='word_1_396' title='bbox 1548 1293 1599 1327; x_wconf 79' lang='grc' dir='ltr'><strong>τήν</strong></span> <span class='ocrx_word' id='word_1_397' title='bbox 1625 1292 1718 1330; x_wconf 82' lang='grc' dir='ltr'>μάχην</span> <span class='ocrx_word' id='word_1_398' title='bbox 1741 1292 1821 1320; x_wconf 75' lang='grc' dir='ltr'>λῦσαι</span> <span class='ocrx_word' id='word_1_399' title='bbox 1836 1293 1881 1320; x_wconf 78' lang='grc' dir='ltr'><strong>καὶ</strong></span> 
     </span>
    </p>
   </div>
   <div class='ocr_carea' id='block_1_59' title="bbox 1053 1335 1879 1374">
    <p class='ocr_par' dir='ltr' id='par_1_59' title="bbox 1053 1335 1879 1374">
     <span class='ocr_line' id='line_1_59' title="bbox 1053 1335 1879 1374; baseline 0 -11"><span class='ocrx_word' id='word_1_400' title='bbox 1053 1335 1227 1371; x_wconf 80' lang='grc' dir='ltr'>ἐπαναζεῦξαι</span> <span class='ocrx_word' id='word_1_401' title='bbox 1249 1335 1310 1374; x_wconf 84' lang='grc' dir='ltr'>περὶ</span> <span class='ocrx_word' id='word_1_402' title='bbox 1334 1336 1380 1363; x_wconf 87' lang='grc' dir='ltr'><strong>τὸν</strong></span> <span class='ocrx_word' id='word_1_403' title='bbox 1402 1336 1510 1374; x_wconf 84' lang='grc' dir='ltr'>χάρακα</span> <span class='ocrx_word' id='word_1_404' title='bbox 1526 1357 1533 1364; x_wconf 92' lang='grc'><em>.</em></span> <span class='ocrx_word' id='word_1_405' title='bbox 1559 1335 1737 1374; x_wconf 75' lang='grc' dir='ltr'>Ἐπιστρέψας</span> <span class='ocrx_word' id='word_1_406' title='bbox 1765 1335 1810 1364; x_wconf 78' lang='grc' dir='ltr'>οὖν</span> <span class='ocrx_word' id='word_1_407' title='bbox 1830 1337 1879 1370; x_wconf 75' lang='grc' dir='ltr'>τὴν</span> 
     </span>
    </p>
   </div>
   <div class='ocr_carea' id='block_1_60' title="bbox 1056 1380 1879 1418">
    <p class='ocr_par' dir='ltr' id='par_1_60' title="bbox 1056 1380 1879 1418">
     <span class='ocr_line' id='line_1_60' title="bbox 1056 1380 1879 1418; baseline 0 -10"><span class='ocrx_word' id='word_1_408' title='bbox 1056 1380 1199 1418; x_wconf 76' lang='grc' dir='ltr'>βασιλικὴν</span> <span class='ocrx_word' id='word_1_409' title='bbox 1216 1380 1347 1417; x_wconf 77' lang='grc' dir='ltr'>σημαίαν,</span> <span class='ocrx_word' id='word_1_410' title='bbox 1371 1380 1452 1412; x_wconf 82' lang='grc' dir='ltr'>αὐτός</span> <span class='ocrx_word' id='word_1_411' title='bbox 1474 1381 1498 1408; x_wconf 82' lang='grc' dir='ltr'>τ’</span> <span class='ocrx_word' id='word_1_412' title='bbox 1523 1380 1633 1418; x_wconf 75' lang='grc' dir='ltr'>ἰπανῂει</span> <span class='ocrx_word' id='word_1_413' title='bbox 1657 1380 1702 1408; x_wconf 75' lang='grc' dir='ltr'><strong>καὶ</strong></span> <span class='ocrx_word' id='word_1_414' title='bbox 1727 1381 1776 1416; x_wconf 83' lang='grc' dir='ltr'><strong>τήν</strong></span> <span class='ocrx_word' id='word_1_415' title='bbox 1799 1391 1879 1418; x_wconf 77' lang='grc' dir='ltr'>στρα-</span> 
     </span>
    </p>
   </div>
   <div class='ocr_carea' id='block_1_61' title="bbox 1052 1423 1879 1462">
    <p class='ocr_par' dir='ltr' id='par_1_61' title="bbox 1052 1423 1879 1462">
     <span class='ocr_line' id='line_1_61' title="bbox 1052 1423 1879 1462; baseline 0.001 -10"><span class='ocrx_word' id='word_1_416' title='bbox 1052 1426 1111 1453; x_wconf 75' lang='grc' dir='ltr'>τιὰν</span> <span class='ocrx_word' id='word_1_417' title='bbox 1139 1425 1220 1453; x_wconf 85' lang='grc' dir='ltr'>ταυτὸ</span> <span class='ocrx_word' id='word_1_418' title='bbox 1258 1427 1346 1452; x_wconf 76' lang='grc' dir='ltr'>ποιεῖν</span> <span class='ocrx_word' id='word_1_419' title='bbox 1376 1423 1548 1462; x_wconf 72' lang='grc' dir='ltr'>διεσήμαινεν</span> <span class='ocrx_word' id='word_1_420' title='bbox 1567 1447 1574 1454; x_wconf 94' lang='grc'><em>.</em></span> <span class='ocrx_word' id='word_1_421' title='bbox 1605 1426 1637 1452; x_wconf 77' lang='grc' dir='ltr'><strong>Οἱ</strong></span> <span class='ocrx_word' id='word_1_422' title='bbox 1667 1425 1714 1462; x_wconf 64' lang='grc' dir='ltr'>μὶν</span> <span class='ocrx_word' id='word_1_423' title='bbox 1743 1425 1788 1453; x_wconf 76' lang='grc' dir='ltr'>οὖν</span> <span class='ocrx_word' id='word_1_424' title='bbox 1817 1425 1879 1462; x_wconf 75' lang='grc' dir='ltr'>περὶ</span> 
     </span>
    </p>
   </div>
   <div class='ocr_carea' id='block_1_62' title="bbox 1053 1467 1880 1508">
    <p class='ocr_par' dir='ltr' id='par_1_62' title="bbox 1053 1467 1880 1508">
     <span class='ocr_line' id='line_1_62' title="bbox 1053 1467 1880 1508; baseline 0.001 -12"><span class='ocrx_word' id='word_1_425' title='bbox 1053 1469 1132 1497; x_wconf 68' lang='grc' dir='ltr'>αὐτὸν</span> <span class='ocrx_word' id='word_1_426' title='bbox 1145 1467 1220 1501; x_wconf 72' lang='grc' dir='ltr'>ὄντες</span> <span class='ocrx_word' id='word_1_427' title='bbox 1244 1467 1386 1508; x_wconf 67' lang='grc' dir='ltr'>ἀθορύϐως</span> <span class='ocrx_word' id='word_1_428' title='bbox 1411 1469 1553 1498; x_wconf 77' lang='grc' dir='ltr'>ἐποιοῦντο</span> <span class='ocrx_word' id='word_1_429' title='bbox 1576 1470 1607 1498; x_wconf 83' lang='grc' dir='ltr'><strong>τὸ</strong></span> <span class='ocrx_word' id='word_1_430' title='bbox 1631 1469 1783 1498; x_wconf 75' lang='grc' dir='ltr'>κελευσθέν.</span> <span class='ocrx_word' id='word_1_431' title='bbox 1800 1471 1880 1500; x_wconf 70' lang='grc' dir='ltr'>’Όσοι</span> 
     </span>
    </p>
   </div>
   <div class='ocr_carea' id='block_1_63' title="bbox 1054 1514 1878 1555">
    <p class='ocr_par' dir='ltr' id='par_1_63' title="bbox 1054 1514 1878 1555">
     <span class='ocr_line' id='line_1_63' title="bbox 1054 1514 1878 1555; baseline 0.001 -13"><span class='ocrx_word' id='word_1_432' title='bbox 1054 1514 1081 1542; x_wconf 77' lang='grc' dir='ltr'>δὶ</span> <span class='ocrx_word' id='word_1_433' title='bbox 1096 1514 1191 1553; x_wconf 78' lang='grc' dir='ltr'>πόρῥω</span> <span class='ocrx_word' id='word_1_434' title='bbox 1207 1525 1256 1542; x_wconf 87' lang='grc' dir='ltr'><strong>ποι</strong></span> <span class='ocrx_word' id='word_1_435' title='bbox 1282 1515 1331 1546; x_wconf 72' lang='grc' dir='ltr'><strong>τὰς</strong></span> <span class='ocrx_word' id='word_1_436' title='bbox 1355 1515 1515 1553; x_wconf 77' lang='grc' dir='ltr'>παρατάξεις</span> <span class='ocrx_word' id='word_1_437' title='bbox 1539 1515 1696 1552; x_wconf 70' lang='grc' dir='ltr'>ἐκέκτηντο,</span> <span class='ocrx_word' id='word_1_438' title='bbox 1720 1516 1806 1555; x_wconf 74' lang='grc' dir='ltr'>φυγὴν</span> <span class='ocrx_word' id='word_1_439' title='bbox 1830 1518 1878 1543; x_wconf 72' lang='grc' dir='ltr'><strong>τοῦ</strong></span> 
     </span>
    </p>
   </div>
   <div class='ocr_carea' id='block_1_64' title="bbox 1057 1559 1879 1599">
    <p class='ocr_par' dir='ltr' id='par_1_64' title="bbox 1057 1559 1879 1599">
     <span class='ocr_line' id='line_1_64' title="bbox 1057 1559 1879 1599; baseline 0.001 -12"><span class='ocrx_word' id='word_1_440' title='bbox 1057 1559 1190 1597; x_wconf 82' lang='grc' dir='ltr'>βασιλέως</span> <span class='ocrx_word' id='word_1_441' title='bbox 1216 1560 1266 1594; x_wconf 75' lang='grc' dir='ltr'><strong>τὴν</strong></span> <span class='ocrx_word' id='word_1_442' title='bbox 1293 1559 1468 1599; x_wconf 76' lang='grc' dir='ltr'>ὑποστροφὴν</span> <span class='ocrx_word' id='word_1_443' title='bbox 1494 1560 1675 1596; x_wconf 82' lang='grc' dir='ltr'>ὑπετόπαταν,</span> <span class='ocrx_word' id='word_1_444' title='bbox 1704 1559 1879 1597; x_wconf 81' lang='grc' dir='ltr'>Ἀνδρονίκου</span> 
     </span>
    </p>
   </div>
   <div class='ocr_carea' id='block_1_65' title="bbox 170 1597 998 1645">
    <p class='ocr_par' dir='ltr' id='par_1_65' title="bbox 170 1603 993 1645">
     <span class='ocr_line' id='line_1_65' title="bbox 170 1603 993 1645; baseline -0.009 -8"><span class='ocrx_word' id='word_1_445' title='bbox 170 1608 272 1645; x_wconf 81' lang='lat' dir='ltr'><strong>fugam</strong></span> <span class='ocrx_word' id='word_1_446' title='bbox 287 1615 322 1635; x_wconf 82' lang='lat' dir='ltr'><strong>ex</strong></span> <span class='ocrx_word' id='word_1_447' title='bbox 337 1605 436 1634; x_wconf 87' lang='lat' dir='ltr'><strong>divina</strong></span> <span class='ocrx_word' id='word_1_448' title='bbox 450 1605 494 1633; x_wconf 89' lang='lat' dir='ltr'><strong>ira</strong></span> <span class='ocrx_word' id='word_1_449' title='bbox 509 1607 637 1633; x_wconf 89' lang='lat' dir='ltr'><strong>coortam</strong></span> <span class='ocrx_word' id='word_1_450' title='bbox 661 1603 868 1640; x_wconf 85' lang='lat' dir='ltr'><strong>intelligerent,</strong></span> <span class='ocrx_word' id='word_1_451' title='bbox 893 1603 993 1632; x_wconf 83' lang='lat' dir='ltr'><strong>statim</strong></span> 
     </span>
    </p>
   </div>
   <div class='ocr_carea' id='block_1_66' title="bbox 1053 1597 1879 1645">
    <p class='ocr_par' dir='ltr' id='par_1_66' title="bbox 1053 1597 1879 1643">
     <span class='ocr_line' id='line_1_66' title="bbox 1053 1597 1879 1643; baseline 0.001 -12"><span class='ocrx_word' id='word_1_452' title='bbox 1053 1606 1098 1632; x_wconf 69' lang='grc' dir='ltr'><strong>τοῦ</strong></span> <span class='ocrx_word' id='word_1_453' title='bbox 1114 1605 1173 1632; x_wconf 77' lang='grc' dir='ltr'><strong>ι)ἱοῦ</strong></span> <span class='ocrx_word' id='word_1_454' title='bbox 1199 1606 1246 1632; x_wconf 75' lang='grc' dir='ltr'><strong>τοῦ</strong></span> <span class='ocrx_word' id='word_1_455' title='bbox 1271 1597 1408 1642; x_wconf 73' lang='grc' dir='ltr'>Καίσαρος</span> <span class='ocrx_word' id='word_1_456' title='bbox 1422 1597 1476 1632; x_wconf 67' lang='grc' dir='ltr'><strong>⁷ἰὸν</strong></span> <span class='ocrx_word' id='word_1_457' title='bbox 1503 1604 1584 1643; x_wconf 79' lang='grc' dir='ltr'>λόγον</span> <span class='ocrx_word' id='word_1_458' title='bbox 1608 1603 1798 1637; x_wconf 77' lang='grc' dir='ltr'>ὑποϐαλόντος</span> <span class='ocrx_word' id='word_1_459' title='bbox 1821 1609 1879 1638; x_wconf 84' lang='grc' dir='ltr'>ταῖς</span> 
     </span>
    </p>
   </div>
   <div class='ocr_carea' id='block_1_67' title="bbox 172 1649 997 1689">
    <p class='ocr_par' dir='ltr' id='par_1_67' title="bbox 172 1649 997 1689">
     <span class='ocr_line' id='line_1_67' title="bbox 172 1649 997 1689; baseline -0.006 -9"><span class='ocrx_word' id='word_1_460' title='bbox 172 1653 380 1689; x_wconf 87' lang='lat' dir='ltr'><strong>imperatorem</strong></span> <span class='ocrx_word' id='word_1_461' title='bbox 397 1650 576 1678; x_wconf 86' lang='lat' dir='ltr'><strong>invaserunt.</strong></span> <span class='ocrx_word' id='word_1_462' title='bbox 597 1649 622 1677; x_wconf 89' lang='lat' dir='ltr'><strong>ls</strong></span> <span class='ocrx_word' id='word_1_463' title='bbox 639 1657 704 1676; x_wconf 83' lang='lat' dir='ltr'><strong>vero</strong></span> <span class='ocrx_word' id='word_1_464' title='bbox 721 1657 787 1676; x_wconf 92' lang='lat' dir='ltr'><strong>cum</strong></span> <span class='ocrx_word' id='word_1_465' title='bbox 811 1649 873 1676; x_wconf 91' lang='lat' dir='ltr'><strong>suis</strong></span> <span class='ocrx_word' id='word_1_466' title='bbox 899 1657 997 1684; x_wconf 82' lang='lat' dir='ltr'><strong>pugna</strong></span> 
     </span>
    </p>
   </div>
   <div class='ocr_carea' id='block_1_68' title="bbox 173 1693 998 1730">
    <p class='ocr_par' dir='ltr' id='par_1_68' title="bbox 173 1693 998 1730">
     <span class='ocr_line' id='line_1_68' title="bbox 173 1693 998 1730; baseline -0.006 -5"><span class='ocrx_word' id='word_1_467' title='bbox 173 1705 232 1725; x_wconf 89' lang='lat' dir='ltr'><strong>non</strong></span> <span class='ocrx_word' id='word_1_468' title='bbox 244 1696 413 1729; x_wconf 83' lang='lat' dir='ltr'><strong>detrectata,</strong></span> <span class='ocrx_word' id='word_1_469' title='bbox 427 1695 462 1723; x_wconf 89' lang='lat' dir='ltr'><strong>ad</strong></span> <span class='ocrx_word' id='word_1_470' title='bbox 480 1697 596 1730; x_wconf 85' lang='lat' dir='ltr'><strong>tempus</strong></span> <span class='ocrx_word' id='word_1_471' title='bbox 614 1694 727 1722; x_wconf 80' lang='lat' dir='ltr'><strong>fortiter</strong></span> <span class='ocrx_word' id='word_1_472' title='bbox 741 1693 861 1722; x_wconf 85' lang='lat' dir='ltr'><strong>restitit.</strong></span> <span class='ocrx_word' id='word_1_473' title='bbox 887 1693 998 1721; x_wconf 82' lang='lat' dir='ltr'><strong>Deinde</strong></span> 
     </span>
    </p>
   </div>
   <div class='ocr_carea' id='block_1_69' title="bbox 174 1737 995 1775">
    <p class='ocr_par' dir='ltr' id='par_1_69' title="bbox 174 1737 995 1775">
     <span class='ocr_line' id='line_1_69' title="bbox 174 1737 995 1775; baseline -0.004 -6"><span class='ocrx_word' id='word_1_474' title='bbox 174 1740 240 1770; x_wconf 84' lang='lat' dir='ltr'><strong>aliis</strong></span> <span class='ocrx_word' id='word_1_475' title='bbox 256 1739 350 1774; x_wconf 72' lang='lat' dir='ltr'><strong>cassis,</strong></span> <span class='ocrx_word' id='word_1_476' title='bbox 366 1739 432 1768; x_wconf 87' lang='lat' dir='ltr'><strong>aliis</strong></span> <span class='ocrx_word' id='word_1_477' title='bbox 442 1738 546 1775; x_wconf 85' lang='lat' dir='ltr'><strong>captis,</strong></span> <span class='ocrx_word' id='word_1_478' title='bbox 563 1738 780 1767; x_wconf 88' lang='lat' dir='ltr'><strong>circumventus</strong></span> <span class='ocrx_word' id='word_1_479' title='bbox 806 1746 823 1766; x_wconf 91' lang='lat' dir='ltr'><strong>a</strong></span> <span class='ocrx_word' id='word_1_480' title='bbox 851 1737 995 1772; x_wconf 76' lang='lat' dir='ltr'><strong>Barbarie,</strong></span> 
     </span>
    </p>
   </div>
   <div class='ocr_carea' id='block_1_70' title="bbox 175 1781 997 1821">
    <p class='ocr_par' dir='ltr' id='par_1_70' title="bbox 175 1781 997 1821">
     <span class='ocr_line' id='line_1_70' title="bbox 175 1781 997 1821; baseline -0.006 -7"><span class='ocrx_word' id='word_1_481' title='bbox 175 1794 212 1815; x_wconf 89' lang='lat' dir='ltr'><strong>ne</strong></span> <span class='ocrx_word' id='word_1_482' title='bbox 227 1785 269 1814; x_wconf 88' lang='lat' dir='ltr'><strong>sic</strong></span> <span class='ocrx_word' id='word_1_483' title='bbox 285 1784 404 1821; x_wconf 86' lang='lat' dir='ltr'><strong>quidem</strong></span> <span class='ocrx_word' id='word_1_484' title='bbox 421 1783 519 1811; x_wconf 86' lang='lat' dir='ltr'><strong>cessit.</strong></span> <span class='ocrx_word' id='word_1_485' title='bbox 530 1783 683 1811; x_wconf 89' lang='lat' dir='ltr'><strong>Enimvero</strong></span> <span class='ocrx_word' id='word_1_486' title='bbox 711 1791 778 1810; x_wconf 86' lang='lat' dir='ltr'><strong>cum</strong></span> <span class='ocrx_word' id='word_1_487' title='bbox 802 1782 910 1810; x_wconf 87' lang='lat' dir='ltr'><strong>multos</strong></span> <span class='ocrx_word' id='word_1_488' title='bbox 933 1781 997 1810; x_wconf 91' lang='lat' dir='ltr'><strong>vul-</strong></span> 
     </span>
    </p>
   </div>
   <div class='ocr_carea' id='block_1_71' title="bbox 175 1826 997 1865">
    <p class='ocr_par' dir='ltr' id='par_1_71' title="bbox 175 1826 997 1865">
     <span class='ocr_line' id='line_1_71' title="bbox 175 1826 997 1865; baseline -0.006 -6"><span class='ocrx_word' id='word_1_489' title='bbox 175 1833 318 1865; x_wconf 82' lang='lat' dir='ltr'><strong>nerasset,</strong></span> <span class='ocrx_word' id='word_1_490' title='bbox 336 1828 444 1857; x_wconf 85' lang='lat' dir='ltr'><strong>multos</strong></span> <span class='ocrx_word' id='word_1_491' title='bbox 460 1827 626 1862; x_wconf 85' lang='lat' dir='ltr'><strong>occidisset,</strong></span> <span class='ocrx_word' id='word_1_492' title='bbox 640 1828 760 1855; x_wconf 79' lang='lat' dir='ltr'><strong>tandem</strong></span> <span class='ocrx_word' id='word_1_493' title='bbox 776 1829 804 1855; x_wconf 89' lang='lat' dir='ltr'><strong>et</strong></span> <span class='ocrx_word' id='word_1_494' title='bbox 814 1827 876 1863; x_wconf 86' lang='lat' dir='ltr'><strong>ipse</strong></span> <span class='ocrx_word' id='word_1_495' title='bbox 896 1826 997 1863; x_wconf 77' lang='lat' dir='ltr'><strong>fatiga-</strong></span> 
     </span>
    </p>
   </div>
   <div class='ocr_carea' id='block_1_72' title="bbox 176 1870 997 1910">
    <p class='ocr_par' dir='ltr' id='par_1_72' title="bbox 176 1870 997 1910">
     <span class='ocr_line' id='line_1_72' title="bbox 176 1870 997 1910; baseline -0.006 -7"><span class='ocrx_word' id='word_1_496' title='bbox 176 1878 307 1910; x_wconf 83' lang='lat' dir='ltr'><strong>tus,cum</strong></span> <span class='ocrx_word' id='word_1_497' title='bbox 324 1882 412 1902; x_wconf 85' lang='lat' dir='ltr'><strong>manu</strong></span> <span class='ocrx_word' id='word_1_498' title='bbox 429 1873 649 1907; x_wconf 85' lang='lat' dir='ltr'><strong>vulnerata,nee</strong></span> <span class='ocrx_word' id='word_1_499' title='bbox 663 1871 723 1900; x_wconf 88' lang='lat' dir='ltr'><strong>vim</strong></span> <span class='ocrx_word' id='word_1_500' title='bbox 737 1872 863 1908; x_wconf 85' lang='lat' dir='ltr'><strong>amplius</strong></span> <span class='ocrx_word' id='word_1_501' title='bbox 878 1870 997 1908; x_wconf 88' lang='lat' dir='ltr'><strong>propul-</strong></span> 
     </span>
    </p>
   </div>
   <div class='ocr_carea' id='block_1_73' title="bbox 177 1916 999 1954">
    <p class='ocr_par' dir='ltr' id='par_1_73' title="bbox 177 1916 999 1954">
     <span class='ocr_line' id='line_1_73' title="bbox 177 1916 999 1954; baseline -0.006 -6"><span class='ocrx_word' id='word_1_502' title='bbox 177 1927 252 1954; x_wconf 82' lang='lat' dir='ltr'><strong>sare,</strong></span> <span class='ocrx_word' id='word_1_503' title='bbox 269 1927 332 1954; x_wconf 89' lang='lat' dir='ltr'><strong>nec,</strong></span> <span class='ocrx_word' id='word_1_504' title='bbox 348 1926 422 1954; x_wconf 89' lang='lat' dir='ltr'><strong>equo</strong></span> <span class='ocrx_word' id='word_1_505' title='bbox 438 1926 522 1953; x_wconf 71' lang='lat' dir='ltr'><strong>caeso,</strong></span> <span class='ocrx_word' id='word_1_506' title='bbox 538 1919 619 1945; x_wconf 85' lang='lat' dir='ltr'><strong>extra</strong></span> <span class='ocrx_word' id='word_1_507' title='bbox 634 1916 758 1945; x_wconf 88' lang='lat' dir='ltr'><strong>telorum</strong></span> <span class='ocrx_word' id='word_1_508' title='bbox 771 1917 883 1951; x_wconf 81' lang='lat' dir='ltr'><strong>jactum</strong></span> <span class='ocrx_word' id='word_1_509' title='bbox 899 1916 999 1952; x_wconf 85' lang='lat' dir='ltr'><strong>fugere</strong></span> 
     </span>
    </p>
   </div>
   <div class='ocr_carea' id='block_1_74' title="bbox 177 1961 997 2001">
    <p class='ocr_par' dir='ltr' id='par_1_74' title="bbox 177 1961 997 2001">
     <span class='ocr_line' id='line_1_74' title="bbox 177 1961 997 2001; baseline -0.005 -9"><span class='ocrx_word' id='word_1_510' title='bbox 177 1966 287 2001; x_wconf 85' lang='lat' dir='ltr'><strong>posset,</strong></span> <span class='ocrx_word' id='word_1_511' title='bbox 296 1963 427 2000; x_wconf 86' lang='lat' dir='ltr'><strong>captivus</strong></span> <span class='ocrx_word' id='word_1_512' title='bbox 442 1964 486 1990; x_wconf 88' lang='lat' dir='ltr'><strong>est</strong></span> <span class='ocrx_word' id='word_1_513' title='bbox 504 1962 648 1990; x_wconf 83' lang='lat' dir='ltr'><strong>abductus</strong></span> <span class='ocrx_word' id='word_1_514' title='bbox 663 1962 698 1989; x_wconf 89' lang='lat' dir='ltr'><strong>ad</strong></span> <span class='ocrx_word' id='word_1_515' title='bbox 719 1961 862 1989; x_wconf 87' lang='lat' dir='ltr'><strong>Barbaros</strong></span> <span class='ocrx_word' id='word_1_516' title='bbox 891 1963 997 1988; x_wconf 80' lang='lat' dir='ltr'><strong>Roma-</strong></span> 
     </span>
    </p>
   </div>
   <div class='ocr_carea' id='block_1_75' title="bbox 176 2005 998 2044">
    <p class='ocr_par' dir='ltr' id='par_1_75' title="bbox 176 2005 998 2044">
     <span class='ocr_line' id='line_1_75' title="bbox 176 2005 998 2044; baseline -0.005 -7"><span class='ocrx_word' id='word_1_517' title='bbox 176 2009 462 2044; x_wconf 85' lang='lat' dir='ltr'><strong>norumimperator.</strong></span> <span class='ocrx_word' id='word_1_518' title='bbox 479 2009 540 2040; x_wconf 88' lang='lat' dir='ltr'><strong>Quo</strong></span> <span class='ocrx_word' id='word_1_519' title='bbox 570 2006 674 2034; x_wconf 87' lang='lat' dir='ltr'><strong>nuntio</strong></span> <span class='ocrx_word' id='word_1_520' title='bbox 702 2007 832 2042; x_wconf 85' lang='lat' dir='ltr'><strong>accepto,</strong></span> <span class='ocrx_word' id='word_1_521' title='bbox 861 2005 998 2034; x_wconf 86' lang='lat' dir='ltr'><strong>sultanus</strong></span> 
     </span>
    </p>
   </div>
   <div class='ocr_carea' id='block_1_76' title="bbox 175 2051 996 2089">
    <p class='ocr_par' dir='ltr' id='par_1_76' title="bbox 175 2051 996 2089">
     <span class='ocr_line' id='line_1_76' title="bbox 175 2051 996 2089; baseline -0.006 -6"><span class='ocrx_word' id='word_1_522' title='bbox 175 2054 293 2083; x_wconf 89' lang='lat' dir='ltr'><strong>nomine</strong></span> <span class='ocrx_word' id='word_1_523' title='bbox 303 2054 394 2087; x_wconf 87' lang='lat' dir='ltr'><strong>Axan,</strong></span> <span class='ocrx_word' id='word_1_524' title='bbox 415 2052 549 2089; x_wconf 85' lang='lat' dir='ltr'><strong>gravisus</strong></span> <span class='ocrx_word' id='word_1_525' title='bbox 565 2054 620 2085; x_wconf 86' lang='lat' dir='ltr'><strong>est,</strong></span> <span class='ocrx_word' id='word_1_526' title='bbox 638 2051 716 2079; x_wconf 74' lang='lat'><strong>284</strong></span> <span class='ocrx_word' id='word_1_527' title='bbox 737 2053 769 2078; x_wconf 90' lang='lat' dir='ltr'><strong>ut</strong></span> <span class='ocrx_word' id='word_1_528' title='bbox 797 2052 902 2078; x_wconf 88' lang='lat' dir='ltr'><strong>natura</strong></span> <span class='ocrx_word' id='word_1_529' title='bbox 930 2051 996 2086; x_wconf 85' lang='lat' dir='ltr'><strong>fert,</strong></span> 
     </span>
    </p>
   </div>
   <div class='ocr_carea' id='block_1_77' title="bbox 173 2095 996 2136">
    <p class='ocr_par' dir='ltr' id='par_1_77' title="bbox 173 2095 996 2136">
     <span class='ocr_line' id='line_1_77' title="bbox 173 2095 996 2136; baseline -0.005 -8"><span class='ocrx_word' id='word_1_530' title='bbox 173 2107 268 2136; x_wconf 85' lang='lat' dir='ltr'><strong>neque</strong></span> <span class='ocrx_word' id='word_1_531' title='bbox 283 2101 382 2126; x_wconf 89' lang='lat' dir='ltr'><strong>tamen</strong></span> <span class='ocrx_word' id='word_1_532' title='bbox 396 2097 535 2133; x_wconf 84' lang='lat' dir='ltr'><strong>superbia</strong></span> <span class='ocrx_word' id='word_1_533' title='bbox 551 2095 656 2124; x_wconf 88' lang='lat' dir='ltr'><strong>elatus.</strong></span> <span class='ocrx_word' id='word_1_534' title='bbox 687 2096 727 2123; x_wconf 90' lang='lat' dir='ltr'><strong>De</strong></span> <span class='ocrx_word' id='word_1_535' title='bbox 753 2096 839 2131; x_wconf 84' lang='lat' dir='ltr'><strong>cujus</strong></span> <span class='ocrx_word' id='word_1_536' title='bbox 864 2095 996 2124; x_wconf 88' lang='lat' dir='ltr'><strong>modera-</strong></span> 
     </span>
    </p>
   </div>
   <div class='ocr_carea' id='block_1_78' title="bbox 173 2140 996 2179">
    <p class='ocr_par' dir='ltr' id='par_1_78' title="bbox 173 2140 996 2179">
     <span class='ocr_line' id='line_1_78' title="bbox 173 2140 996 2179; baseline -0.006 -7"><span class='ocrx_word' id='word_1_537' title='bbox 173 2145 252 2172; x_wconf 87' lang='lat' dir='ltr'><strong>tione</strong></span> <span class='ocrx_word' id='word_1_538' title='bbox 266 2146 295 2171; x_wconf 87' lang='lat' dir='ltr'><strong>et</strong></span> <span class='ocrx_word' id='word_1_539' title='bbox 306 2143 424 2179; x_wconf 87' lang='lat' dir='ltr'><strong>justitia</strong></span> <span class='ocrx_word' id='word_1_540' title='bbox 440 2142 534 2170; x_wconf 87' lang='lat' dir='ltr'><strong>multa</strong></span> <span class='ocrx_word' id='word_1_541' title='bbox 549 2144 760 2169; x_wconf 88' lang='lat' dir='ltr'><strong>memorantur.</strong></span> <span class='ocrx_word' id='word_1_542' title='bbox 772 2140 854 2168; x_wconf 91' lang='lat' dir='ltr'><strong>Unde</strong></span> <span class='ocrx_word' id='word_1_543' title='bbox 877 2140 996 2176; x_wconf 86' lang='lat' dir='ltr'><strong>captivi-</strong></span> 
     </span>
    </p>
   </div>
   <div class='ocr_carea' id='block_1_79' title="bbox 172 2184 994 2224">
    <p class='ocr_par' dir='ltr' id='par_1_79' title="bbox 172 2184 994 2224">
     <span class='ocr_line' id='line_1_79' title="bbox 172 2184 994 2224; baseline -0.004 -7"><span class='ocrx_word' id='word_1_544' title='bbox 172 2190 261 2217; x_wconf 84' lang='lat' dir='ltr'><strong>tatem</strong></span> <span class='ocrx_word' id='word_1_545' title='bbox 278 2186 465 2224; x_wconf 86' lang='lat' dir='ltr'><strong>imperatoris</strong></span> <span class='ocrx_word' id='word_1_546' title='bbox 485 2185 564 2213; x_wconf 88' lang='lat' dir='ltr'><strong>haud</strong></span> <span class='ocrx_word' id='word_1_547' title='bbox 593 2185 740 2218; x_wconf 87' lang='lat' dir='ltr'><strong>credebat,</strong></span> <span class='ocrx_word' id='word_1_548' title='bbox 764 2185 800 2213; x_wconf 90' lang='lat' dir='ltr'><strong>ob</strong></span> <span class='ocrx_word' id='word_1_549' title='bbox 824 2184 994 2214; x_wconf 86' lang='lat' dir='ltr'><strong>immodera-</strong></span> 
     </span>
    </p>
   </div>
   <div class='ocr_carea' id='block_1_80' title="bbox 172 2229 997 2267">
    <p class='ocr_par' dir='ltr' id='par_1_80' title="bbox 172 2229 997 2267">
     <span class='ocr_line' id='line_1_80' title="bbox 172 2229 997 2267; baseline -0.005 -5"><span class='ocrx_word' id='word_1_550' title='bbox 172 2236 237 2262; x_wconf 85' lang='lat' dir='ltr'><strong>tum</strong></span> <span class='ocrx_word' id='word_1_551' title='bbox 254 2239 426 2261; x_wconf 86' lang='lat' dir='ltr'><strong>successum</strong></span> <span class='ocrx_word' id='word_1_552' title='bbox 441 2240 447 2259; x_wconf 88' lang='lat'>:</span> <span class='ocrx_word' id='word_1_553' title='bbox 462 2238 554 2267; x_wconf 88' lang='lat' dir='ltr'><strong>eoque</strong></span> <span class='ocrx_word' id='word_1_554' title='bbox 569 2229 630 2258; x_wconf 85' lang='lat' dir='ltr'><strong>viso</strong></span> <span class='ocrx_word' id='word_1_555' title='bbox 646 2238 704 2258; x_wconf 90' lang='lat' dir='ltr'><strong>non</strong></span> <span class='ocrx_word' id='word_1_556' title='bbox 730 2230 813 2266; x_wconf 89' lang='lat' dir='ltr'><strong>prius</strong></span> <span class='ocrx_word' id='word_1_557' title='bbox 840 2229 997 2266; x_wconf 88' lang='lat' dir='ltr'><strong>acquievit,</strong></span> 
     </span>
    </p>
   </div>
   <div class='ocr_carea' id='block_1_81' title="bbox 173 2275 1035 2319">
    <p class='ocr_par' dir='ltr' id='par_1_81' title="bbox 173 2275 1035 2319">
     <span class='ocr_line' id='line_1_81' title="bbox 173 2275 1035 2319; baseline -0.005 -13"><span class='ocrx_word' id='word_1_558' title='bbox 173 2286 262 2315; x_wconf 86' lang='lat' dir='ltr'><strong>quam</strong></span> <span class='ocrx_word' id='word_1_559' title='bbox 275 2276 363 2313; x_wconf 85' lang='lat' dir='ltr'><strong>legati</strong></span> <span class='ocrx_word' id='word_1_560' title='bbox 375 2284 448 2311; x_wconf 89' lang='lat' dir='ltr'><strong>quos</strong></span> <span class='ocrx_word' id='word_1_561' title='bbox 463 2275 576 2304; x_wconf 86' lang='lat' dir='ltr'><strong>dudum</strong></span> <span class='ocrx_word' id='word_1_562' title='bbox 589 2275 790 2308; x_wconf 89' lang='lat' dir='ltr'><strong>miserat,cum</strong></span> <span class='ocrx_word' id='word_1_563' title='bbox 806 2277 995 2311; x_wconf 87' lang='lat' dir='ltr'><strong>agnoverunt:</strong></span> <span class='ocrx_word' id='word_1_564' title='bbox 1012 2286 1035 2319; x_wconf 85' lang='lat' dir='ltr'>D</span> 
     </span>
    </p>
   </div>
   <div class='ocr_carea' id='block_1_82' title="bbox 172 2319 998 2357">
    <p class='ocr_par' dir='ltr' id='par_1_82' title="bbox 172 2319 998 2357">
     <span class='ocr_line' id='line_1_82' title="bbox 172 2319 998 2357; baseline -0.002 -7"><span class='ocrx_word' id='word_1_565' title='bbox 172 2326 202 2351; x_wconf 88' lang='lat' dir='ltr'><strong>et</strong></span> <span class='ocrx_word' id='word_1_566' title='bbox 217 2321 445 2357; x_wconf 87' lang='lat' dir='ltr'><strong>Basilacius,qui</strong></span> <span class='ocrx_word' id='word_1_567' title='bbox 462 2320 501 2348; x_wconf 92' lang='lat' dir='ltr'><strong>ibi</strong></span> <span class='ocrx_word' id='word_1_568' title='bbox 517 2320 682 2355; x_wconf 86' lang='lat' dir='ltr'><strong>tenebatur,</strong></span> <span class='ocrx_word' id='word_1_569' title='bbox 700 2319 897 2353; x_wconf 85' lang='lat' dir='ltr'><strong>adductus,ad</strong></span> <span class='ocrx_word' id='word_1_570' title='bbox 909 2320 998 2356; x_wconf 89' lang='lat' dir='ltr'><strong>pedes</strong></span> 
     </span>
    </p>
   </div>
   <div class='ocr_carea' id='block_1_83' title="bbox 173 2364 997 2403">
    <p class='ocr_par' dir='ltr' id='par_1_83' title="bbox 173 2364 997 2403">
     <span class='ocr_line' id='line_1_83' title="bbox 173 2364 997 2403; baseline -0.002 -8"><span class='ocrx_word' id='word_1_571' title='bbox 173 2368 237 2403; x_wconf 88' lang='lat' dir='ltr'><strong>ejus</strong></span> <span class='ocrx_word' id='word_1_572' title='bbox 254 2367 328 2394; x_wconf 83' lang='lat' dir='ltr'><strong>ﬂens</strong></span> <span class='ocrx_word' id='word_1_573' title='bbox 343 2374 374 2393; x_wconf 86' lang='lat' dir='ltr'><strong>se</strong></span> <span class='ocrx_word' id='word_1_574' title='bbox 386 2365 632 2402; x_wconf 85' lang='lat' dir='ltr'><strong>prostravit.Tum</strong></span> <span class='ocrx_word' id='word_1_575' title='bbox 649 2364 732 2400; x_wconf 88' lang='lat' dir='ltr'><strong>quasi</strong></span> <span class='ocrx_word' id='word_1_576' title='bbox 745 2364 865 2392; x_wconf 87' lang='lat' dir='ltr'><strong>numine</strong></span> <span class='ocrx_word' id='word_1_577' title='bbox 881 2365 997 2393; x_wconf 81' lang='lat' dir='ltr'><strong>afﬂatus</strong></span> 
     </span>
    </p>
   </div>
   <div class='ocr_carea' id='block_1_84' title="bbox 173 2409 998 2445">
    <p class='ocr_par' dir='ltr' id='par_1_84' title="bbox 173 2409 998 2445">
     <span class='ocr_line' id='line_1_84' title="bbox 173 2409 998 2445; baseline -0.004 -5"><span class='ocrx_word' id='word_1_578' title='bbox 173 2420 188 2440; x_wconf 90' lang='lat' dir='ltr'><strong>e</strong></span> <span class='ocrx_word' id='word_1_579' title='bbox 204 2411 275 2440; x_wconf 87' lang='lat' dir='ltr'><strong>solio</strong></span> <span class='ocrx_word' id='word_1_580' title='bbox 292 2410 442 2444; x_wconf 79' lang='lat' dir='ltr'><strong>exsiliit.et</strong></span> <span class='ocrx_word' id='word_1_581' title='bbox 457 2411 492 2438; x_wconf 90' lang='lat' dir='ltr'><strong>de</strong></span> <span class='ocrx_word' id='word_1_582' title='bbox 508 2418 588 2438; x_wconf 88' lang='lat' dir='ltr'><strong>more</strong></span> <span class='ocrx_word' id='word_1_583' title='bbox 601 2409 684 2437; x_wconf 87' lang='lat' dir='ltr'><strong>humi</strong></span> <span class='ocrx_word' id='word_1_584' title='bbox 697 2409 846 2445; x_wconf 86' lang='lat' dir='ltr'><strong>jacentem</strong></span> <span class='ocrx_word' id='word_1_585' title='bbox 863 2409 998 2441; x_wconf 62' lang='lat' dir='ltr'><strong>calcavit:</strong></span> 
     </span>
    </p>
   </div>
   <div class='ocr_carea' id='block_1_85' title="bbox 174 2454 998 2492">
    <p class='ocr_par' dir='ltr' id='par_1_85' title="bbox 174 2454 998 2492">
     <span class='ocr_line' id='line_1_85' title="bbox 174 2454 998 2492; baseline -0.001 -8"><span class='ocrx_word' id='word_1_586' title='bbox 174 2456 283 2484; x_wconf 88' lang='lat' dir='ltr'><strong>Deinde</strong></span> <span class='ocrx_word' id='word_1_587' title='bbox 300 2455 388 2484; x_wconf 78' lang='lat' dir='ltr'><strong>erexit</strong></span> <span class='ocrx_word' id='word_1_588' title='bbox 405 2458 492 2492; x_wconf 87' lang='lat' dir='ltr'><strong>atque</strong></span> <span class='ocrx_word' id='word_1_589' title='bbox 501 2454 654 2490; x_wconf 84' lang='lat' dir='ltr'><strong>amplexus</strong></span> <span class='ocrx_word' id='word_1_590' title='bbox 669 2456 724 2489; x_wconf 87' lang='lat' dir='ltr'><strong>est,</strong></span> <span class='ocrx_word' id='word_1_591' title='bbox 745 2462 812 2482; x_wconf 87' lang='lat' dir='ltr'><strong>eum</strong></span> <span class='ocrx_word' id='word_1_592' title='bbox 825 2454 998 2490; x_wconf 86' lang='lat' dir='ltr'><strong>hujusmodi</strong></span> 
     </span>
    </p>
   </div>
   <div class='ocr_carea' id='block_1_86' title="bbox 173 2500 998 2536">
    <p class='ocr_par' dir='ltr' id='par_1_86' title="bbox 173 2500 998 2536">
     <span class='ocr_line' id='line_1_86' title="bbox 173 2500 998 2536; baseline -0.004 -6"><span class='ocrx_word' id='word_1_593' title='bbox 173 2501 364 2530; x_wconf 85' lang='lat' dir='ltr'><strong>verbis:Noli</strong></span> <span class='ocrx_word' id='word_1_594' title='bbox 379 2508 502 2536; x_wconf 69' lang='lat' dir='ltr'><strong>maerere,</strong></span> <span class='ocrx_word' id='word_1_595' title='bbox 516 2501 676 2535; x_wconf 79' lang='lat' dir='ltr'><strong>imperator,</strong></span> <span class='ocrx_word' id='word_1_596' title='bbox 693 2501 733 2527; x_wconf 82' lang='lat' dir='ltr'><strong>ita</strong></span> <span class='ocrx_word' id='word_1_597' title='bbox 758 2500 834 2527; x_wconf 77' lang='lat' dir='ltr'><strong>enim</strong></span> <span class='ocrx_word' id='word_1_598' title='bbox 862 2502 927 2527; x_wconf 81' lang='lat' dir='ltr'><strong>sunt</strong></span> <span class='ocrx_word' id='word_1_599' title='bbox 953 2508 998 2527; x_wconf 72' lang='lat' dir='ltr'><strong>res</strong></span> 
     </span>
    </p>
   </div>
   <div class='ocr_carea' id='block_1_87' title="bbox 173 2543 997 2581">
    <p class='ocr_par' dir='ltr' id='par_1_87' title="bbox 173 2543 997 2581">
     <span class='ocr_line' id='line_1_87' title="bbox 173 2543 997 2581; baseline -0.001 -7"><span class='ocrx_word' id='word_1_600' title='bbox 173 2547 315 2575; x_wconf 71' lang='lat' dir='ltr'><strong>humanae.</strong></span> <span class='ocrx_word' id='word_1_601' title='bbox 331 2547 385 2581; x_wconf 85' lang='lat' dir='ltr'><strong>Ego</strong></span> <span class='ocrx_word' id='word_1_602' title='bbox 401 2553 466 2574; x_wconf 74' lang='lat' dir='ltr'><strong>vero</strong></span> <span class='ocrx_word' id='word_1_603' title='bbox 479 2546 506 2572; x_wconf 79' lang='lat' dir='ltr'><strong>te</strong></span> <span class='ocrx_word' id='word_1_604' title='bbox 520 2552 574 2572; x_wconf 85' lang='lat' dir='ltr'><strong>non</strong></span> <span class='ocrx_word' id='word_1_605' title='bbox 591 2545 620 2571; x_wconf 81' lang='lat' dir='ltr'><strong>ut</strong></span> <span class='ocrx_word' id='word_1_606' title='bbox 636 2545 784 2580; x_wconf 76' lang='lat' dir='ltr'><strong>captivum,</strong></span> <span class='ocrx_word' id='word_1_607' title='bbox 801 2543 846 2572; x_wconf 78' lang='lat' dir='ltr'><strong>sed</strong></span> <span class='ocrx_word' id='word_1_608' title='bbox 861 2549 891 2572; x_wconf 81' lang='lat' dir='ltr'><strong>ut</strong></span> <span class='ocrx_word' id='word_1_609' title='bbox 915 2545 997 2580; x_wconf 77' lang='lat' dir='ltr'><strong>impe-</strong></span> 
     </span>
    </p>
   </div>
   <div class='ocr_carea' id='block_1_88' title="bbox 173 2588 996 2619">
    <p class='ocr_par' dir='ltr' id='par_1_88' title="bbox 173 2588 996 2619">
     <span class='ocr_line' id='line_1_88' title="bbox 173 2588 996 2619; baseline -0.002 0"><span class='ocrx_word' id='word_1_610' title='bbox 173 2592 293 2619; x_wconf 73' lang='lat' dir='ltr'><strong>ratorem</strong></span> <span class='ocrx_word' id='word_1_611' title='bbox 309 2590 442 2619; x_wconf 78' lang='lat' dir='ltr'><strong>tractabo.</strong></span> <span class='ocrx_word' id='word_1_612' title='bbox 459 2590 494 2617; x_wconf 90' lang='lat' dir='ltr'><strong>Et</strong></span> <span class='ocrx_word' id='word_1_613' title='bbox 508 2589 609 2618; x_wconf 88' lang='lat' dir='ltr'><strong>statim</strong></span> <span class='ocrx_word' id='word_1_614' title='bbox 625 2588 650 2616; x_wconf 88' lang='lat' dir='ltr'><strong>ei</strong></span> <span class='ocrx_word' id='word_1_615' title='bbox 669 2588 890 2617; x_wconf 89' lang='lat' dir='ltr'><strong>tabernaculum</strong></span> <span class='ocrx_word' id='word_1_616' title='bbox 919 2589 996 2618; x_wconf 88' lang='lat' dir='ltr'><strong>desi-</strong></span> 
     </span>
    </p>
   </div>
   <div class='ocr_carea' id='block_1_89' title="bbox 171 2632 997 2672">
    <p class='ocr_par' dir='ltr' id='par_1_89' title="bbox 171 2632 997 2672">
     <span class='ocr_line' id='line_1_89' title="bbox 171 2632 997 2672; baseline -0.004 -8"><span class='ocrx_word' id='word_1_617' title='bbox 171 2637 252 2672; x_wconf 85' lang='lat' dir='ltr'><strong>gnat,</strong></span> <span class='ocrx_word' id='word_1_618' title='bbox 266 2637 295 2664; x_wconf 86' lang='lat' dir='ltr'><strong>et</strong></span> <span class='ocrx_word' id='word_1_619' title='bbox 310 2633 474 2663; x_wconf 88' lang='lat' dir='ltr'><strong>ministeria</strong></span> <span class='ocrx_word' id='word_1_620' title='bbox 486 2632 685 2669; x_wconf 88' lang='lat' dir='ltr'><strong>imperatoria,</strong></span> <span class='ocrx_word' id='word_1_621' title='bbox 701 2640 868 2669; x_wconf 82' lang='lat' dir='ltr'><strong>mensasque</strong></span> <span class='ocrx_word' id='word_1_622' title='bbox 883 2633 997 2662; x_wconf 87' lang='lat' dir='ltr'><strong>adhibi-</strong></span> 
     </span>
    </p>
   </div>
   <div class='ocr_carea' id='block_1_90' title="bbox 1052 1649 1879 1688">
    <p class='ocr_par' dir='ltr' id='par_1_90' title="bbox 1052 1649 1879 1688">
     <span class='ocr_line' id='line_1_90' title="bbox 1052 1649 1879 1688; baseline 0.002 -13"><span class='ocrx_word' id='word_1_623' title='bbox 1052 1649 1193 1688; x_wconf 78' lang='grc' dir='ltr'>φάλαγξιν.</span> <span class='ocrx_word' id='word_1_624' title='bbox 1210 1649 1267 1676; x_wconf 84' lang='grc' dir='ltr'>Ἀεὶ</span> <span class='ocrx_word' id='word_1_625' title='bbox 1290 1649 1341 1687; x_wconf 70' lang='grc' dir='ltr'><strong>γὰρ</strong></span> <span class='ocrx_word' id='word_1_626' title='bbox 1366 1649 1382 1676; x_wconf 88' lang='lat'><em>6&#39;</em></span> <span class='ocrx_word' id='word_1_627' title='bbox 1404 1660 1433 1677; x_wconf 86' lang='grc' dir='ltr'><strong>τε</strong></span> <span class='ocrx_word' id='word_1_628' title='bbox 1448 1651 1548 1688; x_wconf 84' lang='grc' dir='ltr'>Καῖσαρ</span> <span class='ocrx_word' id='word_1_629' title='bbox 1569 1651 1614 1677; x_wconf 87' lang='grc' dir='ltr'><strong>καὶ</strong></span> <span class='ocrx_word' id='word_1_630' title='bbox 1640 1651 1665 1677; x_wconf 74' lang='grc' dir='ltr'>οἱ</span> <span class='ocrx_word' id='word_1_631' title='bbox 1690 1649 1787 1678; x_wconf 78' lang='grc' dir='ltr'>τούτου</span> <span class='ocrx_word' id='word_1_632' title='bbox 1813 1651 1879 1683; x_wconf 77' lang='grc' dir='ltr'>υἱεῖς</span> 
     </span>
    </p>
   </div>
   <div class='ocr_carea' id='block_1_91' title="bbox 1051 1692 1876 1734">
    <p class='ocr_par' dir='ltr' id='par_1_91' title="bbox 1051 1692 1876 1734">
     <span class='ocr_line' id='line_1_91' title="bbox 1051 1692 1876 1734; baseline 0.004 -14"><span class='ocrx_word' id='word_1_633' title='bbox 1051 1692 1199 1731; x_wconf 73' lang='grc' dir='ltr'>ἐφήδρευον</span> <span class='ocrx_word' id='word_1_634' title='bbox 1236 1695 1276 1730; x_wconf 83' lang='grc' dir='ltr'>τῷ</span> <span class='ocrx_word' id='word_1_635' title='bbox 1315 1693 1443 1731; x_wconf 84' lang='grc' dir='ltr'>βασιλεῖ,</span> <span class='ocrx_word' id='word_1_636' title='bbox 1465 1695 1510 1722; x_wconf 82' lang='grc' dir='ltr'><strong>καὶ</strong></span> <span class='ocrx_word' id='word_1_637' title='bbox 1543 1695 1651 1734; x_wconf 79' lang='grc' dir='ltr'>ἀφανῶς</span> <span class='ocrx_word' id='word_1_638' title='bbox 1686 1693 1876 1724; x_wconf 69' lang='grc' dir='ltr'>ἐπεϐούλευον.</span> 
     </span>
    </p>
   </div>
   <div class='ocr_carea' id='block_1_92' title="bbox 1052 1737 1878 1778">
    <p class='ocr_par' dir='ltr' id='par_1_92' title="bbox 1052 1737 1878 1778">
     <span class='ocr_line' id='line_1_92' title="bbox 1052 1737 1878 1778; baseline 0 -11"><span class='ocrx_word' id='word_1_639' title='bbox 1052 1741 1136 1777; x_wconf 85' lang='grc' dir='ltr'>’Ἀρας</span> <span class='ocrx_word' id='word_1_640' title='bbox 1153 1737 1199 1766; x_wconf 66' lang='grc' dir='ltr'>οὖν</span> <span class='ocrx_word' id='word_1_641' title='bbox 1226 1737 1320 1766; x_wconf 76' lang='grc' dir='ltr'>αὐτίκα</span> <span class='ocrx_word' id='word_1_642' title='bbox 1349 1739 1416 1775; x_wconf 74' lang='grc' dir='ltr'>μετὰ</span> <span class='ocrx_word' id='word_1_643' title='bbox 1442 1741 1496 1766; x_wconf 88' lang='grc' dir='ltr'><strong>τῶν</strong></span> <span class='ocrx_word' id='word_1_644' title='bbox 1516 1739 1578 1777; x_wconf 85' lang='grc' dir='ltr'>περὶ</span> <span class='ocrx_word' id='word_1_645' title='bbox 1607 1739 1686 1767; x_wconf 82' lang='grc' dir='ltr'>αὐτὸν</span> <span class='ocrx_word' id='word_1_646' title='bbox 1703 1740 1717 1768; x_wconf 96' lang='lat'><strong>6</strong></span> <span class='ocrx_word' id='word_1_647' title='bbox 1742 1738 1878 1778; x_wconf 85' lang='grc' dir='ltr'>Ἀνδρόνι-</span> 
     </span>
    </p>
   </div>
   <div class='ocr_carea' id='block_1_93' title="bbox 1051 1783 1875 1822">
    <p class='ocr_par' dir='ltr' id='par_1_93' title="bbox 1051 1783 1875 1822">
     <span class='ocr_line' id='line_1_93' title="bbox 1051 1783 1875 1822; baseline 0.002 -12"><span class='ocrx_word' id='word_1_648' title='bbox 1051 1793 1098 1814; x_wconf 90' lang='grc' dir='ltr'><strong>κος</strong></span> <span class='ocrx_word' id='word_1_649' title='bbox 1122 1783 1233 1821; x_wconf 75' lang='grc' dir='ltr'>(ἓξῆρχι</span> <span class='ocrx_word' id='word_1_650' title='bbox 1253 1783 1303 1821; x_wconf 76' lang='grc' dir='ltr'><strong>γὰρ</strong></span> <span class='ocrx_word' id='word_1_651' title='bbox 1330 1783 1379 1811; x_wconf 83' lang='grc' dir='ltr'>οὐκ</span> <span class='ocrx_word' id='word_1_652' title='bbox 1401 1783 1551 1821; x_wconf 73' lang='grc' dir='ltr'>ἒλαχίστης</span> <span class='ocrx_word' id='word_1_653' title='bbox 1574 1783 1671 1822; x_wconf 80' lang='grc' dir='ltr'>μοίρας</span> <span class='ocrx_word' id='word_1_654' title='bbox 1694 1786 1875 1822; x_wconf 79' lang='grc' dir='ltr'>στρατιωτῶν)</span> 
     </span>
    </p>
   </div>
   <div class='ocr_carea' id='block_1_94' title="bbox 1053 1827 1874 1867">
    <p class='ocr_par' dir='ltr' id='par_1_94' title="bbox 1053 1827 1874 1867">
     <span class='ocr_line' id='line_1_94' title="bbox 1053 1827 1874 1867; baseline 0.002 -12"><span class='ocrx_word' id='word_1_655' title='bbox 1053 1828 1106 1855; x_wconf 82' lang='grc' dir='ltr'>ἀπὸ</span> <span class='ocrx_word' id='word_1_656' title='bbox 1135 1827 1252 1866; x_wconf 80' lang='grc' dir='ltr'>ῥυτῆρος</span> <span class='ocrx_word' id='word_1_657' title='bbox 1282 1827 1481 1864; x_wconf 73' lang='grc' dir='ltr'>ἱπανελήλυθεν</span> <span class='ocrx_word' id='word_1_658' title='bbox 1509 1828 1547 1861; x_wconf 76' lang='grc' dir='ltr'>εἷς</span> <span class='ocrx_word' id='word_1_659' title='bbox 1574 1829 1620 1856; x_wconf 86' lang='grc' dir='ltr'><strong>τὸν</strong></span> <span class='ocrx_word' id='word_1_660' title='bbox 1649 1828 1767 1867; x_wconf 81' lang='grc' dir='ltr'>χάρακα.</span> <span class='ocrx_word' id='word_1_661' title='bbox 1792 1832 1874 1857; x_wconf 75' lang='grc' dir='ltr'>Τοῦτο</span> 
     </span>
    </p>
   </div>
   <div class='ocr_carea' id='block_1_95' title="bbox 1052 1871 1875 1912">
    <p class='ocr_par' dir='ltr' id='par_1_95' title="bbox 1052 1871 1875 1912">
     <span class='ocr_line' id='line_1_95' title="bbox 1052 1871 1875 1912; baseline 0.001 -12"><span class='ocrx_word' id='word_1_662' title='bbox 1052 1872 1097 1900; x_wconf 83' lang='grc' dir='ltr'><strong>καὶ</strong></span> <span class='ocrx_word' id='word_1_663' title='bbox 1112 1872 1175 1904; x_wconf 77' lang='grc' dir='ltr'>τοὺς</span> <span class='ocrx_word' id='word_1_664' title='bbox 1191 1871 1306 1904; x_wconf 80' lang='grc' dir='ltr'>λοιποὺς</span> <span class='ocrx_word' id='word_1_665' title='bbox 1329 1872 1457 1911; x_wconf 71' lang='grc' dir='ltr'>ἐτρέψατο</span> <span class='ocrx_word' id='word_1_666' title='bbox 1482 1872 1520 1904; x_wconf 74' lang='grc' dir='ltr'><strong>εἰς</strong></span> <span class='ocrx_word' id='word_1_667' title='bbox 1538 1874 1638 1912; x_wconf 75' lang='grc' dir='ltr'>φυγὴν,</span> <span class='ocrx_word' id='word_1_668' title='bbox 1655 1873 1703 1904; x_wconf 80' lang='grc' dir='ltr'>οὓς</span> <span class='ocrx_word' id='word_1_669' title='bbox 1719 1873 1801 1910; x_wconf 72' lang='grc' dir='ltr'>οὕτω,</span> <span class='ocrx_word' id='word_1_670' title='bbox 1816 1874 1875 1902; x_wconf 83' lang='grc' dir='ltr'>ἀκό-</span> 
     </span>
    </p>
   </div>
   <div class='ocr_carea' id='block_1_96' title="bbox 1053 1917 1878 1956">
    <p class='ocr_par' dir='ltr' id='par_1_96' title="bbox 1053 1917 1878 1956">
     <span class='ocr_line' id='line_1_96' title="bbox 1053 1917 1878 1956; baseline 0.002 -12"><span class='ocrx_word' id='word_1_671' title='bbox 1053 1928 1129 1954; x_wconf 85' lang='grc' dir='ltr'>σμως</span> <span class='ocrx_word' id='word_1_672' title='bbox 1146 1917 1303 1949; x_wconf 68' lang='grc' dir='ltr'>ἐπανιόντας</span> <span class='ocrx_word' id='word_1_673' title='bbox 1319 1918 1332 1945; x_wconf 88' lang='lat'><strong>6</strong></span> <span class='ocrx_word' id='word_1_674' title='bbox 1361 1917 1486 1956; x_wconf 83' lang='grc' dir='ltr'>βασιλεὺς</span> <span class='ocrx_word' id='word_1_675' title='bbox 1511 1918 1685 1955; x_wconf 77' lang='grc' dir='ltr'>θεασάμενος,</span> <span class='ocrx_word' id='word_1_676' title='bbox 1712 1917 1786 1954; x_wconf 74' lang='grc' dir='ltr'>ἔστι),</span> <span class='ocrx_word' id='word_1_677' title='bbox 1813 1922 1878 1954; x_wconf 82' lang='grc' dir='ltr'>στῆ-</span> 
     </span>
    </p>
   </div>
   <div class='ocr_carea' id='block_1_97' title="bbox 1053 1961 1876 1999">
    <p class='ocr_par' dir='ltr' id='par_1_97' title="bbox 1053 1961 1876 1999">
     <span class='ocr_line' id='line_1_97' title="bbox 1053 1961 1876 1999; baseline 0.002 -10"><span class='ocrx_word' id='word_1_678' title='bbox 1053 1962 1095 1989; x_wconf 87' lang='grc' dir='ltr'><strong>ναί</strong></span> <span class='ocrx_word' id='word_1_679' title='bbox 1120 1972 1149 1989; x_wconf 81' lang='grc' dir='ltr'><strong>τε</strong></span> <span class='ocrx_word' id='word_1_680' title='bbox 1172 1962 1216 1989; x_wconf 79' lang='grc' dir='ltr'><strong>καὶ</strong></span> <span class='ocrx_word' id='word_1_681' title='bbox 1241 1964 1301 1993; x_wconf 86' lang='grc' dir='ltr'>τοῖς</span> <span class='ocrx_word' id='word_1_682' title='bbox 1327 1962 1451 1990; x_wconf 76' lang='grc' dir='ltr'>ἀπιοῦσιν</span> <span class='ocrx_word' id='word_1_683' title='bbox 1477 1961 1644 1991; x_wconf 72' lang='grc' dir='ltr'>ἐνεκελεύετο</span> <span class='ocrx_word' id='word_1_684' title='bbox 1661 1986 1668 1992; x_wconf 90' lang='grc'>.</span> <span class='ocrx_word' id='word_1_685' title='bbox 1695 1962 1774 1992; x_wconf 78' lang='grc' dir='ltr'>⁷Λλλ¹</span> <span class='ocrx_word' id='word_1_686' title='bbox 1794 1963 1876 1999; x_wconf 64' lang='grc' dir='ltr'>ἐξεκε-</span> 
     </span>
    </p>
   </div>
   <div class='ocr_carea' id='block_1_98' title="bbox 1051 2007 1876 2047">
    <p class='ocr_par' dir='ltr' id='par_1_98' title="bbox 1051 2007 1876 2047">
     <span class='ocr_line' id='line_1_98' title="bbox 1051 2007 1876 2047; baseline 0.002 -13"><span class='ocrx_word' id='word_1_687' title='bbox 1051 2007 1186 2046; x_wconf 77' lang='grc' dir='ltr'>κώφεισαν</span> <span class='ocrx_word' id='word_1_688' title='bbox 1215 2007 1339 2043; x_wconf 77' lang='grc' dir='ltr'>ἅπαντες,</span> <span class='ocrx_word' id='word_1_689' title='bbox 1367 2007 1412 2034; x_wconf 78' lang='grc' dir='ltr'><strong>καὶ</strong></span> <span class='ocrx_word' id='word_1_690' title='bbox 1440 2010 1490 2042; x_wconf 83' lang='grc' dir='ltr'>τῆς</span> <span class='ocrx_word' id='word_1_691' title='bbox 1517 2011 1603 2047; x_wconf 67' lang='grc' dir='ltr'>φυγῆς</span> <span class='ocrx_word' id='word_1_692' title='bbox 1625 2008 1657 2035; x_wconf 82' lang='grc' dir='ltr'>οὐ</span> <span class='ocrx_word' id='word_1_693' title='bbox 1686 2008 1876 2044; x_wconf 79' lang='grc' dir='ltr'>μεθίεντο.Ὠς</span> 
     </span>
    </p>
   </div>
   <div class='ocr_carea' id='block_1_99' title="bbox 1053 2050 1876 2090">
    <p class='ocr_par' dir='ltr' id='par_1_99' title="bbox 1053 2050 1876 2090">
     <span class='ocr_line' id='line_1_99' title="bbox 1053 2050 1876 2090; baseline 0.001 -11"><span class='ocrx_word' id='word_1_694' title='bbox 1053 2050 1082 2079; x_wconf 64' lang='grc' dir='ltr'>δὲ</span> <span class='ocrx_word' id='word_1_695' title='bbox 1108 2052 1140 2080; x_wconf 83' lang='grc' dir='ltr'>τὸ</span> <span class='ocrx_word' id='word_1_696' title='bbox 1166 2051 1321 2089; x_wconf 83' lang='grc' dir='ltr'>παράλογον</span> <span class='ocrx_word' id='word_1_697' title='bbox 1348 2055 1398 2086; x_wconf 78' lang='grc' dir='ltr'>τῆς</span> <span class='ocrx_word' id='word_1_698' title='bbox 1428 2053 1515 2090; x_wconf 72' lang='grc' dir='ltr'>φυγῆς</span> <span class='ocrx_word' id='word_1_699' title='bbox 1544 2050 1708 2090; x_wconf 81' lang='grc' dir='ltr'>δυστύχημα</span> <span class='ocrx_word' id='word_1_700' title='bbox 1731 2055 1784 2080; x_wconf 88' lang='grc' dir='ltr'><strong>τῶν</strong></span> <span class='ocrx_word' id='word_1_701' title='bbox 1811 2053 1876 2080; x_wconf 82' lang='grc' dir='ltr'><strong>Ῥω-</strong></span> 
     </span>
    </p>
   </div>
   <div class='ocr_carea' id='block_1_100' title="bbox 1055 2093 1877 2134">
    <p class='ocr_par' dir='ltr' id='par_1_100' title="bbox 1055 2093 1877 2134">
     <span class='ocr_line' id='line_1_100' title="bbox 1055 2093 1877 2134; baseline 0 -10"><span class='ocrx_word' id='word_1_702' title='bbox 1055 2095 1153 2134; x_wconf 81' lang='grc' dir='ltr'>μαίων,</span> <span class='ocrx_word' id='word_1_703' title='bbox 1170 2096 1215 2124; x_wconf 80' lang='grc' dir='ltr'><strong>καὶ</strong></span> <span class='ocrx_word' id='word_1_704' title='bbox 1232 2097 1339 2134; x_wconf 78' lang='grc' dir='ltr'>μήνιμα</span> <span class='ocrx_word' id='word_1_705' title='bbox 1363 2097 1434 2124; x_wconf 74' lang='grc' dir='ltr'>θεῖον</span> <span class='ocrx_word' id='word_1_706' title='bbox 1460 2093 1574 2134; x_wconf 77' lang='grc' dir='ltr'>ἔγιωσαν</span> <span class='ocrx_word' id='word_1_707' title='bbox 1591 2097 1618 2124; x_wconf 74' lang='grc' dir='ltr'>οἱ</span> <span class='ocrx_word' id='word_1_708' title='bbox 1642 2096 1784 2134; x_wconf 79' lang='grc' dir='ltr'>πολέμιοι,</span> <span class='ocrx_word' id='word_1_709' title='bbox 1802 2097 1877 2129; x_wconf 66' lang='grc' dir='ltr'>εὐθὺς</span> 
     </span>
    </p>
   </div>
   <div class='ocr_carea' id='block_1_101' title="bbox 1052 2140 1876 2180">
    <p class='ocr_par' dir='ltr' id='par_1_101' title="bbox 1052 2140 1876 2180">
     <span class='ocr_line' id='line_1_101' title="bbox 1052 2140 1876 2180; baseline 0 -11"><span class='ocrx_word' id='word_1_710' title='bbox 1052 2141 1172 2176; x_wconf 69' lang='grc' dir='ltr'>ἐπῆλθον</span> <span class='ocrx_word' id='word_1_711' title='bbox 1194 2143 1234 2178; x_wconf 79' lang='grc' dir='ltr'>τῷ</span> <span class='ocrx_word' id='word_1_712' title='bbox 1257 2140 1375 2180; x_wconf 83' lang='grc' dir='ltr'>βασιλεῖ.</span> <span class='ocrx_word' id='word_1_713' title='bbox 1391 2142 1419 2170; x_wconf 89' lang='grc' dir='ltr'>Ὀ</span> <span class='ocrx_word' id='word_1_714' title='bbox 1436 2140 1465 2169; x_wconf 72' lang='grc' dir='ltr'>δὲ</span> <span class='ocrx_word' id='word_1_715' title='bbox 1488 2141 1555 2178; x_wconf 85' lang='grc' dir='ltr'>μετὰ</span> <span class='ocrx_word' id='word_1_716' title='bbox 1575 2144 1629 2169; x_wconf 86' lang='grc' dir='ltr'><strong>τῶν</strong></span> <span class='ocrx_word' id='word_1_717' title='bbox 1657 2142 1718 2180; x_wconf 87' lang='grc' dir='ltr'><strong>περῖ</strong></span> <span class='ocrx_word' id='word_1_718' title='bbox 1735 2141 1813 2169; x_wconf 77' lang='grc' dir='ltr'>αὐτὸν</span> <span class='ocrx_word' id='word_1_719' title='bbox 1829 2142 1876 2176; x_wconf 82' lang='grc' dir='ltr'>τὴν</span> 
     </span>
    </p>
   </div>
   <div class='ocr_carea' id='block_1_102' title="bbox 1054 2185 1872 2225">
    <p class='ocr_par' dir='ltr' id='par_1_102' title="bbox 1054 2185 1872 2225">
     <span class='ocr_line' id='line_1_102' title="bbox 1054 2185 1872 2225; baseline 0 -11"><span class='ocrx_word' id='word_1_720' title='bbox 1054 2186 1147 2225; x_wconf 80' lang='grc' dir='ltr'>μάχην</span> <span class='ocrx_word' id='word_1_721' title='bbox 1179 2185 1286 2222; x_wconf 77' lang='grc' dir='ltr'>ἐδέξατο</span> <span class='ocrx_word' id='word_1_722' title='bbox 1303 2208 1310 2221; x_wconf 91' lang='grc'><strong>,</strong></span> <span class='ocrx_word' id='word_1_723' title='bbox 1340 2185 1384 2214; x_wconf 84' lang='grc' dir='ltr'><strong>καὶ</strong></span> <span class='ocrx_word' id='word_1_724' title='bbox 1425 2185 1507 2224; x_wconf 59' lang='grc' dir='ltr'>μέχρι</span> <span class='ocrx_word' id='word_1_725' title='bbox 1547 2186 1593 2224; x_wconf 85' lang='grc' dir='ltr'><strong>μέν</strong></span> <span class='ocrx_word' id='word_1_726' title='bbox 1619 2197 1690 2218; x_wconf 86' lang='grc' dir='ltr'>τινος</span> <span class='ocrx_word' id='word_1_727' title='bbox 1714 2186 1872 2225; x_wconf 74' lang='grc' dir='ltr'>ὲρῤωμένως</span> 
     </span>
    </p>
   </div>
   <div class='ocr_carea' id='block_1_103' title="bbox 1052 2230 1875 2270">
    <p class='ocr_par' dir='ltr' id='par_1_103' title="bbox 1052 2230 1875 2270">
     <span class='ocr_line' id='line_1_103' title="bbox 1052 2230 1875 2270; baseline -0.001 -11"><span class='ocrx_word' id='word_1_728' title='bbox 1052 2231 1188 2270; x_wconf 81' lang='grc' dir='ltr'>ἀντεῖχον·</span> <span class='ocrx_word' id='word_1_729' title='bbox 1204 2232 1260 2259; x_wconf 80' lang='grc' dir='ltr'>εἶτα</span> <span class='ocrx_word' id='word_1_730' title='bbox 1283 2233 1336 2259; x_wconf 80' lang='grc' dir='ltr'><strong>τῶν</strong></span> <span class='ocrx_word' id='word_1_731' title='bbox 1364 2231 1412 2268; x_wconf 75' lang='grc' dir='ltr'>μὲν</span> <span class='ocrx_word' id='word_1_732' title='bbox 1437 2231 1585 2266; x_wconf 84' lang='grc' dir='ltr'>πεσόντων,</span> <span class='ocrx_word' id='word_1_733' title='bbox 1608 2230 1770 2259; x_wconf 71' lang='grc' dir='ltr'>ἑαλωκότων</span> <span class='ocrx_word' id='word_1_734' title='bbox 1788 2230 1811 2258; x_wconf 83' lang='grc' dir='ltr'>δ’</span> <span class='ocrx_word' id='word_1_735' title='bbox 1825 2230 1875 2258; x_wconf 62' lang='lat' dir='ltr'><strong>Ett-</strong></span> 
     </span>
    </p>
   </div>
   <div class='ocr_carea' id='block_1_104' title="bbox 1053 2274 1874 2315">
    <p class='ocr_par' dir='ltr' id='par_1_104' title="bbox 1053 2274 1874 2315">
     <span class='ocr_line' id='line_1_104' title="bbox 1053 2274 1874 2315; baseline 0 -12"><span class='ocrx_word' id='word_1_736' title='bbox 1053 2287 1118 2315; x_wconf 84' lang='grc' dir='ltr'>ρων,</span> <span class='ocrx_word' id='word_1_737' title='bbox 1134 2276 1354 2314; x_wconf 80' lang='grc' dir='ltr'>περιεστοιχίσθη</span> <span class='ocrx_word' id='word_1_738' title='bbox 1379 2276 1448 2314; x_wconf 80' lang='grc' dir='ltr'>πρὸς</span> <span class='ocrx_word' id='word_1_739' title='bbox 1468 2278 1522 2304; x_wconf 83' lang='grc' dir='ltr'><strong>τῶν</strong></span> <span class='ocrx_word' id='word_1_740' title='bbox 1547 2274 1691 2315; x_wconf 76' lang='grc' dir='ltr'>Βαρϐάρων</span> <span class='ocrx_word' id='word_1_741' title='bbox 1709 2277 1723 2304; x_wconf 94' lang='lat'><strong>6</strong></span> <span class='ocrx_word' id='word_1_742' title='bbox 1740 2275 1874 2314; x_wconf 69' lang='grc' dir='ltr'>βασιλεύς.</span> 
     </span>
    </p>
   </div>
   <div class='ocr_carea' id='block_1_105' title="bbox 1053 2319 1874 2358">
    <p class='ocr_par' dir='ltr' id='par_1_105' title="bbox 1053 2319 1874 2358">
     <span class='ocr_line' id='line_1_105' title="bbox 1053 2319 1874 2358; baseline -0.002 -9"><span class='ocrx_word' id='word_1_743' title='bbox 1053 2320 1131 2349; x_wconf 81' lang='grc' dir='ltr'>Ἀλλ’</span> <span class='ocrx_word' id='word_1_744' title='bbox 1148 2320 1210 2348; x_wconf 72' lang='grc' dir='ltr'>οὐδὲ</span> <span class='ocrx_word' id='word_1_745' title='bbox 1237 2320 1324 2351; x_wconf 68' lang='grc' dir='ltr'>οὕτως</span> <span class='ocrx_word' id='word_1_746' title='bbox 1353 2319 1477 2350; x_wconf 76' lang='grc' dir='ltr'>ἒνέδωκε.</span> <span class='ocrx_word' id='word_1_747' title='bbox 1505 2320 1633 2354; x_wconf 77' lang='grc' dir='ltr'>Πολλοὺς</span> <span class='ocrx_word' id='word_1_748' title='bbox 1659 2320 1687 2348; x_wconf 73' lang='grc' dir='ltr'>δὲ</span> <span class='ocrx_word' id='word_1_749' title='bbox 1702 2320 1808 2358; x_wconf 82' lang='grc' dir='ltr'>πλήξας</span> <span class='ocrx_word' id='word_1_750' title='bbox 1833 2320 1874 2348; x_wconf 78' lang='grc' dir='ltr'><strong>καὶ</strong></span> 
     </span>
    </p>
   </div>
   <div class='ocr_carea' id='block_1_106' title="bbox 1053 2365 1874 2404">
    <p class='ocr_par' dir='ltr' id='par_1_106' title="bbox 1053 2365 1874 2404">
     <span class='ocr_line' id='line_1_106' title="bbox 1053 2365 1874 2404; baseline -0.001 -10"><span class='ocrx_word' id='word_1_751' title='bbox 1053 2366 1166 2401; x_wconf 87' lang='grc' dir='ltr'>ἀνελὼν,</span> <span class='ocrx_word' id='word_1_752' title='bbox 1182 2365 1289 2403; x_wconf 68' lang='grc' dir='ltr'>ἐπλήγη</span> <span class='ocrx_word' id='word_1_753' title='bbox 1303 2365 1426 2397; x_wconf 80' lang='grc' dir='ltr'>κάκεῖνος</span> <span class='ocrx_word' id='word_1_754' title='bbox 1451 2367 1500 2401; x_wconf 82' lang='grc' dir='ltr'><strong>τήν</strong></span> <span class='ocrx_word' id='word_1_755' title='bbox 1526 2369 1618 2404; x_wconf 82' lang='grc' dir='ltr'>χεῖρα,</span> <span class='ocrx_word' id='word_1_756' title='bbox 1641 2366 1685 2393; x_wconf 79' lang='grc' dir='ltr'><strong>καὶ</strong></span> <span class='ocrx_word' id='word_1_757' title='bbox 1708 2366 1796 2398; x_wconf 75' lang='grc' dir='ltr'>οὕτως</span> <span class='ocrx_word' id='word_1_758' title='bbox 1809 2365 1874 2393; x_wconf 86' lang='grc' dir='ltr'>ἀπο-</span> 
     </span>
    </p>
   </div>
   <div class='ocr_carea' id='block_1_107' title="bbox 1051 2409 1872 2447">
    <p class='ocr_par' dir='ltr' id='par_1_107' title="bbox 1051 2409 1872 2447">
     <span class='ocr_line' id='line_1_107' title="bbox 1051 2409 1872 2447; baseline 0.001 -10"><span class='ocrx_word' id='word_1_759' title='bbox 1051 2411 1158 2447; x_wconf 84' lang='grc' dir='ltr'>καμὼν,</span> <span class='ocrx_word' id='word_1_760' title='bbox 1189 2410 1233 2437; x_wconf 80' lang='grc' dir='ltr'><strong>καὶ</strong></span> <span class='ocrx_word' id='word_1_761' title='bbox 1261 2410 1359 2447; x_wconf 85' lang='grc' dir='ltr'>μηκέτι</span> <span class='ocrx_word' id='word_1_762' title='bbox 1385 2410 1529 2447; x_wconf 67' lang='grc' dir='ltr'>ἀμύνεσθαι</span> <span class='ocrx_word' id='word_1_763' title='bbox 1552 2410 1616 2442; x_wconf 70' lang='grc' dir='ltr'>τοὺς</span> <span class='ocrx_word' id='word_1_764' title='bbox 1647 2410 1771 2442; x_wconf 72' lang='grc' dir='ltr'>ἐπιόντας</span> <span class='ocrx_word' id='word_1_765' title='bbox 1798 2409 1872 2438; x_wconf 68' lang='grc' dir='ltr'>δύνα-</span> 
     </span>
    </p>
   </div>
   <div class='ocr_carea' id='block_1_108' title="bbox 1055 2454 1873 2494">
    <p class='ocr_par' dir='ltr' id='par_1_108' title="bbox 1055 2454 1873 2494">
     <span class='ocr_line' id='line_1_108' title="bbox 1055 2454 1873 2494; baseline 0 -12"><span class='ocrx_word' id='word_1_766' title='bbox 1055 2465 1143 2492; x_wconf 85' lang='grc' dir='ltr'>μενος,</span> <span class='ocrx_word' id='word_1_767' title='bbox 1172 2456 1241 2492; x_wconf 88' lang='grc' dir='ltr'>μήτε</span> <span class='ocrx_word' id='word_1_768' title='bbox 1271 2454 1364 2491; x_wconf 81' lang='grc' dir='ltr'>μέντοι</span> <span class='ocrx_word' id='word_1_769' title='bbox 1391 2459 1495 2494; x_wconf 68' lang='grc' dir='ltr'>φυγεῖν,</span> <span class='ocrx_word' id='word_1_770' title='bbox 1522 2454 1577 2491; x_wconf 76' lang='grc' dir='ltr'><strong>ἤδη</strong></span> <span class='ocrx_word' id='word_1_771' title='bbox 1608 2458 1656 2483; x_wconf 76' lang='grc' dir='ltr'>τοῦ</span> <span class='ocrx_word' id='word_1_772' title='bbox 1682 2455 1770 2483; x_wconf 75' lang='grc' dir='ltr'>’ίππου</span> <span class='ocrx_word' id='word_1_773' title='bbox 1794 2454 1873 2482; x_wconf 74' lang='grc' dir='ltr'>αὐτοῦ</span> 
     </span>
    </p>
   </div>
   <div class='ocr_carea' id='block_1_109' title="bbox 1052 2499 1871 2538">
    <p class='ocr_par' dir='ltr' id='par_1_109' title="bbox 1052 2499 1871 2538">
     <span class='ocr_line' id='line_1_109' title="bbox 1052 2499 1871 2538; baseline -0.001 -11"><span class='ocrx_word' id='word_1_774' title='bbox 1052 2499 1228 2532; x_wconf 84' lang='grc' dir='ltr'>πεπτωκότος</span> <span class='ocrx_word' id='word_1_775' title='bbox 1254 2500 1284 2528; x_wconf 72' lang='grc' dir='ltr'>ἐκ</span> <span class='ocrx_word' id='word_1_776' title='bbox 1307 2502 1359 2528; x_wconf 85' lang='grc' dir='ltr'><strong>τῶν</strong></span> <span class='ocrx_word' id='word_1_777' title='bbox 1388 2500 1486 2538; x_wconf 82' lang='grc' dir='ltr'>βελῶν,</span> <span class='ocrx_word' id='word_1_778' title='bbox 1509 2501 1582 2529; x_wconf 76' lang='grc' dir='ltr'>ἑάλω</span> <span class='ocrx_word' id='word_1_779' title='bbox 1611 2501 1654 2528; x_wconf 81' lang='grc' dir='ltr'>καὶ</span> <span class='ocrx_word' id='word_1_780' title='bbox 1683 2501 1790 2535; x_wconf 80' lang='grc' dir='ltr'>ἀπῆκτο</span> <span class='ocrx_word' id='word_1_781' title='bbox 1817 2502 1871 2531; x_wconf 81' lang='grc' dir='ltr'>τοῖς</span> 
     </span>
    </p>
   </div>
   <div class='ocr_carea' id='block_1_110' title="bbox 1052 2542 1872 2584">
    <p class='ocr_par' dir='ltr' id='par_1_110' title="bbox 1052 2542 1872 2584">
     <span class='ocr_line' id='line_1_110' title="bbox 1052 2542 1872 2584; baseline 0 -11"><span class='ocrx_word' id='word_1_782' title='bbox 1052 2542 1204 2582; x_wconf 71' lang='grc' dir='ltr'>Βαρϐάροις</span> <span class='ocrx_word' id='word_1_783' title='bbox 1236 2544 1249 2572; x_wconf 84' lang='lat'><strong>6</strong></span> <span class='ocrx_word' id='word_1_784' title='bbox 1281 2544 1408 2583; x_wconf 81' lang='grc' dir='ltr'>βασιλεὺς</span> <span class='ocrx_word' id='word_1_785' title='bbox 1431 2545 1573 2582; x_wconf 86' lang='grc' dir='ltr'>Ῥωμαίων</span> <span class='ocrx_word' id='word_1_786' title='bbox 1598 2545 1780 2584; x_wconf 73' lang='grc' dir='ltr'>αῒχμάλωτος</span> <span class='ocrx_word' id='word_1_787' title='bbox 1812 2546 1872 2582; x_wconf 87' lang='grc'><strong>(80).</strong></span> 
     </span>
    </p>
   </div>
   <div class='ocr_carea' id='block_1_111' title="bbox 1051 2588 1872 2628">
    <p class='ocr_par' dir='ltr' id='par_1_111' title="bbox 1051 2588 1872 2628">
     <span class='ocr_line' id='line_1_111' title="bbox 1051 2588 1872 2628; baseline 0 -12"><span class='ocrx_word' id='word_1_788' title='bbox 1051 2590 1230 2627; x_wconf 78' lang='grc' dir='ltr'>Ἀγγεκὸεῖσα</span> <span class='ocrx_word' id='word_1_789' title='bbox 1245 2588 1273 2618; x_wconf 68' lang='grc' dir='ltr'>δὲ</span> <span class='ocrx_word' id='word_1_790' title='bbox 1289 2591 1306 2625; x_wconf 78' lang='grc' dir='ltr'>ἡ</span> <span class='ocrx_word' id='word_1_791' title='bbox 1331 2592 1380 2618; x_wconf 70' lang='grc' dir='ltr'>τοῦ</span> <span class='ocrx_word' id='word_1_792' title='bbox 1407 2589 1541 2628; x_wconf 81' lang='grc' dir='ltr'>βασιλέως</span> <span class='ocrx_word' id='word_1_793' title='bbox 1567 2589 1669 2622; x_wconf 86' lang='grc' dir='ltr'>ἅλωσις</span> <span class='ocrx_word' id='word_1_794' title='bbox 1693 2593 1733 2627; x_wconf 81' lang='grc' dir='ltr'>τῷ</span> <span class='ocrx_word' id='word_1_795' title='bbox 1752 2588 1872 2624; x_wconf 75' lang='grc' dir='ltr'>σουλτᾶν,</span> 
     </span>
    </p>
   </div>
   <div class='ocr_carea' id='block_1_112' title="bbox 1052 2634 1871 2673">
    <p class='ocr_par' dir='ltr' id='par_1_112' title="bbox 1052 2634 1871 2673">
     <span class='ocr_line' id='line_1_112' title="bbox 1052 2634 1871 2673; baseline 0.001 -12"><span class='ocrx_word' id='word_1_796' title='bbox 1052 2634 1138 2672; x_wconf 83' lang='grc' dir='ltr'>χαρὰν</span> <span class='ocrx_word' id='word_1_797' title='bbox 1157 2634 1216 2672; x_wconf 77' lang='grc' dir='ltr'>μὲν,</span> <span class='ocrx_word' id='word_1_798' title='bbox 1245 2635 1283 2667; x_wconf 85' lang='grc' dir='ltr'>ὡς</span> <span class='ocrx_word' id='word_1_799' title='bbox 1313 2635 1395 2672; x_wconf 74' lang='grc' dir='ltr'>εἰκὸς,</span> <span class='ocrx_word' id='word_1_800' title='bbox 1422 2635 1586 2673; x_wconf 65' lang='grc' dir='ltr'>ἐνεποίησεν,</span> <span class='ocrx_word' id='word_1_801' title='bbox 1611 2635 1642 2664; x_wconf 79' lang='grc' dir='ltr'>οὐ</span> <span class='ocrx_word' id='word_1_802' title='bbox 1668 2635 1760 2673; x_wconf 75' lang='grc' dir='ltr'>μέντοι</span> <span class='ocrx_word' id='word_1_803' title='bbox 1778 2635 1871 2673; x_wconf 66' lang='grc' dir='ltr'>ἐπῆρεν</span> 
     </span>
    </p>
   </div>
   <div class='ocr_carea' id='block_1_113' title="bbox 811 2722 1233 2758">
    <p class='ocr_par' dir='ltr' id='par_1_113' title="bbox 811 2722 1233 2758">
     <span class='ocr_line' id='line_1_113' title="bbox 811 2722 1233 2758; baseline 0.007 -5"><span class='ocrx_word' id='word_1_804' title='bbox 811 2722 913 2754; x_wconf 83' lang='lat' dir='ltr'><strong>Variae</strong></span> <span class='ocrx_word' id='word_1_805' title='bbox 927 2723 1077 2756; x_wconf 86' lang='lat' dir='ltr'><strong>lectiones</strong></span> <span class='ocrx_word' id='word_1_806' title='bbox 1092 2727 1233 2758; x_wconf 77' lang='lat' dir='ltr'><strong>etnotae.</strong></span> 
     </span>
    </p>
   </div>
   <div class='ocr_carea' id='block_1_114' title="bbox 207 2793 1870 2834">
    <p class='ocr_par' dir='ltr' id='par_1_114' title="bbox 207 2793 1870 2834">
     <span class='ocr_line' id='line_1_114' title="bbox 207 2793 1870 2834; baseline 0.001 -11"><span class='ocrx_word' id='word_1_807' title='bbox 207 2795 262 2832; x_wconf 88' lang='lat'><strong>(80)</strong></span> <span class='ocrx_word' id='word_1_808' title='bbox 277 2793 475 2833; x_wconf 73' lang='grc' dir='ltr'>Αἲχμάλωτος.</span> <span class='ocrx_word' id='word_1_809' title='bbox 491 2793 674 2824; x_wconf 79' lang='lat' dir='ltr'><strong>Acciditheeo</strong></span> <span class='ocrx_word' id='word_1_810' title='bbox 685 2794 783 2824; x_wconf 86' lang='lat' dir='ltr'><strong>clades</strong></span> <span class='ocrx_word' id='word_1_811' title='bbox 799 2802 901 2825; x_wconf 87' lang='lat' dir='ltr'><strong>mense</strong></span> <span class='ocrx_word' id='word_1_812' title='bbox 916 2795 992 2825; x_wconf 74' lang='lat' dir='ltr'><strong>Iulio</strong></span> <span class='ocrx_word' id='word_1_813' title='bbox 1017 2804 1066 2826; x_wconf 80' lang='lat' dir='ltr'><strong>an.</strong></span> <span class='ocrx_word' id='word_1_814' title='bbox 1096 2797 1177 2833; x_wconf 71' lang='lat'>4072,</span> <span class='ocrx_word' id='word_1_815' title='bbox 1207 2797 1270 2826; x_wconf 91' lang='lat' dir='ltr'><strong>ind.</strong></span> <span class='ocrx_word' id='word_1_816' title='bbox 1300 2797 1344 2832; x_wconf 78' lang='grc'>10,</span> <span class='ocrx_word' id='word_1_817' title='bbox 1375 2799 1408 2826; x_wconf 87' lang='lat' dir='ltr'><strong>ut</strong></span> <span class='ocrx_word' id='word_1_818' title='bbox 1435 2800 1480 2827; x_wconf 79' lang='lat' dir='ltr'><strong>est</strong></span> <span class='ocrx_word' id='word_1_819' title='bbox 1508 2797 1586 2834; x_wconf 88' lang='lat' dir='ltr'><strong>apud</strong></span> <span class='ocrx_word' id='word_1_820' title='bbox 1613 2804 1793 2834; x_wconf 83' lang='lat' dir='ltr'><strong>anonymum</strong></span> <span class='ocrx_word' id='word_1_821' title='bbox 1821 2798 1870 2824; x_wconf 86' lang='lat' dir='ltr'><strong>Ba-</strong></span> 
     </span>
    </p>
   </div>
   <div class='ocr_carea' id='block_1_115' title="bbox 172 2839 299 2860">
    <p class='ocr_par' dir='ltr' id='par_1_115' title="bbox 172 2839 299 2860">
     <span class='ocr_line' id='line_1_115' title="bbox 172 2839 299 2860; baseline -0.008 0"><span class='ocrx_word' id='word_1_822' title='bbox 172 2839 299 2860; x_wconf 80' lang='lat' dir='ltr'><strong>rensem.</strong></span> 
     </span>
    </p>
   </div>
  </div>
