2032 3167
141 186 206 216 281

783 183 992 215 ANNALIUM
1015 183 1089 214 LIB.
1111 183 1218 215 XVIII.

1797 187 1855 216 282

143 250 301 289 λελυμένον
333 250 553 289 αἰχμαλωσίας,
582 251 627 278 καὶ
655 251 674 286 ἡ
703 249 875 288 Χρυσόπολις
904 250 973 288 εἶχεν

1035 250 1255 280 multitudinem
1270 259 1333 287 qua:
1350 251 1443 280 multa
1457 251 1551 280 millia
1559 251 1734 288 complebat,
1745 251 1857 280 incide-

143 296 197 323 τὸν
212 295 379 331 ἀποστάτην,
407 296 452 323 καὶ
482 295 576 323 αὐτίκα
600 298 652 333 πῦρ
682 297 742 326 ταῖς
770 294 856 323 ἐκεῖσε
879 294 978 327 οἰκίαις

145 340 253 376 ἐνῆκεν.
282 342 311 370 '0
350 339 378 368 δὲ
414 340 540 378 βασιλεὺς
568 340 676 377 ἀξίωμά
712 351 741 368 τε
769 339 977 378 κουροπαλάτου

146 385 226 422 αὐτῷ
250 385 446 424 ἐπηγγέλλετο,
472 385 494 413 εἰ
519 385 553 413 τὰ
581 384 653 413 ὅπλα
677 385 833 419 κατάθοιτο,
858 385 902 412 καὶ
925 384 975 419 τὴν

145 433 263 469 γυναῖκα
288 430 369 458 αὐτοῦ
398 430 466 468 μετά
487 433 541 459 τῶν
564 430 663 458 τέκνων
687 430 844 467 ἐξέπεμψεν·
871 428 934 457 ἀλλ’
962 430 976 457 6

149 474 292 514 βάρϐαρος
331 476 472 508 ἀτίϐασσος
510 476 543 511 ἦν
572 498 578 505 .
608 476 805 513 Μετεπέμψατο
842 475 932 503 τοίνυν
962 475 976 502 6

149 520 280 558 βασιλεὺς
303 521 371 549 κατὰ
388 523 436 548 τοῦ
460 520 619 549 Ῥουσελίου
643 520 784 558 Τούρκους
810 520 853 548 ἐπὶ
876 521 974 557 μισθῷ·

145 566 161 593 ὁ
179 564 219 601 δὲ,
237 566 275 603 μή
292 565 443 603 ἀξιόχρεως
472 565 509 593 ὣν
537 566 604 603 πρὸς
628 565 674 593 τὸν
698 565 832 603 πόλεμον,
855 564 915 592 λύει
930 565 976 592 τὸν

145 610 268 648 Καίσαρα
296 613 350 638 τῶν
390 609 520 647 δεσμῶν,
548 611 593 638 καὶ
633 609 779 649 εὐφημίαις
820 609 974 648 ἀναγορεύει

146 653 317 693 βασιλικαῖς,
343 654 471 691 οἴόμενος
498 655 682 692 προσθήσεθαί
713 655 739 682 οἱ
767 653 900 686 πολλούς·
930 652 975 682 Λῖ-

144 709 217 738 φνης
248 698 276 726 δὲ
309 698 438 737 Τούρκων
470 699 664 738 ἀναφανέντων,
696 699 709 726 6
733 698 887 730 Ῥουσέλιος
917 699 976 726 κατ’

145 743 237 772 αὐτῶν
264 741 417 783 βαρϐαρικῇ
443 744 590 783 θρασύτητι
611 742 814 781 ἀπερισκέπτως
837 742 974 782 ἐχώρησε,

144 788 192 816 καὶ
226 787 350 820 πολλοὺς
376 789 423 826 μὲν
452 789 478 817 οἱ
508 789 629 827 Φράγγοι
657 790 711 816 τῶν
739 787 867 825 Τούρκων
896 788 974 816 κατέ-

147 830 246 867 ϐαλον,
271 833 334 864 τοὺς
364 832 387 861 δ’
415 832 518 865 ἄλλους
552 833 697 871 ἐτρέψαντο
724 833 761 864 ei]:
787 833 896 871 φυγὴν,
929 832 974 860 καὶ

147 879 273 917 ἀκρατῶς
301 877 424 907 ἐδίωκον.
452 879 485 907 Oi
516 878 564 915 μὲν
592 877 638 905 οὖν
666 877 779 909 πλείους
807 877 892 905 ὀπίσω
921 888 974 905 που

148 922 350 961 ἀπελείφθησαν
367 946 376 958 ,
405 926 459 951 τῶν
495 922 588 951 ’ίππων
624 922 697 962 σφίσι
729 923 766 960 μὴ
794 922 973 950 εὐτονούντων

146 968 217 1006 πρὸς
244 967 276 995 τὸ
305 967 377 996 πολὺ
406 971 455 1003 τῆς
485 966 614 1004 διώξεως.
639 967 671 996 Ὀ
693 965 847 998 Ῥουσέλιος
863 966 891 995 δὲ
909 967 975 1004 μετά

143 1014 196 1039 τοῦ
224 1011 357 1050 Καίσαρος
381 1011 427 1039 σὺν
453 1011 558 1050 ὀλίγοις
586 1010 753 1047 έπήλαυσον.
778 1009 848 1047 Ἤδη
874 1009 903 1038 δὶ
917 1013 971 1039 τῶν

149 1056 256 1084 οίκείων
284 1056 474 1094 ὶκμηκυνθεῖσι
495 1056 584 1094 πολὺ²
614 1055 691 1094 ἑτέρα
719 1055 827 1091 πληθὺς
855 1055 970 1095 ἀνεφάνη

144 1101 274 1140 Τονίιρκων
306 1101 345 1133 εἲς
374 1101 481 1133 πολλὰς
510 1101 578 1128 πάνυ
605 1099 734 1139 χιλιάδας
762 1100 973 1138 ἀριθμουμένη·

145 1146 184 1178 ὡς
201 1145 224 1174 δ’
240 1146 361 1182 ἐπῆλθον
377 1146 470 1178 αὐτοῖς
484 1146 510 1174 οἱ
531 1145 663 1185 φανέντες,
680 1144 725 1173 καί
746 1143 856 1177 ἄκοντες
878 1145 972 1177 αὐτοῖς

146 1190 360 1230 συνερράγησαν,
385 1190 602 1230 περιειληθέντες
627 1189 651 1218 δ’
686 1190 737 1217 ὑπὸ
761 1192 810 1217 τοῦ
837 1189 972 1226 πλήθους,

359 1247 362 1254 ι
418 1233 537 1263 ’ρλά
634 1234 681 1262 ελ
744 1234 795 1261 ηδ
868 1237 922 1262 Κ”

144 1246 190 1264 και
205 1246 269 1267 τους
291 1246 388 1267 ιπποδς
413 1246 501 1263 αποοα
539 1246 608 1270 ντες,
648 1245 664 1261 α
685 1245 757 1262 (ι)σαί
818 1245 846 1262 τε
893 1245 972 1273 αισαρ

144 1280 191 1308 καὶ
223 1281 237 1307 6
266 1279 442 1312 Ῥουσέλιος.
468 1278 558 1308 Ἀλλά
593 1279 639 1306 τὸν
679 1279 726 1316 μὲν
765 1278 918 1306 Ῥουσὲλιον
954 1281 972 1315 ἡ

146 1324 271 1356 σύνευνος
312 1323 490 1363 προλαϐοῦσα
531 1324 667 1361 ἐπρίατο,
701 1324 747 1351 τὸν
784 1322 812 1351 δὲ
852 1324 974 1362 Καίσαρα

147 1370 162 1397 6
193 1369 320 1407 βασιλεὺς
347 1368 520 1408 ἐλυτρώσατο
539 1391 546 1397 ,
574 1369 604 1397 Ὁ
634 1367 673 1402 δὲ,
703 1368 875 1406 ἀπαγόμενος
904 1370 972 1406 πρὸς

1033 297 1119 323 runt:
1136 303 1202 323 cum
1219 296 1327 332 quibus
1343 296 1387 324 vel
1402 297 1485 324 inviti
1510 305 1641 333 pugnare
1671 297 1773 330 coacti,
1798 298 1826 324 et
1841 305 1858 324 a

1033 339 1220 368 multitudine
1235 341 1426 370 circumventi
1441 341 1560 370 amissis
1582 342 1667 377 equis
1692 341 1780 369 ambo
1807 349 1857 369 ca-

1033 385 1164 421 piuntur.
1182 386 1218 413 Ac
1233 385 1385 414 Ruselium
1402 395 1472 414 uxor
1487 388 1602 414 mature
1617 385 1751 420 redemit,
1767 387 1858 414 Caesa-

1032 437 1092 457 rem
1109 438 1176 458 vero
1193 430 1352 465 imperator
1367 439 1374 464 ;
1391 432 1426 458 ad
1456 439 1543 467 quem
1574 431 1644 459 dum
1672 430 1855 467 perducitur,

1031 482 1097 502 eum
1114 475 1150 502 ad
1167 475 1373 510 Propontidem
1389 476 1526 511 venisset,
1555 475 1660 512 capillo
1684 484 1760 509 raso,
1790 484 1855 505 mu-

1031 521 1152 556 tataque
1167 519 1243 548 288
1259 522 1349 555 veste,
1366 521 1558 548 monasticam
1575 521 1721 548 lacernam
1750 521 1852 556 sumit,

1031 566 1166 592 metuens
1177 572 1213 592 ne
1226 564 1262 592 ob
1284 564 1400 600 imperii
1420 565 1541 593 titulum
1553 573 1569 592 a
1583 568 1684 601 nepote
1706 565 1852 602 supplicio

1030 609 1204 637 afﬁceretur.
1220 612 1257 636 At
1271 609 1408 637 Huselius
1437 618 1454 637 a
1481 609 1645 644 captivitate
1673 611 1853 647 redemptus,

1029 656 1062 681 ut
1076 654 1185 681 dictum
1201 656 1336 687 est,cum
1355 662 1442 682 uxore
1468 656 1497 682 et
1527 654 1648 690 reliquis
1677 655 1794 683 Francis
1820 655 1852 684 in

1029 699 1207 735 provinciam
1224 699 1463 728 Armeniacnrum
1480 707 1510 727 se
1531 699 1665 732 contulit,
1696 699 1746 727 ubi
1771 699 1852 736 prius

1029 744 1117 771 etiam
1132 743 1223 771 vitam
1235 746 1343 779 egerat.
1355 745 1515 780 Imperator
1526 743 1614 779 igitur
1625 743 1758 771 Alexium
1770 744 1854 771 Com-

1029 797 1138 816 nenum
1155 788 1321 824 przesidem,
1338 789 1549 816 adolescentem
1568 787 1650 816 illum
1661 788 1792 824 quidem,
1802 789 1854 817 sed

1028 833 1201 870 prudentem
1218 835 1246 861 ct
1266 836 1430 867 strenuum,
1445 835 1545 861 contra
1573 841 1640 861 eum
1670 832 1769 861 mittit.
1800 833 1854 866 Qui

1028 887 1095 906 cum
1111 879 1260 906 Amasiam
1278 879 1466 915 pervenisset,
1484 879 1588 907 Turcis
1603 878 1716 906 occulte
1741 877 1854 914 signiﬁ-

1029 924 1087 950 cat.
1103 923 1127 950 si
1143 923 1293 950 Ruselium
1314 923 1369 951 sibi
1384 924 1545 957 traderent,
1563 932 1594 951 se
1622 923 1681 951 illis
1712 923 1853 959 grandem

1030 968 1159 1003 pecunia:
1175 976 1323 996 summam
1353 969 1503 996 daturum.
1530 969 1632 1004 Itaque
1656 967 1698 995 illi
1722 967 1854 996 amicitia

1030 1012 1178 1046 simulata,
1200 1013 1295 1040 virum
1325 1014 1569 1049 comprehensum
1595 1021 1704 1049 magna
1729 1012 1854 1048 pecunia

1028 1059 1258 1092 commutarunt,
1272 1057 1321 1093 qui
1333 1058 1433 1085 statim
1444 1057 1480 1085 ab
1494 1057 1594 1086 Alexio
1606 1057 1776 1094 Byzantium
1786 1065 1854 1094 per-

1027 1102 1144 1137 ductus,
1162 1106 1188 1130 el
1204 1104 1270 1138 post
1286 1103 1395 1130 atrocia
1410 1105 1557 1131 tormenta
1571 1103 1600 1130 in
1622 1103 1695 1130 turri
1725 1103 1853 1139 quadam

1027 1149 1072 1175 est
1084 1147 1228 1175 inclusus.
1245 1147 1318 1179 Quia
1333 1156 1399 1175 vero
1411 1148 1466 1175 sub
1478 1148 1531 1176 hoc
1544 1148 1718 1184 imperatore
1729 1156 1852 1176 annonas

1028 1192 1150 1219 caritate
1166 1192 1330 1220 laboratum
1347 1194 1399 1227 est,
1418 1195 1450 1220 ut
1478 1201 1536 1221 non
1552 1192 1665 1230 integer
1683 1192 1853 1221 medimnus

1028 1237 1207 1265 numismate
1222 1238 1405 1271 venderetur,
1423 1239 1472 1266 sed
1490 1238 1603 1274 pinacio
1616 1238 1721 1272 minus,
1738 1238 1789 1274 qui
1805 1239 1851 1266 est

1028 1281 1168 1309 medimni
1185 1282 1334 1318 quadrans
1350 1291 1356 1310 :
1374 1282 1491 1318 publica
1504 1283 1656 1311 calamitas
1685 1291 1849 1320 cognomen

1027 1326 1070 1354 illi
1087 1327 1163 1361 fecit,
1181 1329 1212 1354 ut
1227 1327 1314 1355 etiam
1332 1327 1417 1355 hodie
1431 1328 1472 1355 sic
1487 1331 1615 1363 vocetur,
1648 1336 1739 1364 neque
1765 1327 1851 1356 aliter

1029 1374 1216 1407 agnoscatur,
1233 1371 1290 1398 nisi
1305 1372 1530 1408 Parapinacium
1543 1373 1661 1400 dixeris.

145 1414 192 1441 τὸν
224 1414 362 1452 βασιλέα,
392 1414 437 1441 καὶ
467 1413 493 1442 ἐν
533 1415 568 1451 τῇ
594 1412 759 1451 Προποντίδι
787 1413 953 1451 γενόμενος,
981 1414 1097 1453 κείρεται
1124 1416 1172 1450 τήν
1202 1415 1286 1453 τρίχα
1313 1415 1357 1442 καὶ
1389 1417 1615 1455 μεταμφιέννυται
1642 1417 1691 1452 τήν
1720 1416 1822 1451 στολὴν
1841 1438 1849 1452 ,

146 1461 231 1501 ῥάκος
247 1463 397 1501 μοναχικὸν
429 1463 620 1500 μεταθέμενος·
651 1460 799 1497 ηὖλαϐεῖτο
828 1462 879 1500 γὰρ
911 1463 948 1499 μή
962 1473 988 1490 τι
1002 1464 1083 1495 πάθοι
1113 1465 1180 1502 πρὸς
1207 1467 1255 1491 τοῦ
1271 1464 1381 1501 ἀνεψιοῦ
1395 1464 1439 1492 διὰ
1451 1466 1501 1500 τὴν
1516 1465 1662 1503 ἀνάρρησιν
1690 1468 1718 1492 ‘0
1734 1465 1762 1493 δὲ
1774 1468 1849 1493 Ῥου-

146 1506 251 1541 σέλιος,
267 1507 370 1541 λυθεῖς,
387 1508 423 1538 ὡς
442 1505 557 1545 εἴρηται,
575 1510 624 1541 τῆς
639 1505 844 1544 αἷχμαλωσίας,
860 1507 909 1541 τὴν
924 1510 1038 1544 γυναῖκα
1055 1509 1121 1544 μετὰ
1136 1511 1188 1536 τῶν
1204 1509 1430 1548 περιλειφθέντων
1457 1510 1592 1547 Φράγγων
1619 1507 1722 1544 λαϐὼν,
1753 1510 1792 1541 εἷς
1819 1511 1850 1537 τὸ

145 1553 199 1579 τῶν
217 1552 403 1588 ’Λρμινιακῶν
418 1551 487 1587 θέμα
501 1549 615 1588 ἐγένετο,
632 1549 658 1576 ἑν
672 1550 695 1585 ᾧ
711 1548 788 1587 διῆγε
803 1550 847 1577 καὶ
863 1550 1006 1588 πρότερον.
1033 1552 1146 1580 Στέλλει
1169 1554 1260 1582 τοίνυν
1277 1555 1290 1581 6
1309 1554 1435 1592 βασιλεὺς
1460 1555 1517 1582 κατ’
1542 1554 1623 1582 αὐτοῦ
1647 1555 1692 1582 τὸν
1717 1553 1849 1592 πρόεδρον

145 1594 267 1630 Ἀλέξιον
280 1595 326 1622 τὸν
343 1594 500 1632 Κομνηνὸν,
515 1594 573 1622 νὲιιν
593 1594 639 1630 μὶν
657 1591 730 1628 ὄντα,
747 1593 828 1632 ἄνδρα
844 1593 872 1622 δέ
887 1605 918 1632 γε
934 1596 1039 1623 συνετὸν
1056 1597 1100 1624 καὶ
1117 1595 1290 1636 δραστήριον.
1307 1600 1366 1635 Ὃς,
1382 1599 1528 1637 γενόμενος
1542 1599 1610 1626 κατὰ
1625 1600 1674 1634 τὴν
1691 1591 1852 1636 Ἀμάσειαν,

149 1642 184 1671 δι’
208 1643 370 1682 ἀποῤῥήτων
396 1642 480 1679 δηλοῖ
494 1646 552 1674 τοῖς
567 1642 700 1680 Τούρκοις
716 1643 764 1678 ὡς,
780 1643 803 1671 εἰ
818 1654 999 1682 κατασχοντες
1021 1646 1068 1673 τὸν
1095 1646 1248 1674 Ῥουσέλιον
1271 1647 1417 1685 παραδοῖεν
1440 1650 1534 1676 τοῦτον
1561 1647 1643 1684 αὐτῷ,
1659 1646 1774 1676 πολλῶν
1803 1647 1853 1676 αὗ-
1872 1663 1875 1666 -

146 1687 210 1719 τοὺς
239 1688 375 1725 ἐμπλήσει
404 1688 556 1726 χρημάτων
573 1709 580 1717 .
611 1687 710 1716 Φιλίαν
745 1687 790 1715 οὖν
829 1688 1018 1726 ὑποκριθέντες
1060 1690 1157 1718 ἐκεῖνοι
1186 1692 1253 1729 πρὸς
1282 1693 1328 1720 τὸν
1356 1692 1509 1722 Ῥουσέλιον
1538 1694 1670 1731 κατέσχον
1696 1692 1742 1721 τὸν
1771 1691 1852 1731 ἄνδρα

147 1737 191 1764 καὶ
214 1736 326 1765 πολκῶν
354 1737 432 1764 αὐτὸν
448 1737 600 1775 χρημάτων
616 1735 770 1772 ἠλλάξαντο
788 1759 795 1772 ,
825 1737 855 1770 ὃς
879 1737 976 1766 αὐτίκα
1003 1740 1076 1777 παρὰ
1103 1742 1152 1767 τοῦ
1188 1741 1310 1777 Ἀλεξίου
1349 1740 1459 1778 δέσμιος
1488 1742 1601 1780 ἀπήχθη
1637 1742 1705 1780 πρὸς
1743 1742 1774 1770 τὸ
1799 1743 1852 1771 Βυ-

150 1782 266 1817 ζάντιον,
295 1781 340 1810 καὶ
365 1780 490 1821 σφοδρῶς
512 1781 642 1814 αἴκισθεὶς
671 1781 708 1813 εἰς
736 1782 838 1820 πύργον
868 1781 979 1820 δέσμιος
1006 1784 1227 1814 κατακέκλαστο.
1258 1786 1338 1814 Σίτου
1368 1786 1396 1814 δὲ
1424 1787 1573 1824 γενομένης
1601 1785 1704 1816 ἐνδείας
1736 1786 1762 1815 ἐν
1793 1789 1852 1818 ταῖς

149 1831 267 1869 ἡμέραις
294 1833 343 1858 τοῦ
371 1830 506 1869 βασιλέως
531 1830 654 1866 τούτου,
684 1830 754 1858 ὥστε
783 1832 820 1868 μή
862 1831 929 1860 ὅλον
972 1833 1103 1870 μέδιμνον
1137 1834 1175 1866 εἰς
1213 1835 1336 1872 νόμισμα
1371 1835 1558 1873 ἀποδίδοσθαι,
1596 1835 1670 1864 ἀλλά
1708 1837 1781 1872 παρά
1809 1846 1854 1863 πι-

149 1876 251 1910 νάκιον,
267 1875 282 1903 8
296 1875 351 1903 ἐστι
366 1874 499 1912 μεδίμνου
512 1875 543 1903 τὸ
560 1875 698 1914 τέταρτον,
715 1875 753 1908 εἷς
767 1875 910 1914 ἐπώνυμον
925 1879 964 1913 τῷ
981 1878 1090 1916 βασιλεῖ
1103 1880 1134 1906 τὸ
1148 1881 1238 1908 κοινὸν
1254 1879 1417 1918 δυστύχημα
1440 1881 1620 1920 ἐχρημάτισε,
1648 1881 1685 1913 ὡς
1709 1882 1754 1909 καὶ
1769 1880 1854 1918 μέχρι

147 1923 227 1953 τοῦδε
241 1923 313 1952 οὕτω
327 1926 422 1952 τοῦτον
439 1924 578 1953 καλεῖσθαι
592 1924 638 1952 τὸν
655 1923 764 1952 ἄνακτα·
782 1925 813 1953 οὐ
827 1925 878 1964 γάρ
892 1937 934 1959 τις
949 1925 1043 1960 ἄλλως
1058 1932 1169 1966 γνωριεῖ
1182 1930 1278 1957 τοῦτον
1294 1933 1352 1962 τοῖς
1366 1931 1426 1968 περὶ
1452 1931 1534 1959 αὐτοῦ
1558 1930 1696 1969 λέγουσιν,
1712 1931 1735 1959 εἱ
1752 1931 1790 1968 μὴ
1805 1930 1852 1959 τὸν

149 1969 351 2007 Παραπινάκιον
366 1968 437 2007 εἷ’πῃ.

184 2053 233 2083 IZ'.
261 2055 308 2097 Τιῖ)
332 2054 419 2097 τρίτῳ
447 2052 470 2082 δ’
500 2052 554 2082 ἔτει
581 2057 632 2089 τῆς
662 2053 801 2093 βασιλείας
831 2054 913 2083 αὐτοῦ
940 2055 972 2084 τὸ

1065 2059 1149 2087 XVII.
1165 2060 1261 2088 Tertio
1278 2069 1363 2096 porro
1380 2068 1456 2088 anno
1471 2060 1587 2097 imperii
1603 2060 1684 2088 illius
1699 2067 1771 2096 gens
1783 2062 1850 2088 Cro-

148 2100 201 2126 τῶν
218 2095 366 2136 Χροόάτων
391 2095 479 2134 ἔθνος,
505 2098 551 2130 οὖς
575 2097 608 2133 δὴ
629 2099 674 2127 καὶ
701 2097 820 2137 Σέρϐους
841 2100 912 2132 τινὶς
926 2111 974 2129 κα-

150 2141 238 2178 λοῦσι,
255 2142 487 2179 ἐκκεκίνητο,τὴν
515 2145 570 2171 τῶν
597 2142 762 2182 Βουλγάρων
794 2145 887 2183 χώραν
915 2145 974 2174 έπι-

150 2188 310 2226 κεχειρηκὸς
337 2190 501 2226 κατασχεῖν,
526 2187 617 2217 Ἀλλά
645 2189 699 2225 μὴν
726 2188 772 2217 καί
795 2200 856 2217 τινα
873 2189 975 2226 ταύτης

150 2233 328 2271 κατεσχηκὸς,
343 2232 466 2265 πολλαῖς
491 2231 520 2261 δὶ
550 2232 652 2271 μάχαις
681 2232 726 2261 καὶ
753 2236 841 2272 φθορᾷ
859 2234 973 2263 πολλῶν

151 2276 323 2315 ἑκατέρωθεν,
348 2280 403 2306 τῶν
431 2288 461 2306 τε
485 2278 698 2316 κατεσχημένων
733 2277 899 2315 ἱκπέπτωκι,
927 2280 974 2307 καὶ

151 2321 376 2359 καταπολεμηθὶν
403 2325 457 2350 τῶν
482 2323 642 2360 Ῥωμαϊκῶν
673 2323 756 2361 ὁρίων
781 2323 905 2361 ἐξώσθη,
928 2325 973 2352 καὶ

153 2364 190 2398 εἷς
216 2366 249 2394 τὰ
274 2367 386 2405 σφέτερα
413 2366 466 2404 ἤθη
496 2367 583 2405 μένειν
611 2367 784 2407 ήνάγκαοτο.
814 2369 918 2402 Δοῦλος
945 2367 974 2396 δέ

152 2420 192 2440 τις
217 2412 266 2437 τοῦ
293 2411 394 2449 πατρὸς
420 2412 517 2440 τούτου
545 2414 595 2440 τοῦ
631 2412 830 2452 αὐτοκράτορος
860 2413 972 2452 Νέστωρ

154 2452 250 2491 ὄνομα,
277 2455 432 2494 βιστάρχης
469 2455 498 2484 δὶ
524 2457 556 2485 τὸ
591 2457 709 2494 ἀξίωμα,
740 2457 801 2495 δοὺξ
831 2461 885 2486 τῶν
916 2461 973 2486 [Ια-

153 2499 278 2536 ριστρίων
312 2501 529 2538 προχειρισθεὶς,
558 2502 622 2540 ἦρεν
653 2501 726 2530 ὅπλα
753 2503 820 2531 κατά
847 2505 896 2531 τοῦ
927 2504 974 2542 βα-

151 2542 272 2576 σιλέως.
301 2545 472 2582 Ὁμαιχμίαν
509 2546 559 2584 γὰρ
586 2547 700 2584 θέμενος
732 2547 799 2585 μετά
826 2558 899 2580 τινος
927 2548 974 2587 ἀρ-

152 2591 241 2627 χηγοῦ
266 2589 450 2624 Πατζινάκων,
479 2589 510 2621 ὃς
543 2590 666 2619 ἐκαλεῖτο
695 2593 820 2627 Τατοῦς,
850 2592 889 2624 εἰς
922 2593 972 2628 τήν

151 2636 202 2661 τῶν
231 2633 340 2662 πόλεων
373 2633 566 2671 βασιλεύουσαν
602 2637 791 2674 παρεγένοντο,
820 2637 864 2664 καὶ
893 2648 974 2676 παρη

152 2676 274 2707 ενέϐαλον
305 2679 358 2717 πρὸ
386 2678 488 2714 αὐτῆς.
513 2679 679 2712 Καταθέσθαι
710 2679 738 2709 δι
765 2682 799 2709 τὰ
826 2681 900 2710 ὅπλα
923 2684 973 2710 τοῦ

154 2722 285 2761 βασιλέως
321 2722 472 2760 δηλοῦντος
500 2723 598 2761 αὐτῷ,
627 2724 729 2757 ἐκεῖνος
761 2724 872 2763 ἕτοιμος
906 2727 972 2755 εἶναι

151 2770 228 2796 τοῦτο
243 2772 356 2804 ποιῆσαι
384 2767 485 2808 ἔλεγεν,
502 2768 525 2797 εἰ
547 2768 620 2806 αὐτῷ
635 2770 649 2798 6
671 2769 821 2810 λογοθέτης
849 2769 971 2809 έκδοθείη

151 2814 329 2853 Νικηφόρος,
360 2813 378 2850 ἢ
405 2814 474 2846 τέως
501 2813 530 2843 ἐκ
557 2815 640 2853 μέσου
669 2815 797 2854 γένηται,
828 2816 865 2848 ὡς
891 2818 971 2853 κοινὴ

153 2858 276 2898 συμφορὰ
314 2859 360 2888 καὶ
393 2859 476 2889 κακὸν
519 2858 666 2898 ὶπιδήμιον
684 2882 691 2891 .
733 2862 821 2891 Τοῦτο
856 2860 885 2890 δὶ
922 2865 972 2892 τοῦ

1029 2105 1173 2139 votorum,
1190 2113 1263 2140 quos
1280 2104 1414 2132 nonnulli
1430 2105 1545 2133 Servios
1561 2106 1675 2138 vocant,
1685 2104 1852 2141 Bulgarium

1029 2156 1170 2184 occupare
1187 2157 1324 2186 ageressa
1336 2152 1391 2183 est,
1408 2158 1440 2177 ac
1456 2150 1590 2186 quaedam
1607 2149 1672 2177 loca
1696 2149 1782 2185 cepit,
1802 2149 1854 2177 sed

1029 2192 1130 2220 multis
1147 2193 1254 2228 praeliis
1270 2194 1364 2228 factis,
1384 2194 1486 2222 multis
1511 2194 1651 2229 utrinque
1676 2193 1770 2228 caesis,
1790 2195 1854 2222 tum

1029 2237 1066 2265 iis
1081 2238 1197 2272 excidit,
1214 2247 1277 2274 quae
1292 2241 1438 2274 tenuerat,
1455 2241 1517 2266 tum
1534 2239 1660 2274 devicta,
1673 2240 1700 2266 et
1724 2238 1856 2266 Romana

1029 2281 1139 2311 ditione
1154 2283 1284 2319 expulsa,
1302 2283 1332 2311 in
1347 2292 1417 2312 suas
1444 2283 1538 2312 redire
1563 2283 1647 2311 sedes
1670 2284 1772 2311 coacta
1799 2284 1855 2311 est.

1028 2330 1135 2356 Servus
1148 2336 1234 2364 porro
1244 2328 1364 2364 quidam
1383 2331 1523 2364 paternus
1535 2327 1733 2364 imperatoris,
1751 2329 1856 2355 Nestor

1029 2373 1160 2407 nomine,
1177 2373 1319 2409 dignitate
1334 2373 1511 2409 vestarches,
1528 2373 1600 2409 ripze
1616 2372 1683 2401 Istri
1704 2372 1763 2400 dux
1776 2371 1854 2400 desi-

1028 2420 1146 2454 gnatus,
1163 2427 1245 2446 arma
1260 2421 1362 2446 contra
1377 2418 1465 2451 illum
1477 2418 1565 2454 cepit,
1587 2419 1615 2445 et
1638 2417 1855 2454 conspiratione

1028 2470 1094 2490 cum
1112 2463 1238 2498 quodam
1252 2463 1470 2490 Patzinacarum
1487 2463 1560 2490 duce
1575 2462 1647 2490 Tato
1662 2462 1745 2496 inita,
1758 2464 1855 2491 castra

1028 2509 1096 2534 ante
1113 2507 1216 2534 urbem
1233 2507 1451 2542 imperatricem
1468 2507 1578 2543 posuit.
1602 2507 1730 2535 Monitus
1754 2509 1853 2535 autem

1028 2550 1064 2578 ab
1080 2550 1265 2585 imperatore,
1284 2552 1316 2577 ut
1331 2551 1366 2578 ab
1383 2550 1474 2579 armis
1491 2551 1663 2586 discederet,
1674 2551 1703 2579 id
1713 2558 1744 2578 se
1757 2551 1853 2578 factu-

1028 2603 1094 2622 rum
1112 2595 1273 2630 respondit,
1290 2595 1314 2622 si
1330 2594 1478 2631 logotheta
1493 2595 1673 2632 Nicephorus
1696 2594 1852 2630 republica:

1028 2639 1119 2676 pestis
1136 2641 1163 2667 et
1180 2639 1278 2667 clades
1295 2639 1406 2675 populi,
1428 2640 1484 2668 sibi
1511 2640 1554 2668 vel
1580 2640 1742 2674 dederetur,
1769 2639 1811 2666 vel
1836 2646 1852 2666 θ

1028 2684 1124 2712 medio
1141 2684 1301 2713 excederet.
1318 2685 1356 2712 Eo
1369 2685 1404 2713 ab
1421 2685 1596 2722 imperatore
1613 2687 1726 2721 negato,
1751 2683 1852 2711 relicta

1028 2729 1111 2765 urbe,
1121 2728 1274 2757 Thraciam
1286 2731 1315 2757 et
1325 2730 1520 2759 Macedoniam
1534 2733 1562 2758 et
1573 2730 1619 2758 his
1635 2728 1761 2756 ﬁnitima
1781 2727 1851 2755 Bul-

1027 2773 1192 2810 gariznloca
1214 2774 1371 2810 praedatus,
1401 2775 1437 2803 ad
1466 2775 1638 2803 Patzinacas
1668 2780 1699 2800 se
1727 2771 1848 2801 confert.

1027 2818 1150 2847 Michael
1166 2818 1261 2847 filium
1276 2827 1311 2848 ex
1324 2819 1416 2848 Maria
1439 2820 1540 2855 Alana,
1570 2826 1659 2854 quam
1684 2818 1848 2854 Augustam

1027 2864 1200 2901 appellarat,
1229 2866 1410 2901 susceptum,
1439 2864 1664 2894 Constantinum
1693 2862 1730 2892 ob
1755 2863 1848 2900 patris
