2032 3167
105 188 168 219 285

741 188 950 220 ANNALIUM
972 188 1045 220 LIB.
1068 189 1176 220 XVIII.

1752 188 1812 220 286

106 252 208 281 ἰκεῖθεν
235 253 347 281 ἐθνικῶν
373 264 403 282 τε
430 254 474 282 καὶ
516 253 678 283 Μακεδόνων
716 254 811 286 πείσας
853 253 931 281 συνά-

995 255 1140 283 Jbversam
1156 255 1220 283 urbi
1235 255 1433 283 continentem
1454 253 1612 290 progressi,
1628 253 1750 281 aediﬁcia
1764 254 1810 280 in-

106 298 204 336 ρασθαί
233 298 270 332 οῖ,
299 302 349 334 τῆς
377 298 536 336 τυραννίδος
563 299 711 338 ἀπήρξατο.
735 299 793 326 Τισί
825 298 854 326 ’ὀὶ
879 301 932 326 τῶν

104 345 156 371 τοῦ
186 343 314 380 Βρυενίου
342 345 355 371 ὁ
385 343 588 382 Θεοδωροκάνος
605 344 750 382 συμμίξας,
766 343 878 378 ἡττᾶταί
906 353 935 370 τι

107 387 155 416 καὶ
181 387 329 416 ἁλίσκεται.
358 388 567 427 Προσερῥύησαν
598 387 628 417 δὲ
663 391 702 425 τῷ
744 389 862 426 Βρυενίῳ
889 387 934 415 καὶ

107 433 136 460 οἱ
165 431 359 469 Ῥαιδεστηνοὶ,
388 432 462 461 ἀλλὰ
492 434 585 471 μέντοι
613 434 658 462 καὶ
688 434 715 461 οὶ
737 433 875 464 οἶ¹κοῦντες
903 433 935 460 τὸ

108 478 220 504 Πάνιον.
249 477 351 516 Εἶ¹χετο
378 478 468 506 τοίνυν
498 482 548 514 τῆς
578 478 742 510 ἀποστασίας
768 479 782 505 ὁ
811 478 936 515 Βρυένιος

105 523 256 558 κραταιῶς,
280 523 327 550 τὸν
356 521 472 560 ἀδελφὸν
497 522 709 561 κουροπαλάτην
735 523 864 559 τιμήσας,
891 521 935 549 καὶ

106 565 218 598 στείλας
247 565 292 594 σὺν
322 565 432 604 δυνάμει
458 568 526 606 πρὸς
555 568 586 596 τὸ
608 567 812 603 Βυξάντιον,ὡς
841 565 937 594 αὐτίκα

105 611 192 638 τοῦτο
226 609 472 648 παραληψόμενον.
503 612 628 649 ᾝώρητο
668 612 720 650 γὰρ
762 610 867 639 ἐλπίσιν
898 611 936 641 ὡς

989 299 1160 334 cenderunt,
1177 302 1263 335 atque
1275 299 1343 327 inde
1354 299 1493 335 Athyram
1506 298 1665 326 redierunt.
1682 298 1810 334 Impera-

988 346 1034 372 tor
1050 344 1078 371 in
1095 344 1186 372 tantis
1201 344 1328 380 undique
1340 344 1425 372 malis
1441 344 1558 371 Ruselio
1569 342 1693 370 vinculis
1704 342 1809 375 soluto,

990 390 1018 416 et
1033 389 1129 416 verbis
1149 391 1177 416 et
1198 388 1321 425 pecunia
1349 388 1468 416 delinito
1493 387 1661 424 persuadet,
1686 389 1718 414 ut
1743 394 1811 414 cum

989 432 1090 461 Alexio
1119 434 1264 461 Comneno
1286 432 1417 469 praeside,
1445 433 1496 468 qui
1521 432 1612 468 copiis
1645 431 1812 468 Byzantinis

990 480 1120 514 praerat,
1147 477 1260 514 Bryenii
1277 478 1394 505 fratrem
1425 477 1567 504 Joannem
1597 477 1725 504 invadat.
1755 476 1812 504 Sed

989 522 1117 551 Joannes
1133 530 1166 550 ea
1181 530 1211 550 re
1222 524 1335 550 mature
1350 522 1475 557 cognita,
1493 521 1560 557 fuga
1574 522 1699 549 salutem
1707 520 1811 556 quaesi-

990 566 1041 595 vit.
1059 566 1144 594 Multi
1159 568 1257 594 tamen
1274 566 1445 594 Macedones
1460 565 1510 601 qui
1533 566 1573 593 ibi
1602 565 1694 593 relicti
1717 567 1811 599 erant,

992 611 1098 647 partim
1114 611 1191 644 caesi,
1208 611 1316 647 partim
1326 611 1402 647 capti
1419 612 1497 638 sunt.

110 654 229 690 ὑπτίαις,
244 656 275 682 τὸ
303 658 352 683 τοῦ
381 655 477 694 λόγου,
493 657 589 695 χερσὶν
615 657 642 684 οἱ
669 660 718 692 τῆς
748 655 905 693 συγκλήτου
936 654 1041 692 βουλῆς
1071 654 1149 682 αὐτὸν
1179 653 1352 691 ὑποδέξονται
1382 652 1427 681 διὰ
1449 654 1498 687 τὴν
1523 654 1590 690 πρὸς
1603 653 1648 680 τὸν
1664 652 1811 690 λογοθέτην

107 699 266 738 Νικηυόρον
291 699 449 738 ἀπέχθειαν,
465 702 509 729 καὶ
534 702 585 736 τὴν
614 703 662 729 τοῦ
693 700 827 739 βασιλέως
855 698 1071 738 ἀφέλειαν-ἀλλ’
1088 700 1119 727 οὐ
1148 699 1216 727 κατὰ
1241 700 1286 727 τὸν
1312 699 1414 726 σκοπὸν
1443 698 1515 734 αὐτῷ
1544 698 1588 725 καὶ
1612 698 1645 725 τὰ
1668 698 1815 735 πράγματα

109 743 309 779 ἀπηντήκασιν.
329 745 504 777 Ἐπελθόντες
520 746 572 784 γὰρ
588 747 614 774 οἱ
631 745 772 777 σταλέντες
789 747 829 781 τῷ
843 744 929 782 τείχει
953 746 1007 771 τῶν
1034 743 1210 782 Βλαχερνῶν,
1226 742 1444 782 ἠκροϐολίσαντο
1473 743 1530 780 μὲν,
1545 741 1645 777 ἤνυσαν
1669 740 1698 769 δὲ
1726 740 1814 770 οὐδέν,

107 788 190 820 ’Όοεν
208 787 253 816 διὰ
267 793 317 824 τῆς
330 790 450 829 γεφύρας
461 792 518 828 (95)
532 788 672 823 διαϐάντες
687 790 724 822 εἰς
739 791 788 824 τήν
805 788 914 827 ἀντικρὺ
938 791 989 823 τῆς
1018 788 1127 820 πόλεως
1154 787 1280 826 ἤπειρον,
1295 789 1343 820 τὰς
1372 788 1427 816 ἐκεῖ
1454 787 1640 826 τυγχανούσας
1668 785 1818 822 οἰκοδομὰς

109 832 262 869 παρέδοσαν
276 837 315 870 τῷ
331 835 406 872 πυρὶ,
423 835 545 863 κᾶκεῖῦεν
563 835 600 867 είς
615 836 660 864 τὸν
679 835 792 872 Ἀθύραν
817 835 993 871 ὑπέστρεψαν.
1010 833 1089 862 Οὕτω
1113 832 1137 861 δ’
1161 834 1175 861 ὁ
1202 833 1328 871 βασιλεὺς
1347 831 1592 871 περιστατούμενος
1615 830 1755 867 πάντοθεν,
1770 830 1816 858 τὸν

109 877 264 905 Ῥουσέλιον
282 878 341 906 λύει
355 889 385 906 τε
398 880 452 907 τῶν
469 878 588 917 δεσμῶν,
604 881 648 908 καὶ
665 880 770 918 ῥήμασι
786 879 830 906 καὶ
857 879 983 916 χρήμασι
1009 879 1056 906 τὸν
1085 876 1168 915 ἄνδρα
1198 877 1431 915 ἐκμειλιξάμενος,
1445 877 1567 904 ἐπελθεῖν
1595 875 1681 907 πείθει
1706 877 1745 911 τῷ
1768 876 1817 902 τοῦ

111 922 259 958 Βρυεννίου
275 923 409 960 ὁμαίμονι
428 924 495 961 μετὰ
522 926 570 952 τοῦ
599 923 733 962 προέδρου
750 922 875 958 Ἀλεξίου
904 925 951 950 τοῦ
976 925 1120 960 Κομνῆνοῦ
1149 924 1384 960 στραταρχοῦντος
1412 926 1462 957 τῆς
1487 924 1526 958 τῷ
1557 919 1665 959 βασιλεῖ
1692 919 1760 947 κατὰ
1786 918 1818 946 τὸ

111 968 257 1000 Βυζάντιον
287 967 443 1005 προσούσης
474 967 673 1005 Smilace)ch
690 969 782 1006 μαθὼν
799 969 813 995 ὁ
828 969 877 995 τοῦ
907 967 1049 1004 Βρυεννίου
1078 966 1195 1005 ἀδελφὸς
1224 965 1291 1007 ἔφθη
1321 965 1442 1005 διαδράς.
1459 968 1520 995 Τῶν
1545 964 1708 995 Μακεδόνων
1725 963 1817 1001 μέντοι

110 1010 335 1047 καταλειφθέντες
350 1012 464 1049 πολλοὶ,
483 1014 509 1041 οἱ
526 1013 574 1050 μὶν
590 1013 696 1048 ἔπεσον,
715 1014 741 1040 οὶ
757 1011 780 1040 δ’
795 1012 928 1040 ἑάλωσαν.

150 1055 204 1084 IH'.
234 1057 277 1084 Ἐν
306 1057 430 1094 τοσούτῳ
469 1056 497 1085 δὲ
535 1058 581 1085 καὶ
620 1057 792 1092 Πατζινάκων
835 1055 940 1090 πλῆθος

1031 1056 1128 1085 XVIII.
1141 1057 1252 1085 Interea
1262 1057 1482 1084 Patzinacarum
1502 1055 1659 1084 multitudo
1675 1054 1818 1082 Adriano-

113 1099 218 1135 ὶπῆλθε
255 1102 324 1129 κατά
367 1101 629 1140 Ἀδριανουπόλεως,
663 1101 709 1129 καὶ
746 1101 807 1138 περὶ
840 1099 940 1136 ταύτην

112 1142 349 1182 παρεμϐαλόντες,
372 1147 422 1180 τὴν
448 1147 526 1184 πέριξ
552 1146 639 1174 αὐτῶν
664 1145 807 1181 ἐληΐζοντο
834 1145 940 1182 χώραν,

113 1187 160 1220 οὖς
190 1189 204 1216 ὁ
230 1190 358 1227 Βρυένιος
389 1189 583 1228 δεξιωσάμενος
611 1192 748 1228 χρήμασι,
777 1193 940 1226 μεταστῆναι

112 1236 163 1267 τῆς
193 1232 300 1266 πόλεως
340 1231 438 1263 ἔπεισε.
468 1235 532 1273 Περὶ
572 1234 601 1262 δέ
626 1245 656 1273 γε
681 1235 731 1269 τήν
761 1234 874 1269 Κύζικον
902 1235 941 1269 τῷ

114 1276 225 1317 ἀδελφῷ
253 1278 334 1306 αὑτοῦ
373 1278 543 1315 ἀπελθόντι,
572 1279 617 1307 καὶ
655 1278 817 1317 πειρωμένῳ
845 1278 942 1316 ὑπαγα-

113 1321 206 1359 γέσθαι
233 1323 296 1354 τοὺς
335 1323 401 1358 ὶκιῐ,
427 1325 441 1352 ὁ
468 1324 624 1356 Ῥουσέλιος
651 1323 783 1362 ἐντυχὼν,
811 1322 942 1361 ἆτρέψατο

113 1367 183 1394 κατὰ
222 1368 320 1405 κράτος
363 1367 454 1398 αὐτόν.
485 1369 564 1407 ’Ἄρτι
608 1368 637 1396 δὶ
681 1370 730 1396 τοῦ
769 1367 941 1405 πατριάρχου

113 1412 243 1439 Ἰωάννου
283 1414 332 1440 τοῦ
371 1412 520 1452 Ξιφιλίνου
636 1413 705 1450 πρὸς
738 1413 786 1443 τὰς
815 1411 941 1442 αἰωνίους

117 1456 300 1494 μεταθεμέιου
344 1458 436 1494 μονὰς,
475 1457 519 1486 ἰπὶ
558 1456 622 1485 δέκα
659 1456 795 1487 ἐνιαυτοὺς
834 1457 875 1494 ἐφ’
903 1456 942 1483 {vi

113 1500 159 1528 καὶ
204 1502 286 1538 μησὶν
326 1502 394 1530 ἔτιτά
433 1503 483 1537 τὴν
525 1501 688 1537 Ἐκκλησίαν
733 1500 916 1537 ποιμάναντος
934 1522 941 1536 ,

116 1545 312 1583 προεχειρίσθη
357 1546 531 1584 πατριάρχης
574 1547 684 1582 Κοσμᾶς
728 1545 847 1583 μοναχὸς
874 1545 942 1581 (97),

115 1588 212 1626 λόγοις
249 1590 297 1626 μὶν
338 1590 393 1628 οὐχ
421 1589 585 1627 ὡμιληκὼς,
609 1590 716 1628 ἀρεταῖς
745 1588 774 1617 δὲ
803 1588 943 1620 παντοίαις

115 1633 317 1670 κοσμούμενος,
333 1634 377 1662 καὶ
405 1633 450 1662 διὰ
477 1637 557 1662 τοῦτο
583 1634 628 1662 καὶ
652 1635 720 1672 πρὸς
733 1636 782 1661 τοῦ
809 1632 942 1672 βασιλέως

116 1677 221 1715 ἐξόχως
245 1679 412 1715 τιμώμενος.
431 1679 462 1707 Ὁ
489 1678 580 1716 μέντοι
606 1678 795 1714 Βοτανειάτης,
825 1677 855 1705 in
884 1676 942 1705 δια-

117 1721 208 1760 φόρων
252 1725 337 1760 γενῶν
387 1723 474 1760 ἑαυτῷ
518 1723 767 1760 περιποιησάμενος
807 1722 942 1761 τάγματα,

115 1767 161 1794 καὶ
190 1766 325 1804 Τούρκους
352 1768 596 1806 προσηταιρίσατο,
626 1768 662 1795 ὧν
690 1767 804 1805 ἐξῆρχεν
833 1768 847 1795 ὁ
871 1770 941 1794 Κου-

116 1810 256 1848 τλουμοῦς
278 1813 344 1848 (98),
369 1814 424 1840 τῶν
447 1813 520 1848 παρὰ
554 1812 668 1851 Πέρσαις
696 1813 841 1850 τυγχάνων
866 1822 943 1850 περι-

118 1858 221 1893 φανῶν,
237 1856 278 1891 ὂς,
301 1859 342 1893 τῷ
370 1856 484 1885 σουλτὰν
510 1857 578 1885 κατὰ
599 1857 676 1895 γένος
702 1857 858 1895 προσήκων,
882 1856 944 1894 περὶ

117 1903 168 1935 τῆς
207 1901 296 1939 ἀρχῆς
331 1901 405 1937 αὐτῷ
439 1900 585 1940 διεφέρετο,
618 1902 662 1929 καὶ
700 1902 768 1940 πρὸς
804 1900 943 1938 πολέμους

117 1943 172 1979 ἤδη
199 1948 302 1983 χωρεῖν
326 1946 519 1982 ἡτοιμάζοντο.
544 1947 632 1975 Τοῦτο
659 1948 699 1983 τῷ
725 1946 832 1985 χαλιφᾷ
857 1946 944 1984 ἀπαγ-

116 1989 209 2027 γελθὲν
228 1990 317 2027 (οὗτος
346 1990 376 2018 δὲ
404 1993 467 2028 παρ’
492 1991 588 2022 αὐτοῖς
619 1988 848 2029 ὑπερϐαλλόντως
875 1989 945 2018 τετί-

119 2044 203 2070 μητο,
218 2034 256 2066 ὡς
284 2035 314 2062 ἐκ
341 2037 390 2062 τοῦ
416 2036 511 2073 γένους
536 2037 584 2063 τοῦ
613 2036 762 2074 Μαχουμὶν
784 2036 944 2073 κατάγεσθαι

117 2079 310 2116 νομιζόμενος)
339 2078 378 2111 εἷς
412 2079 530 2117 ἀγωνίαν
566 2077 702 2115 ινέϐαλεν,
728 2079 775 2108 ’ίνα
813 2081 851 2118 μὴ
880 2086 945 2118 παρ’

117 2122 210 2155 αὐτοῖς
239 2123 374 2162 ἐμφύλιος
402 2123 511 2162 γένηται
540 2123 673 2162 πόλεμος.
701 2123 803 2153 Λύτίκα
843 2125 945 2162 τοίνυν,

118 2168 141 2195 εί
184 2168 228 2195 καὶ
264 2171 316 2204 τῆς
360 2169 461 2200 οῐκείας
505 2166 647 2207 διατριϐῆς
696 2169 734 2206 μή
777 2169 872 2205 έξιέναι
904 2172 945 2206 τῷ

117 2211 233 2252 χαλιφᾷ,
261 2212 332 2250 μηδὲ
360 2212 533 2251 δημοσιεύειν
561 2214 727 2249 νενόμισται,
755 2213 867 2250 ἐκεῖνος,
895 2217 944 2242 τοῦ

118 2256 197 2289 ἔθους
229 2259 445 2297 καταφρονήσας,
476 2256 555 2293 ἔξεισι
588 2258 633 2286 καὶ
661 2257 751 2286 ἄπεισι
784 2260 852 2298 πρὸς
881 2259 944 2291 τοὺς

117 2302 180 2339 περὶ
208 2304 258 2335 τῆς
286 2303 377 2341 ἀρχῆς
404 2303 603 2341 ἀντερίζοντας,
632 2303 677 2331 καὶ
707 2304 795 2336 πείθει
831 2304 944 2336 τούτους

118 2349 167 2380 τῆς
183 2346 230 2383 μὶν
249 2347 511 2387 μάχηςιάφέξισθαι,
527 2348 572 2376 τὸν
598 2347 627 2375 δὶ
651 2347 766 2376 σουλτὰν
791 2347 863 2386 ἔχειν
894 2349 942 2386 μὲν

119 2391 168 2424 τὴν
210 2390 310 2419 οἰκείαν
352 2393 441 2430 ἀρχὴν
483 2392 752 2432 ἆνακρωτηρίαστον,
780 2394 942 2432 συνάρασθαι

121 2437 150 2464 δὲ
173 2438 213 2472 τῷ
242 2425 525 2474 συγγενεῖ-παντοίως
553 2425 591 2466 ’ἄν
621 2425 790 2476 -έιατασχέσει
823 2425 944 2476 γενέσθαι
959 2425 983 2459 D

119 2481 215 2520 χώρας
244 2481 411 2518 Ῥωμαϊκῆς,
426 2482 471 2510 καὶ
496 2482 597 2519 ταύτης
622 2481 729 2522 ἄρχειν.
746 2483 806 2512 Ἐπὶ
835 2483 944 2517 τούτοις

996 1100 1086 1137 polim
1103 1109 1252 1137 aggressa,
1274 1101 1380 1129 castris
1396 1101 1499 1137 positis
1527 1107 1613 1136 agros
1633 1099 1819 1127 suburbanos

994 1148 1099 1180 vastat,
1116 1155 1133 1174 a
1145 1146 1251 1182 quibus
1267 1146 1409 1182 Cryenius
1436 1145 1560 1180 pecunia
1583 1145 1653 1172 data
1679 1144 1818 1180 impetra-

994 1189 1045 1224 vit,
1063 1192 1095 1217 ut
1110 1190 1146 1218 ab
1164 1190 1234 1218 urbe
1246 1191 1423 1218 recederent.
1442 1189 1580 1217 Ruselius
1608 1197 1674 1218 vero
1698 1189 1818 1216 fratrem

995 1234 1060 1270 ejus
1093 1235 1236 1263 Joannem
1265 1234 1398 1271 Cyzicum
1427 1235 1623 1270 invadentem,
1654 1242 1687 1262 ac
1702 1236 1818 1269 gentem

995 1278 1075 1307 illam
1088 1279 1225 1316 subigere
1249 1281 1403 1307 conantem
1420 1279 1555 1315 adeptus,
1585 1278 1683 1314 praelio
1707 1278 1818 1306 victum

996 1323 1169 1359 proﬂigavit.
1184 1323 1296 1352 Joanne
1312 1323 1460 1360 Xipbilino
1477 1323 1641 1359 patriarcha
1651 1323 1681 1350 in
1696 1325 1819 1351 αξιοι-ηδε

996 1368 1166 1396 mansiones
1182 1369 1335 1404 translato,
1348 1377 1414 1396 cum
1444 1368 1602 1396 Ecclesium
1619 1376 1711 1396 annos
1738 1376 1766 1395 ιιι
1791 1369 1820 1395 et

996 1421 1114 1441 menses
1137 1421 1176 1440 vn
1214 1413 1345 1447 rexisset,
1376 1412 1541 1449 patriarcha
1569 1413 1741 1447 designatus
1774 1413 1820 1441 est

996 1458 1117 1486 Cosmus
1134 1458 1304 1491 monachus,
1329 1458 1494 1486 ineruditus
1523 1456 1572 1485 ille
1601 1457 1731 1493 quidem,
1768 1456 1819 1484 sed

996 1502 1092 1530 omnis
1107 1502 1222 1538 generis
1247 1503 1403 1530 virtutibus
1432 1504 1565 1536 ornatus,
1588 1510 1645 1537 qua
1670 1501 1705 1529 de
1732 1509 1822 1529 causa

997 1547 1084 1574 etiam
1100 1547 1136 1574 ab
1150 1547 1323 1583 imperatore
1339 1547 1368 1575 in
1385 1547 1512 1575 maximo
1528 1546 1619 1582 pretio
1645 1545 1821 1573 habebatur.

997 1590 1138 1619 Caeterum
1160 1592 1325 1620 Botaniates
1336 1591 1501 1628 legionibus
1517 1600 1532 1619 e
1547 1590 1670 1619 diversis
1681 1590 1822 1627 gentibus

997 1635 1141 1668 conﬂatis,
1157 1638 1265 1664 Tui-cas
1289 1637 1378 1664 etiam
1409 1636 1464 1664 sibi
1493 1636 1667 1670 conciliavit,
1693 1642 1820 1671 quorum

997 1680 1152 1708 Cutlumus
1168 1681 1226 1708 dux
1241 1684 1312 1714 erat,
1330 1681 1416 1708 Persa
1432 1680 1566 1715 illustris,
1583 1681 1633 1716 qui
1662 1688 1728 1708 cum
1759 1678 1820 1707 sul-

998 1727 1076 1759 tano,
1093 1726 1140 1753 cui
1154 1733 1259 1761 genere
1275 1725 1459 1762 propinquus
1483 1727 1554 1760 erat,
1571 1725 1607 1753 de
1631 1733 1720 1761 regno
1749 1732 1821 1752 con-

998 1770 1145 1803 tendebat,
1158 1770 1282 1806 jamque
1296 1770 1331 1797 ad
1349 1778 1432 1798 arma
1447 1778 1492 1798 res
1506 1771 1666 1805 spectabat.
1686 1769 1716 1797 Id
1732 1768 1822 1797 cbali-

998 1814 1073 1850 phze,
1091 1815 1174 1850 cujus
1190 1815 1266 1851 apud
1279 1814 1343 1842 illos
1360 1814 1488 1842 maxime
1502 1816 1564 1842 erat
1588 1814 1759 1848 auctoritas,
1789 1815 1822 1841 ut

998 1858 1048 1894 qui
1065 1867 1082 1886 ει
1096 1859 1260 1887 Mahumeto
1271 1861 1368 1886 ortum
1379 1867 1494 1886 sumere
1505 1861 1666 1894 putaretur,
1681 1865 1820 1894 magnum

998 1903 1128 1931 dolorem
1145 1903 1252 1937 attulit,
1272 1904 1295 1931 si
1313 1903 1389 1931 inter
1413 1904 1492 1939 ipsos
1508 1903 1582 1931 bella
1598 1903 1694 1930 civilia
1709 1903 1821 1930 oriren-

997 1950 1056 1981 tur,
1067 1950 1096 1976 et
1111 1948 1245 1984 quamvis
1260 1947 1350 1976 moris
1365 1956 1422 1976 non
1437 1950 1524 1981 esset,
1542 1950 1575 1976 ut
1589 1956 1642 1976 suo
1658 1947 1721 1976 loco
1737 1955 1819 1975 exce-

999 1993 1089 2028 deret,
1105 2001 1138 2021 ac
1166 1992 1196 2020 in
1212 1992 1328 2029 publico
1352 1995 1527 2026 versaretur,
1556 1995 1655 2020 tamen
1684 1992 1819 2020 instituto

999 2039 1175 2073 contempto,
1192 2037 1228 2065 ad
1244 2045 1293 2065 cos
1321 2036 1382 2064 abit
1403 2036 1452 2072 qui
1480 2037 1516 2064 de
1542 2045 1630 2073 regno
1651 2036 1819 2073 litigabunt,

998 2082 1099 2118 eisque
1114 2082 1279 2118 persuadet,
1299 2083 1331 2108 ut
1344 2081 1453 2109 omisso
1469 2081 1545 2109 bello
1558 2080 1693 2109 sultanus
1709 2080 1818 2117 princi-

999 2129 1100 2162 patum
1116 2134 1202 2154 suum
1229 2126 1374 2162 integrum
1399 2127 1507 2160 teneat,
1532 2127 1713 2161 cognatoque
1738 2124 1820 2153 omni

999 2179 1053 2207 ope
1067 2173 1171 2207 praesto
1187 2171 1234 2206 sit,
1251 2172 1283 2198 ut
1298 2170 1437 2198 Romanis
1448 2169 1605 2206 provinciis
1620 2169 1750 2198 subactis
1765 2169 1820 2197 im-

999 2218 1089 2252 peret.
1106 2215 1144 2243 lis
1154 2215 1339 2251 pactionibus
1354 2214 1486 2249 firmatis,
1502 2214 1821 2242 CutlumusRomanam

999 2260 1139 2288 ditionem
1156 2259 1306 2296 ingressus
1323 2259 1484 2286 Botaniatea
1509 2267 1628 2295 operam
1659 2260 1754 2294 navet,
1771 2258 1822 2294 qui

993 2305 1085 2341 justis
1097 2304 1187 2341 copiis
1204 2304 1369 2332 instructus
1385 2303 1511 2331 Nicaeam
1528 2311 1670 2340 occupare
1685 2311 1821 2339 propera-

998 2350 1139 2385 batzjam
1168 2349 1245 2377 enim
1275 2348 1447 2385 praesidiarii
1475 2348 1584 2377 milites
1603 2348 1720 2385 prodita
1749 2348 1821 2376 urbe

998 2395 1074 2423 ultro
1086 2403 1117 2422 se
1128 2402 1195 2422 cum
1206 2393 1270 2430 ipso
1299 2394 1521 2429 conjunxerant,
1537 2395 1567 2421 et
1593 2402 1610 2421 a
1624 2401 1728 2429 magna
1744 2393 1818 2422 291

999 2440 1071 2468 urbe
1087 2441 1116 2468 in
1128 2440 1190 2468 dies
1201 2439 1292 2476 aliqui
1308 2439 1344 2466 ad
1362 2439 1444 2467 illum
1461 2439 1658 2467 conﬂuebant.
1675 2439 1718 2468 Ita
1733 2439 1822 2467 rebus

999 2494 1034 2514 ex
1057 2484 1205 2514 sententia
1233 2483 1470 2518 succedentibus,
1496 2483 1659 2512 Botaaiates
1690 2483 1721 2512 in
1750 2484 1823 2513 urbe

758 2566 860 2597 Variae
875 2566 1026 2599 lectiones
1042 2569 1072 2598 et
1087 2569 1182 2597 notae.

154 2635 210 2671 (95)
226 2633 414 2672 ΓεφύραςκΒο
428 2633 483 2662 hoc
493 2635 725 2672 ponterdiximus
749 2636 779 2665 in
803 2639 940 2667 Constan-

120 2672 234 2708 tinopoli
245 2670 343 2708 Christ.
357 2670 407 2698 lib.
420 2679 458 2708 iv,
472 2673 542 2708 sect.
560 2671 603 2699 14.

154 2705 209 2744 (96)
233 2706 399 2744 Et‘iﬂllyou;
421 2705 563 2744 Ἰωάννου
587 2708 646 2744 τοῦ.
673 2707 785 2744 Exstat
809 2708 840 2736 in
875 2709 939 2737 cod.

154 2717 209 2744 (νο)
233 2717 278 2734 ,ιιι
294 2717 391 2734 ιΛινου.
431 2717 546 2734 ιωαννου
587 2717 646 2736 του.
684 2717 785 2736 διεῖδε,
809 2717 840 2736 1n
875 2717 939 2737 cod.

118 2717 370 2809 ξρὲἐρῃὶέξιοιέιιοιίε
384 2743 470 2771 Pselli
486 2742 584 2772 Oratio
600 2743 732 2773 funebris
749 2745 780 2772 in
803 2745 939 2774 eumdem

142 2788 307 2808 innumum.

153 2789 307 2816 pnuinum.

154 2817 211 2858 (9.7)
234 2813 450 2858 ,ξιριξχιιρίειθη
468 2851 484 2858 -
502 2813 676 2858 πεῖριάρχης
696 2817 840 2858 -Jfoseac
888 2826 938 2858 ao-

154 2825 211 2853 (υΙ)
251 2825 367 2858 ιιροιχιι
389 2825 449 2850 ισθη
502 2825 676 2857 πατριαρχης
731 2825 785 2843 Ἀοσ
809 2825 840 2846 ας
888 2826 937 2852 μο-

120 2851 214 2890 ναχός.
234 2852 348 2882 Similia
365 2825 455 2883 ﬁebat
467 2851 614 2889 Scybtzes,
639 2859 669 2889 p.
695 2852 758 2880 860.
775 2827 937 2890 Ilierosoly-

996 2637 1142 2665 mitanum
1149 2636 1389 2673 cognominatum
1401 2644 1466 2664 esse
1480 2636 1568 2664 tradit
1577 2639 1678 2665 auctor
1691 2637 1820 2673 Cetalogi

996 2644 1142 2665 mitanum
1149 2644 1389 2700 cognominatum
1401 2644 1466 2664 esse
1480 2644 1568 2664 tradit
1577 2644 1678 2665 auctor
1691 2644 1820 2673 uetatog:

993 2673 1128 2702 Patr.CP.
1139 2673 1170 2700 in
1204 2680 1255 2700 ure
1270 2672 1484 2700 Graecoromad
1500 2673 1658 2701 discrimen
1668 2674 1741 2701 forte
1751 2673 1820 2700 Cos<

994 2718 1048 2738 mss
1064 2709 1151 2737 Attici
1167 2708 1237 2737 dicti
1264 2708 1455 2736 subManuele
1469 2708 1691 2743 Commeno,ubi
1702 2708 1821 2745 pontifi-

994 2748 1093 2774 catum
1105 2745 1232 2782 gessisse
1243 2745 1441 2779 au.5,menses
1452 2746 1469 2772 6
1479 2745 1628 2778 scribitur,
1640 2743 1711 2782 enni
1721 2743 1817 2782 digni-

993 2785 1083 2810 tatem
1098 2780 1273 2809 abdicasset.
1290 2782 1416 2809 Causam
1437 2789 1504 2809 vero
1521 2780 1713 2810 abdicationis
1728 2780 1816 2809 refert

992 2819 1077 2847 Anna
1091 2817 1259 2851 Commena,
1272 2816 1322 2845 lib.
1338 2825 1381 2851 ιιι,
1394 2817 1522 2846 Alexiad.
1541 2825 1604 2852 pag.
1617 2817 1663 2844 79.

1029 2854 1085 2892 (98)
1093 2851 1289 2891 Κουτλουμοῦς
1302 2852 1453 2890 Scylitzes,
1467 2862 1497 2889 p.
1512 2851 1575 2889 861,
