1977 3154
219 169 277 200 291

898 165 1060 198 JOANNIS
1081 166 1254 197 ΖΟΝΑΒιΕ

1844 170 1890 201 892

219 235 335 270 inectis,
351 235 456 270 cﬂ’eeit,
482 236 515 263 ut
542 234 753 263 Constantinus
781 233 837 261 sibi
866 233 999 261 tradereti

1109 231 1203 259 Ξκιῖνον
1218 232 1454 270 κατετροπώσατο,
1483 231 1620 266 κάκεῖνον,
1650 231 1689 264 sic
1709 233 1756 267 τήν
1777 235 1821 267 τῆς
1838 238 1889 263 θω-

220 279 397 308 Adolescens
413 279 504 315 igitur
518 278 631 306 raditur
645 278 778 315 (quidam
794 277 883 306 etiam
909 277 1044 305 sacerdo—

220 328 279 353 tem
297 326 417 352 unctum
434 323 582 358 ferunt)fet
598 323 627 350 in
644 323 770 350 insulam
788 321 1043 359 redegatur.1Emi-

221 370 298 398 liano
313 369 491 397 Antiocheno
504 368 668 404 patriarcha
679 370 805 403 mortuo,
821 368 849 395 in
867 368 931 401 eius
946 367 1042 394 locum

222 415 365 443 successit
378 413 558 449 Niceplmrus
587 415 780 448 cognomento
797 413 926 440 Maurus.
953 413 1044 448 Impe-

221 462 301 490 rator
317 459 364 487 hic
379 458 483 494 partim
500 457 536 485 ob
551 459 713 493 prevectam
727 459 851 491 atatem,
869 457 977 493 partim
1007 456 1042 484 ob

221 503 382 532 naturalem
400 502 548 530 mollitiem
563 502 650 529 rebus
678 501 922 529 administrandis
939 509 1041 536 parum

221 549 351 576 intentus
380 547 446 579 fuit,
476 547 526 574 sed
551 546 666 574 Sidcnsi
696 545 919 581 metropolitano
932 548 961 573 et
980 546 1043 581 ipse

221 601 321 621 curam
338 592 517 628 negotiorum
535 590 694 618 mandavit.
720 590 760 617 Ad
789 590 849 617 haec
875 597 972 617 servos
994 589 1041 616 ha-

219 636 283 664 buit
293 636 375 667 duos,
390 642 514 671 quorum
531 634 613 661 alteri
631 633 754 667 Borilus,
771 633 853 661 alteri
871 634 1042 661 “Germanus

219 689 326 708 nomen
342 679 397 707 fuit
413 687 419 707 :
435 678 465 707 bi
482 687 532 715 pro
550 687 604 707 sua
619 678 740 706 libidine
763 686 883 706 sursum
904 678 1041 706 deorsum

217 724 381 752 miscebant
395 723 504 754 omnia.
522 725 609 758 atque
625 723 679 758 ipsi
694 723 792 750 'etiam
816 722 985 758 imperatori
1014 728 1043 753 et

217 768 336 797 domino
349 768 532 803 imperabant
550 776 556 795 :
573 767 611 794 ob
627 775 752 803 quorum
776 767 929 794 audaciam
946 769 974 794 et
999 775 1041 795 ar-

217 813 380 849 rogantiam
396 812 460 848 ipse
476 819 591 848 quoque
605 811 678 839 viris
693 811 834 847 dignitate
849 811 978 848 praaditis
994 811 1041 839 in-

218 858 298 885 visus
316 857 380 884 fuit.
395 855 576 892 Nicephorus
593 864 659 883 vero
675 856 835 891 logotheta,
847 864 914 883 cum
944 864 976 883 se
1004 856 1040 884 ad

219 901 370 930 Ruselium
388 900 572 933 contulisset,
597 900 633 927 ab
657 908 690 928 eo
723 900 848 928 vinculis
878 902 923 928 est
946 908 1039 928 asser-

216 949 312 981 vatus,
328 949 357 973 et
372 945 490 973 Ruselio
506 945 605 972 subito
633 945 775 972 exstincto
797 945 826 972 in
842 945 1040 980 suspicionem

216 991 295 1018 venit
309 991 368 1018 dati
386 990 428 1017 illi
440 990 554 1017 veneni.
571 989 653 1017 Undo
668 989 703 1017 ab
720 989 799 1017 illius
816 990 958 1025 cognatis,
985 989 1040 1017 Bo-

217 1035 332 1063 tauiatte
348 1035 484 1067 traditus,
497 1034 524 1061 in
541 1034 699 1070 quamdam
716 1033 924 1066 insulam.ante
938 1034 1039 1061 urbem

217 1079 433 1116 imperatricem
449 1080 547 1112 sitam,
565 1078 720 1114 relegatur.
740 1078 830 1106 Aulici
848 1087 932 1114 porro
947 1079 1040 1110 veriti,

218 1132 254 1152 ne
267 1125 291 1151 si
308 1125 335 1151 in
352 1123 538 1160 imperatoris
559 1126 748 1159 conspectum
771 1123 891 1157 veniret,
908 1131 1039 1151 assume-

217 1171 308 1204 retur,
324 1171 411 1204 atque
427 1176 529 1195 omnes
545 1168 606 1196 loco
631 1171 770 1201 moveret,
800 1168 966 1204 imperatori
996 1168 1038 1195 di-

217 1216 296 1249 cunt,
314 1213 463 1241 hominem
480 1212 654 1240 immensam
666 1212 771 1240 habere
782 1212 1040 1248 percuniam,eam-

217 1265 272 1294 qua
283 1259 312 1285 in
328 1258 432 1285 {iscum
456 1265 521 1284 esse
551 1257 743 1284 referendam.
772 1256 866 1292 Igitur
886 1256 1037 1284 Straboro-

215 1310 332 1337 manus,
361 1304 424 1329 turn
450 1309 573 1336 magnus
598 1300 792 1334 betariarcba,
825 1300 965 1336 mittitur,
989 1301 1038 1336 qui

217 1346 365 1374 hominem
383 1347 506 1382 rogaret,
525 1345 574 1373 ubi
590 1353 624 1373 ea
634 1345 831 1373 occultaretur
846 1347 858 1372 Ρ
872 1345 919 1372 cui
949 1345 1037 1373 iidem

215 1391 403 1428 persuadent,
422 1393 453 1417 ut
464 1398 530 1417 eum
546 1390 683 1417 omnibus
698 1390 793 1417 modis
808 1389 933 1418 tollat.ls
948 1390 1040 1426 igitur

215 1437 244 1464 in
260 1435 389 1464 insulam
421 1437 583 1471 pervectus,
608 1435 745 1462 miserum
767 1435 807 1462 ita
833 1434 974 1468 torsii,ut
1009 1435 1038 1463 in

215 1480 428 1517 questionibus
442 1479 599 1516 expirarit:
626 1479 760 1515 quamvis
785 1479 979 1515 promitteret,
1008 1488 1039 1508 se

215 1525 325 1561 scripto
340 1525 541 1559 expositurum
553 1524 692 1558 omnia,si
708 1524 921 1560 quaestionibus
937 1523 1037 1552 libera-

216 1572 307 1598 retur.
324 1570 363 1597 Ac
378 1569 425 1597 ille
436 1569 553 1605 quidem
570 1568 611 1596 ita
622 1569 717 1604 periit.

213 1613 258 1641 καὶ
285 1613 379 1649 κύριον
406 1613 517 1649 ἑαυτῶν,
532 1611 566 1640 δι’
594 1612 640 1645 οὖς
668 1612 712 1640 καὶ
731 1613 865 1649 μισεῖσθαι
880 1614 976 1640 τοῦτον
992 1613 1065 1648 παρὰ

1099 274 1247 312 σαλονίκης
1273 276 1446 316 συμφυγόντα
1472 276 1621 314 ἀκρόπολιν
1640 300 1646 311 ,
1671 276 1810 315 πολιορκίᾳ
1837 278 1890 314 ἰξώ-

1097 331 1191 359 γρησε,
1207 322 1252 349 καὶ
1276 321 1340 352 τοὺς
1365 320 1525 361 ὀφθαλμοὺς
1551 321 1658 358 ἐξέκοψε
1683 324 1730 350 τοῦ
1749 322 1836 361 ἀνδρὸς
1857 335 1892 352 κε-

1099 365 1187 393 λεύσει
1206 365 1345 403 βασιλικῇ.
1364 366 1413 394 Καὶ
1437 364 1519 393 ἄλλοι
1542 364 1571 393 δὲ
1595 366 1752 404 ἀντάραντες
1773 367 1833 402 ἦσαν
1846 372 1893 406 χεῖ-

1099 420 1146 448 ρας
1160 410 1249 447 τούτῳ
1264 413 1303 447 τῷ
1330 410 1447 449 βασιλεῖ,
1470 409 1532 438 ἀλλ’
1557 410 1587 438 ἐκ
1609 413 1664 438 τῶν
1687 411 1749 448 περὶ
1773 412 1814 439 τὸν
1829 413 1894 451 Βρυέ-

1097 465 1154 482 νιον
1179 453 1340 492 συμϐάντων
1365 455 1410 483 καὶ
1433 455 1495 492 περὶ
1519 455 1566 482 τὸν
1592 454 1752 484 Βασιλάκιον
1783 467 1893 496 σωφρονι-

1097 500 1212 533 σθέντες,
1241 500 1275 527 τὰ
1304 499 1377 527 ὅπλα
1404 499 1554 528 κατέθεντο.
1585 500 1645 528 Τῶν
1671 500 1794 538 Τούρκων
1815 500 1840 529 δὶ
1855 502 1895 536 τήν

1097 544 1182 580 Ἐῲαν
1207 544 1442 582 κατατρεχόντων,
1469 543 1576 572 στέλλει
1601 545 1661 572 κατ’
1690 544 1775 572 αὐτῶν
1799 546 1811 573 ὁ
1835 546 1894 583 βασι-

1097 587 1159 619 λεὺς
1188 589 1233 616 σὺν
1267 589 1413 627 ἀξιομάχῳ
1441 589 1621 626 στρατεύματι
1651 590 1842 618 Κωνσταντῖνον
1859 591 1895 618 τὸν

1097 633 1153 659 υἱὸν
1168 633 1216 660 τοῦ
1231 631 1513 671 προϐεϐασιλεοκότος
1529 634 1734 662 Κωνσταντίνου
1756 636 1801 661 τοῦ
1815 634 1894 670 Δούκε,

1097 676 1198 705 ἐκεῖνον
1214 677 1386 716 πρατάρχήν
1407 681 1459 713 τῆς
1480 679 1548 706 κατὰ
1568 680 1623 706 τῶν
1650 678 1777 717 Τούρκων
1793 682 1896 716 στρατιᾶς

1095 721 1328 760 προστησάμενος.
1345 723 1375 752 Ὁ
1399 721 1439 760 δὲ,
1464 723 1532 760 πρὸς
1554 723 1603 757 τὴν
1625 721 1796 760 καλουμένην
1811 725 1896 761 Χρυςό-

1096 766 1177 794 πολιν
1195 765 1413 805 διαπεραιωθεὶς,
1435 767 1586 804 νεωτερίζει
1612 767 1703 803 εὐθὺς,
1717 768 1761 795 καὶ
1784 769 1849 806 παρὰ
1859 771 1897 802 τῆς

1096 810 1181 838 ἐκεῖσε
1214 811 1297 846 οὕσης
1338 815 1535 849 στρατιωτικῆς
1570 811 1698 847 πληθύος
1733 812 1895 851 ἀναγορεύεται

1098 855 1233 893 βασιλεύς.
1252 855 1340 884 Ἀλλὰ
1351 856 1417 887 τοὺς
1445 857 1492 892 μὲν
1507 859 1561 884 τῶν
1585 859 1758 895 στρατιωτῶν
1774 856 1860 896 δώροις
1885 858 1895 884 ὁ

1097 900 1224 939 βασιλεὺς
1259 901 1439 940 ὑπηγάγετο,
1467 901 1532 932 τοὺς
1567 899 1590 928 δ’
1629 902 1790 938 ἀξιωμάτων
1820 905 1894 938 τιμαῖς

1095 945 1262 981 ᾠκειώσατο,
1295 945 1397 977 ἄλλους
1437 945 1460 973 δ’
1489 944 1582 976 ἄλλως
1618 947 1836 984 μετεχειρίσατο,
1860 946 1895 974 καὶ

1095 990 1158 1028 παρ’
1195 990 1284 1018 αὐτῶν
1321 990 1448 1028 συσχθεῖς
1475 991 1489 1018 ὸ
1524 991 1754 1025 Κωνσταντῖνος,
1782 991 1894 1029 παρεδόθη

1093 1036 1133 1070 τῷ
1163 1033 1281 1072 βασιλεῖ.
1311 1035 1434 1072 Κείρεται
1456 1035 1546 1062 τοίνυν
1572 1035 1586 1062 ὁ
1610 1034 1730 1069 νεανίας,
1755 1035 1797 1062 καὶ
1816 1035 1849 1066 εἷς
1860 1038 1895 1070 νῆ-

1095 1089 1141 1106 σον
1157 1079 1350 1117 περιορίζιται.
1376 1077 1463 1117 Λόγος
1489 1078 1512 1107 δ’
1530 1078 1589 1117 ἔχει
1613 1079 1660 1107 καὶ
1685 1080 1759 1117 ἱερέα
1772 1083 1894 1118 χρισθῆνει

1093 1124 1138 1151 τὸν
1162 1123 1314 1161 ἄνθρωπον.
1338 1126 1391 1150 Τοῦ
1415 1123 1587 1161 πατριάρχου
1618 1122 1647 1151 δὲ
1677 1123 1840 1162 ’Δντιοχείας
1860 1125 1895 1151 τοῦ

1093 1167 1259 1204 Αῗμιλιανοῦ
1289 1168 1334 1195 τὸν
1367 1168 1427 1206 βίον
1460 1167 1683 1205 μετηλλαχότος,
1712 1168 1895 1206 προκεχείριστο

1092 1211 1184 1251 ἕτερος
1210 1212 1369 1251 Νικηφόρος
1394 1213 1408 1240 ὁ
1432 1214 1542 1250 Μαῦρος
1567 1211 1731 1250 λεγόμενος.
1757 1212 1836 1244 Οὗτος
1851 1212 1895 1240 τοί-

1092 1268 1139 1284 νυν
1164 1258 1178 1284 ὁ
1207 1257 1336 1295 βασιλεὺς
1355 1257 1387 1285 τὸ
1414 1257 1462 1294 μέν
1485 1267 1528 1284 τοι
1552 1258 1599 1284 καὶ
1625 1255 1670 1284 διὰ
1689 1261 1775 1295 γῆρας
1791 1257 1895 1295 Bue-3,16

1094 1300 1122 1328 δέ
1148 1312 1175 1329 τι
1203 1301 1248 1329 καὶ
1273 1300 1318 1329 διὰ
1347 1302 1462 1341 φυσικὴν
1491 1300 1628 1339 χαύνωσιν
1659 1301 1691 1329 οὐ
1721 1301 1787 1329 πάνυ
1812 1312 1835 1328 τι
1856 1304 1894 1336 τῆς

1091 1347 1145 1374 τῶν
1160 1347 1327 1384 πραγμάτων
1352 1346 1454 1381 ἥπτετο
1480 1344 1652 1381 διοικήσεως,
1672 1345 1747 1374 ἀλλὰ
1774 1346 1815 1374 τὸν
1830 1344 1895 1379 Σίδης

1095 1390 1303 1428 μητροπολίτην
1318 1390 1362 1418 καὶ
1387 1390 1466 1421 οὗτος
1490 1387 1732 1428 προσλαϐόμενος,
1754 1390 1838 1426 ἐκείνῳ
1857 1390 1895 1423 τὴν

1091 1436 1146 1462 τῶν
1161 1437 1260 1462 κοινῶν
1286 1434 1392 1466 ἀνέθετο
1418 1433 1558 1471 πρύνοιαν.
1585 1434 1670 1462 Ἦσαν
1697 1433 1727 1462 δὲ
1750 1436 1788 1470 τῷ
1809 1433 1897 1472 βασιλεῖ

1091 1478 1181 1515 τούτῳ
1196 1479 1239 1506 καὶ
1267 1477 1314 1506 δύο
1339 1477 1445 1513 δοῦλοι,
1471 1479 1508 1505 ὧν
1525 1478 1539 1505 ὁ
1557 1478 1604 1514 μὶν
1630 1477 1759 1516 Βόριλος,
1780 1479 1862 1516 ἅτερος
1875 1476 1896 1504 δὲ

1092 1524 1229 1562 Γερμανὸς
1258 1523 1445 1560 ὠνομάζοντο·
1470 1521 1544 1550 οὗτοι
1569 1522 1658 1550 τοίνυν
1686 1523 1753 1562 ἦγον
1775 1523 1806 1550 τὰ
1826 1523 1895 1550 πάντα

1092 1568 1137 1596 καὶ
1167 1567 1262 1607 ἔφερον
1292 1568 1328 1599 ὡς
1356 1565 1512 1602 ἐϐούλοντο,
1538 1567 1582 1594 καὶ
1605 1566 1687 1595 αὑτὸν
1712 1569 1757 1595 τὸν
1772 1569 1897 1606 κρατοῦντε

1092 1615 1145 1640 τῶν
1162 1612 1188 1640 ἐν
1213 1612 1287 1640 τέλει
1315 1609 1464 1645 συνέϐαινε,
1493 1612 1725 1650 προσφερομένων
1740 1614 1792 1640 τῶν
1811 1611 1897 1640 δούλων

216 1657 328 1687 ἐκείνοις
344 1657 575 1695 ἀλαζονικώτερον
591 1657 636 1684 καὶ
649 1657 821 1695 θρασύτερον,
838 1658 882 1688 Ὡς
897 1656 952 1692 ἤδη
969 1656 998 1685 δὲ
1013 1655 1131 1695 εἷ’ρηται,
1148 1657 1161 1684 ὁ
1178 1657 1327 1695 λογοθὲτης
1349 1656 1518 1695 Νικηφόρος,
1535 1657 1741 1694 προσχωρήσας
1765 1658 1802 1692 τῷ
1815 1659 1899 1683 Ῥουσε-

215 1699 280 1736 λίῳ,
295 1701 346 1728 ὑπὸ
361 1699 471 1737 δεσμοῖς
486 1703 549 1739 παρ’
564 1701 666 1729 ἐκείνου
681 1703 825 1737 τετήρητο.
843 1701 922 1729 ’Δλλ¹
937 1701 1072 1740 αἰφνίδιον
1098 1702 1184 1729 θανὼν
1201 1702 1215 1729 ὁ
1230 1700 1395 1735 Ῥουσέλιος,
1423 1701 1538 1738 ὑποψίαν
1559 1701 1696 1739 παρέσχεν
1722 1701 1759 1732 ὡς
1781 1700 1846 1739 παρὰ
1862 1697 1899 1727 τοῦ

216 1748 365 1786 λογοθέτου
381 1750 515 1788 φαρμάκῳ
529 1749 660 1788 ἀνῄρητο.
679 1750 725 1778 Διὸ
740 1751 784 1778 καὶ
808 1751 881 1789 παρὰ
907 1753 960 1778 τῶν
985 1753 1024 1787 τῷ
1046 1749 1192 1787 Ῥουσελίῳ
1215 1749 1409 1788 προσηκόντων
1435 1752 1475 1786 τῷ
1498 1749 1661 1787 Βοτανειάτῃ
1687 1749 1850 1787 παραδοθεὶς,
1870 1747 1898 1778 είς

216 1794 278 1831 μίαν
293 1795 347 1822 τῶν
361 1794 415 1832 πρὸ
429 1797 478 1828 τῆς
495 1793 633 1832 βασιλίδος
648 1797 702 1822 τῶν
718 1795 825 1822 πόλεων
850 1795 981 1831 κειμένων
997 1796 1086 1830 νήσων
1112 1795 1307 1832 περιορίζεται.
1324 1795 1358 1823 Οἱ
1373 1793 1401 1822 δέ
1415 1804 1446 1831 γε
1468 1794 1529 1831 περὶ
1555 1794 1600 1821 τὸν
1627 1794 1753 1831 βασιλέα,
1771 1792 1897 1822 δεδοικότες

216 1843 266 1878 ὡς,
282 1843 305 1871 εἴ
320 1842 434 1880 εἷςὸψιν
467 1843 602 1871 ἐλεύσεται
629 1847 668 1881 τῷ
695 1844 812 1882 βασιλεῖ,
841 1844 1081 1883 προσληφθήσεται
1109 1846 1153 1873 καὶ
1183 1846 1284 1876 πάντας
1312 1843 1558 1882 παραγκωνίσεται,
1588 1844 1747 1872 ὑποτιθέασι
1773 1847 1810 1880 τῷ
1833 1847 1897 1871 Bora-

212 1887 302 1924 νειάτῃ
338 1889 483 1924 ἀμυθήτων
512 1888 635 1926 εὐπορεῖν
662 1890 813 1927 χρημάτων
842 1890 888 1917 τὸν
917 1889 1089 1928 λογοθέτην,
1119 1890 1162 1917 καὶ
1199 1892 1282 1918 ταῦτα
1321 1891 1360 1926 τῷ
1396 1888 1530 1927 βασιλικῷ
1565 1892 1666 1926 χρῆναι
1707 1891 1898 1927 προσενεχθῆναι

218 1931 331 1968 ταμείῳ.
348 1931 494 1960 Στέλλεται
522 1933 612 1960 τοίνυν
640 1934 654 1961 ὁ
684 1931 928 1971 Στραϐορωμανὸς,
961 1934 1043 1972 μέγας
1070 1934 1260 1973 ἐταιρειάρχης
1287 1933 1348 1961 τότε
1375 1932 1530 1971 γενόμενος.
1557 1931 1703 1970 ἐρωτήσων
1741 1933 1784 1961 τὸν
1818 1932 1900 1970 ἂνθρω-

217 1985 267 2003 πον
294 1976 347 2013 ὅπη
375 1977 447 2014 αὐτῷ
475 1977 507 2005 τὰ
535 1978 664 2015 χθήματα
692 1978 848 2016 κέκρυπται,
877 1979 912 2008 Οἱ
936 1977 965 2006 δὲ
992 1978 1053 2017 περὶ
1080 1979 1126 2007 τὸν
1158 1978 1281 2017 βασιλέα,
1311 1978 1358 2010 οὖς
1379 1978 1424 2005 καὶ
1444 1976 1592 2005 δεδοικέναι
1619 1978 1668 2012 τήν
1695 1980 1744 2005 τοῦ
1773 1977 1897 2015 λογοθὲτου

216 2025 364 2064 παρουσίαν
404 2026 417 2054 ὁ
451 2025 533 2064 λόγος
575 2025 790 2065 προδιηγήσατο,
830 2027 952 2060 πείθουσι
990 2028 1036 2056 τὸν
1072 2025 1306 2066 Στραϐορωμανὸν
1345 2025 1449 2054 ἀνελεῖν
1486 2026 1533 2053 τὸν
1569 2024 1713 2062 ἄνθρωπον
1750 2025 1779 2053 ἐκ
1810 2025 1896 2063 τρόπον

215 2071 325 2103 παντός.
356 2072 403 2103 ⁴Ος
430 2071 486 2107 καὶ,
513 2071 656 2111 γενόμενος
672 2072 740 2100 κατᾶ
755 2073 802 2108 τὴν
833 2076 914 2108 νῆσον
944 2073 969 2100 ἐν
994 2074 1013 2108 ἦ
1040 2073 1215 2110 περιώριστο,
1245 2071 1331 2106 ἐτάζει
1360 2071 1404 2099 τὸν
1435 2069 1519 2108 ἄνδρα
1547 2070 1618 2098 οὕτω
1646 2069 1794 2110 σφοδρῶς,
1822 2070 1853 2100 ὡς
1873 2067 1893 2095 ἐν

214 2121 310 2153 αὐταῖς
339 2125 397 2153 ταῖς
428 2123 555 2161 βασάνοις
583 2122 757 2160 ἐναπόψύξαι,
773 2123 816 2152 καὶ
831 2126 915 2151 ταῦτα
938 2122 1157 2161 ὑπισχνούμενον
1183 2123 1219 2153 ὡς
1239 2122 1328 2150 πάντα
1349 2120 1410 2156 δοίη
1437 2121 1463 2149 ἐν
1488 2121 1667 2160 ἀπογράφοις,
1695 2120 1718 2148 εἷ
1741 2121 1786 2148 τὸν
1801 2117 1895 2155 ὲτασμόν

214 2163 393 2206 ὃιαιρεύξοιτο.
410 2167 440 2196 Ὁ
457 2168 504 2204 μὲν
522 2167 567 2195 οὗν
582 2168 666 2200 οὕτως
681 2167 836 2197 ἀπόλωλεν.

247 2255 303 2285 ΧΧ.
321 2257 471 2285 Commeui
486 2265 552 2285 vero
568 2257 696 2286 lsancius
711 2261 738 2285 et
755 2258 872 2286 Alexius
888 2257 924 2286 ab
944 2257 1027 2294 imper

1128 2257 1218 2285 K'.Oi
1247 2254 1277 2283 δὲ
1305 2255 1443 2293 Κομνηνοὶ
1471 2255 1485 2283 ὁ
1515 2255 1648 2287 Ἰσαάκιος
1676 2255 1722 2283 καί
1751 2255 1766 2284 ὁ
1793 2253 1893 2288 ἈλέξιΟς

209 2303 307 2329 rutore
322 2310 412 2338 supra
438 2303 557 2330 modum
587 2305 616 2330 et
644 2302 862 2330 honorabantur
887 2305 914 2330 et
937 2302 1036 2338 dilige-

210 2345 328 2380 bantur,
347 2347 424 2375 294
435 2350 463 2374 et
477 2346 591 2382 imperii
605 2355 788 2374 successores
796 2347 1033 2374 nominabantur.

211 2390 273 2421 Qua
292 2391 327 2418 de
342 2399 433 2419 causa
443 2391 605 2419 aulicorum
618 2394 646 2418 et
662 2391 690 2418 in
707 2390 810 2426 primis
831 2391 956 2418 duorum
978 2400 1036 2419 ser-

211 2441 323 2467 vorum,
342 2444 414 2470 quos
431 2436 569 2470 diximus,
595 2436 857 2464 obtrectationibus
883 2436 962 2464 fuere
990 2436 1036 2464 ob-

213 2477 301 2510 noxii,
318 2479 368 2514 qui
396 2487 445 2507 eus
470 2481 547 2515 apud
571 2479 655 2508 illum
680 2480 829 2507 criminati
855 2483 925 2508 sunt
951 2481 1036 2516 quasi

210 2529 335 2556 regnum
350 2522 522 2559 cogitarent,
538 2527 566 2552 et
580 2524 767 2561 imperatoris
782 2532 851 2560 erga
876 2525 941 2551 illos
964 2525 1034 2553 alie-

210 2568 289 2594 ctum
305 2574 370 2594 eam
381 2567 554 2596 vellicarunt
566 2572 595 2597 et
610 2570 824 2598 exulceraruut.
848 2570 908 2602 Quo
921 2569 963 2597 illi
989 2579 1035 2598 co-

209 2611 303 2647 gnito,
319 2611 415 2642 veriti,
429 2620 463 2639 ne
477 2613 548 2648 quid
566 2614 594 2641 in
609 2623 640 2642 se
654 2615 772 2650 gravius
786 2616 997 2649 consuleretur,
1008 2619 1037 2642 et

207 2658 241 2684 ut
255 2656 334 2683 fama
349 2657 490 2691 est,regni
509 2657 738 2694 cupiditatejnm
769 2658 837 2686 olim
866 2661 1035 2693 aestuantes,

208 2700 425 2729 communicato
437 2708 504 2728 cum
528 2701 564 2729 iis
592 2703 700 2738 quibus
733 2703 872 2736 ﬁdebant,
902 2703 1035 2738 consilio,

208 2745 280 2774 urbe
296 2746 450 2779 excedunt,
467 2747 495 2772 et
520 2745 706 2782 Adriuuupoli
722 2751 873 2783 occupatu,
886 2747 1037 2775 universas

207 2797 282 2825 pene
297 2790 425 2826 legiones
441 2790 477 2818 ad
494 2798 526 2818 se
541 2791 705 2819 attrahunt.
716 2792 832 2820 Alexius
848 2795 945 2820 autem
958 2791 1037 2819 salu-

209 2835 289 2862 tatur
304 2835 472 2872 imperator,
485 2837 554 2863 natu
573 2835 677 2870 majori
697 2837 776 2864 fratri
793 2837 943 2873 praelatus,
969 2844 1036 2865 cum

1093 2298 1319 2339 ὑπερϐαλλόντως
1347 2300 1416 2338 πρὸς
1443 2302 1491 2328 τοῦ
1522 2300 1656 2338 βασιλέως
1684 2300 1730 2327 καὶ
1758 2298 1892 2335 τετίμηντο,

1090 2345 1136 2372 καὶ
1151 2345 1320 2383 ἐστὲργοντο,
1344 2344 1389 2372 καὶ
1414 2343 1562 2382 διαδόχους
1584 2343 1686 2376 αὐτοὺς
1701 2346 1752 2377 τῆς
1776 2341 1891 2382 βασιλείας

1091 2390 1227 2427 ὠνόμαζε.
1244 2390 1291 2417 Διὸ
1306 2390 1351 2417 καὶ
1367 2389 1440 2427 ποιρᾶ
1452 2391 1505 2417 τῶν
1521 2389 1583 2425 περὶ
1597 2389 1643 2417 τὸν
1659 2389 1828 2423 Βοτανειάτην
1842 2395 1890 2424 σφο-

1091 2433 1162 2472 δρῶς
1177 2433 1381 2470 ἐϐασκαίνοντο,
1404 2434 1449 2461 καὶ
1477 2432 1584 2470 μᾶλλον
1605 2433 1677 2470 παρὰ
1691 2436 1745 2461 τῶν
1761 2432 1889 2471 εἰρημένων

1094 2478 1142 2507 δύο
1159 2479 1265 2507 δούλων
1291 2478 1382 2512 αὐτοῦ,
1408 2479 1434 2506 οἳ
1455 2478 1500 2505 καὶ
1524 2478 1591 2511 πρὸς
1616 2477 1716 2505 ἐκεῖνον
1736 2477 1798 2508 τοὺς
1812 2473 1892 2512 ἄνδρας

1093 2522 1248 2557 διέϐαλλον,
1279 2524 1315 2555 ὡς
1343 2521 1488 2562 τυραννίδα
1520 2522 1701 2559 μελετῶντας,
1730 2521 1772 2550 καὶ
1797 2521 1839 2554 τὴν
1862 2517 1890 2562 Iit

1092 2568 1190 2599 αὐτοὺς
1223 2569 1272 2596 τοῦ
1307 2567 1442 2605 βασιλέως
1478 2566 1595 2598 διάθεσιν
1628 2566 1782 2604 ὑπώρυττόν
1808 2575 1833 2592 τε
1855 2560 1889 2589 καί

1091 2611 1287 2650 παρεσάλευον.
1311 2617 1344 2641 Ὃ
1370 2613 1477 2651 γνόντες
1508 2612 1594 2646 οὗτοι,
1625 2611 1670 2641 καὶ
1693 2613 1731 2648 μή
1759 2621 1784 2638 τι
1805 2608 1890 2636 πάθωσι

1091 2657 1266 2692 πτοηθέντες,
1283 2657 1319 2688 ὡς
1337 2656 1365 2684 δὲ
1388 2656 1481 2695 λόγος,
1499 2655 1543 2684 καὶ
1567 2655 1652 2684 πάλαι
1668 2656 1731 2692 παρ’
1747 2655 1842 2683 ἑαυτοῖς
1854 2650 1889 2695 ili"

1091 2705 1139 2737 τῆς
1157 2702 1296 2739 βασιλείας
1320 2693 1463 2741 τρέφοντες
1488 2699 1587 2739 ἔρωτα,
1599 2701 1645 2728 καὶ
1671 2699 1767 2732 ἄλλοις
1781 2699 1819 2726 οἷς
1832 2693 1892 2741 έθάέ’

1092 2746 1167 2785 ῥουν,
1191 2747 1222 2774 τὸ
1251 2745 1393 2785 βούλευμα
1416 2746 1624 2782 κοινωσάμενοι,
1648 2743 1760 2780 ἐξῆλθον
1785 2746 1829 2777 τῆς
1852 2738 1890 2785 π’ξ·

1092 2782 1173 2824 λεως,
1197 2782 1319 2826 καὶγτὴν
1346 2782 1428 2819 πόλιν
1457 2790 1600 2827 Ἀδριανοῦ
1629 2788 1817 2828 κατειληφότες
1833 2809 1839 2816 .
1863 2782 1891 2812 εἷς

1093 2836 1204 2867 ἑαυτοὺς
1231 2837 1263 2864 τὸ
1296 2836 1488 2874 στρατιωτικὸν
1528 2835 1632 2873 ξύμπαν
1661 2833 1757 2873 σχεδὸν
1783 2828 1890 2860 ἐπεσπά-
