2032 3167
103 184 164 214 293

735 179 942 211 ANNALIUM
970 178 1042 209 LIB.
1067 179 1176 210 XVIII.

1747 180 1806 209 294

105 259 207 283 σαντο,
235 247 280 276 καὶ
309 246 501 286 ἀναγορεύεται
527 245 654 285 βασιλεὺς
680 247 694 274 ὁ
718 244 854 281 ’Λλέξιος,
878 246 928 272 τοῦ

992 246 1062 281 quod
1077 245 1113 273 ob
1126 245 1165 273 rei
1182 244 1319 273 militaris
1335 244 1469 280 peritiam
1485 244 1663 273 exercitibus
1692 244 1808 272 charior

107 294 231 331 μείζονος
252 291 433 330 προτιμηθεὶς
463 290 593 330 ἀδελφοῦ,
622 290 665 318 ὅτι
694 301 724 318 τι
757 289 930 328 προσέκειντο

104 338 195 374 τούτῳ
224 336 331 374 μᾶλλον
361 338 398 368 ὡς
422 335 669 375 στρατηγικωτέρῳ
696 336 722 363 oi
748 336 930 373 στρατιῶται,

106 388 153 415 καὶ
176 386 218 414 ὅτι
243 385 348 423 σπουδῇ
370 396 399 413 τε
423 386 467 413 καὶ
498 385 663 422 ὑποσχέσεσι
692 384 765 422 παρὰ
789 386 843 411 τῶν
869 379 931 421 περὶ

106 432 188 460 αὑτὸν
206 430 446 468 μεθειλκύσθησαν·
464 428 555 461 Οὕτως
570 429 615 457 οὖν
637 429 796 468 ἀναῤῥηθεὶς
814 429 827 455 ὁ
852 427 932 457 Ἀλέα

107 477 184 513 ξιος¹
214 476 259 503 καὶ
288 477 336 502 τοῦ
362 474 500 504 Ἰσαακίου
527 475 565 511 μὴ
590 474 659 502 πάνυ
686 474 753 511 πρὸς
777 474 826 508 τὴν
850 473 932 511 ἀνάρ-

108 521 187 560 ῥησιν
219 519 449 558 δυσχεράναντος,
478 520 527 554 τὴν
560 518 690 557 βασιλίδα
716 515 931 554 καταλαμϐάνει,

107 570 153 598 καὶ
177 569 244 607 πρὸς
269 568 431 606 πολιορκίαν
455 569 621 605 ἡτοίμαστο.
647 569 678 596 Ὁ
705 566 735 595 δὲ
751 569 932 602 Βοτοινειατης

106 617 167 645 τοῖς
181 613 298 652 τιίχεσιν
324 613 455 648 έπέστησε
478 612 612 652 φύλακας.
637 614 720 640 Ἦσαν
746 611 774 640 δὲ
789 611 861 649 παρά
873 621 933 638 τινα

107 659 209 696 πύργον
225 658 294 695 πρὸς
317 659 352 695 τῇ
377 657 451 695 πύλῃ
476 659 525 690 τῆς
545 656 654 688 πόλεως
670 656 688 691 ἢ
703 656 822 695 Χαρσίου
838 654 932 683 καλεῖ-

106 713 173 738 ται,
203 702 384 742 φυλάσσοντες
417 702 548 738 Νὲμιτζοι
576 699 663 739 (ἔθνος
691 700 713 728 δ’
741 701 767 728 οἱ
799 701 931 737 Νέμιτζοι

107 751 263 788 κελτικόν)·
291 752 365 779 οὗτοι
394 750 482 789 λάθρα
510 753 567 782 τοῖς
597 750 657 788 περὶ
686 749 750 782 τοὺς
775 749 932 787 Κομνηνοὺς

108 796 357 834 ἐκοινολογήσιντο
373 795 435 833 περὶ
451 794 598 833 προδοσίας
611 799 661 831 τῆς
687 794 805 826 πόλεως.
830 795 931 822 Ἕωοεν

110 840 156 869 οὖν
171 841 239 869 κατά
260 841 310 876 τήν
337 840 457 879 μεγάλην
481 839 606 877 πέμπτην
631 844 680 875 τῆς
708 838 862 876 ἑϐδομάδος
884 841 933 866 τοῦ

111 885 248 924 σωτηρίου
262 885 364 917 πάθους
379 887 427 912 τοῦ
444 888 558 923 Σωτῆρο
581 885 690 922 ἡμῶνοί
709 885 756 922 μὶν
780 884 842 922 περὶ
868 883 932 915 τοὺς

111 929 272 967 Κομνηνοὺς
296 932 336 966 τῷ
360 929 522 967 καταντικρὺ
546 931 594 957 τοῦ
619 929 691 966 παρὰ
713 931 766 956 τῶν
793 927 932 964 Νεμίτζων

109 979 300 1017 κατεχομένου
316 978 421 1016 πύργου
438 977 559 1016 ἐξωτέρῳ
582 977 667 1015 τείχει
683 975 852 1016 προσέϐαλον
868 977 936 1005 κατά

112 1024 248 1060 σύνθημα,
272 1023 298 1051 o't
320 1022 349 1050 δὲ
371 1022 516 1058 ἐφεστῶτες
543 1021 616 1058 αὑτῷ
629 1021 693 1053 τοὺς
708 1019 934 1059 προσϐάλλοντας

112 1066 240 1104 ἔϐαλλον,
261 1067 305 1094 καὶ
330 1067 458 1105 ἀπεῖργον
483 1069 533 1094 τοῦ
558 1066 697 1104 προσιέναι
722 1066 819 1104 ἀγχοῦ.
841 1067 884 1097 Ὡς
913 1065 936 1092 δ’

113 1113 165 1140 ὑπὸ
181 1114 234 1140 τῶν
251 1111 391 1148 Νεμίτζων
415 1110 446 1138 ἐκ
471 1113 519 1138 τοῦ
543 1110 646 1148 πύργου
669 1111 694 1137 οὶ
711 1110 735 1138 έν
751 1113 790 1146 τῷ
804 1110 889 1147 τείχει
907 1109 935 1137 έ-

111 1154 259 1192 ϐάλλοντο,
278 1157 315 1192 μὴ
331 1156 385 1183 οἶοί
400 1166 429 1183 τε
444 1153 517 1186 ὄντες
532 1155 576 1182 καὶ
592 1155 659 1193 πρὸς
672 1154 735 1186 τοὺς
761 1154 837 1185 ἐκτὸς
860 1154 935 1186 ἀνθί-

111 1202 222 1229 στασθαι
238 1201 282 1228 καὶ
298 1200 366 1238 πρὸς
378 1200 412 1228 τὸ.
427 1200 452 1227 έν
476 1198 523 1231 τὸς
548 1199 750 1237 ἀπομάχεσθαι,
767 1198 792 1234 ἐξ
821 1198 934 1236 ὑπερδι-

111 1246 174 1282 ξίων
201 1245 238 1276 εἷς
266 1244 363 1276 αὐτοὺς
380 1244 580 1279 ἀκοντίζοντας,
608 1243 739 1271 ἐνέδωκαν
765 1246 814 1278 τῆς
832 1243 932 1282 ὁρμῆς·

111 1295 146 1325 Οἱ
162 1293 191 1322 Si
203 1293 450 1333 τιιχομαχούντες,
462 1293 591 1330 κλίμαξιν
605 1292 699 1321 αὐτίκα
714 1294 782 1329 πρὸς
796 1293 828 1320 τὸ
841 1288 936 1330 τεῖχος

112 1339 249 1377 ἀνῄεσαν,
277 1338 322 1366 καὶ
358 1338 391 1366 τὰ
418 1337 532 1375 κλεῖθρα
558 1340 612 1365 τῶν
640 1337 734 1365 πυλῶν
764 1336 935 1373 διατεμόντες

111 1383 270 1418 πελέκεσιν,
300 1382 404 1415 ἅνετοῖς
431 1386 489 1414 τοῖς
519 1382 689 1419 συνωμόταις
715 1382 853 1420 παρέσχον
884 1383 933 1416 τὴν

113 1427 229 1463 εἴσοδον,
257 1429 343 1466 Ὅπερ
358 1426 460 1459 ἰδόντες
476 1427 502 1454 οἱ
517 1427 562 1455 τὸν
585 1427 660 1459 me;
682 1429 827 1465 τηροῦντες
855 1426 935 1464 περί-

112 1470 208 1508 ϐολον,
225 1471 371 1510 σύγκλυδες
388 1470 536 1508 ἅνθρωποι,
553 1473 597 1499 καὶ
614 1470 745 1508 πολέμων
759 1473 785 1498 οἱ
809 1471 934 1502 πλείονες

111 1521 213 1556 ἀδαιῖς,
250 1522 268 1556 ἢ
306 1520 411 1557 μᾶλλον
453 1521 478 1556 έξ
514 1520 648 1557 ἀγοραίων
677 1519 861 1557 ἀθροισθέντες
890 1520 935 1547 καὶ

113 1566 237 1599 πληθύος
257 1563 418 1602 δημότιδος,
447 1565 473 1591 οἱ
504 1565 551 1600 μὶν
580 1565 717 1595 κατιόντες
733 1563 848 1600 ᾦκοντο,
866 1565 891 1591 οἱ
906 1563 935 1591 δὲ

987 292 1058 324 erat,
1076 291 1137 317 tum
1151 290 1226 325 quod
1242 289 1420 318 familiarum
1438 289 1545 317 studiis
1567 291 1595 317 et
1621 288 1807 325 pollicitatio-

987 339 1075 366 nibus
1089 339 1324 366 commendatus.
1335 339 1361 366 Is
1376 339 1467 374 igitur
1482 338 1522 366 sic
1539 338 1715 370 declaratus,
1728 338 1807 366 Isaa-

987 383 1031 411 cio
1048 392 1104 411 non
1114 383 1275 411 admodum
1287 391 1362 419 aegre
1378 383 1496 416 ferente,
1521 383 1622 411 urbem
1642 382 1808 418 imperatri-

987 436 1061 462 cem,
1079 428 1115 455 ad
1136 427 1314 455 obsidionem
1332 430 1459 464 paratus,
1488 427 1609 455 invadit.
1641 427 1808 455 Botuniates

987 485 1054 504 vero
1070 477 1207 505 custodes
1225 477 1254 504 in
1276 477 1417 504 missibus
1437 476 1568 504 collocat.
1598 477 1687 504 Erant
1711 479 1808 504 autem

988 522 1018 549 in
1036 522 1106 549 turri
1124 522 1251 557 quadam
1268 522 1304 549 ad
1320 521 1400 549 urbis
1416 524 1528 557 portam
1546 521 1696 549 Charsiam
1709 523 1809 549 custo-

987 567 1039 595 des
1054 567 1186 601 Neiuitzi,
1201 575 1273 602 gens
1289 565 1416 593 Gallica:
1435 565 1454 592 ii
1470 566 1544 593 clam
1561 574 1627 592 cum
1643 565 1809 593 Commenis

988 612 1023 639 de
1040 611 1204 647 proditione
1219 612 1353 647 egerunt.
1369 611 1451 638 Mane
1468 610 1556 645 igitur
1571 610 1600 636 in
1618 618 1722 645 magna
1737 610 1810 637 feria

988 661 1091 696 quinta
1115 660 1285 695 septimanaa
1311 659 1449 687 salutaris
1478 658 1625 686 Passionis
1653 658 1810 686 Salvatoris

988 705 1091 733 nostri.
1105 705 1253 732 Comment
1266 704 1295 731 in
1311 711 1429 731 murum
1446 703 1620 730 exteriorem
1649 710 1664 729 ο
1693 702 1810 738 regione

987 750 1077 777 turris
1093 749 1184 782 illius,
1201 757 1288 784 quam
1300 747 1422 776 Nemitzi
1440 747 1588 780 tenebant,
1605 754 1639 774 ex
1649 747 1810 782 composito

988 799 1120 827 fecerunt
1136 799 1289 834 impetum,
1305 806 1378 834 quos
1394 797 1556 825 subeuntes
1579 795 1643 824 telis
1672 795 1812 823 arcebant

988 844 1165 871 defensores.
1180 843 1215 870 Ut
1225 846 1323 870 autem
1336 851 1352 870 a
1366 841 1514 875 Nemitzis,
1532 841 1550 868 ii
1574 841 1624 876 qui
1655 840 1683 867 in
1718 840 1811 868 muris

988 896 1083 925 erant,
1097 892 1217 920 exturri
1228 892 1416 927 perebantur,
1432 899 1484 918 nec
1514 889 1602 917 simul
1629 891 1657 917 et
1685 889 1811 916 externis

949 937 972 968 B
989 941 1016 965 et
1031 937 1154 965 internis
1171 937 1306 964 hostibus
1321 944 1335 963 e
1349 943 1500 971 superiore
1523 934 1585 962 loco
1609 933 1812 969 jaculantibus

990 982 1126 1010 resistere
1143 982 1286 1015 poterant,
1304 980 1446 1015 impetum
1459 979 1643 1006 remiserunt.
1667 978 1722 1009 Qui
1746 986 1812 1005 vero

991 1026 1095 1053 maenis.
1110 1024 1423 1061 oppugnabant,scalis
1434 1023 1534 1051 statim
1550 1031 1632 1050 muro
1641 1030 1811 1056 conscenso,

991 1072 1199 1106 portarumque
1215 1068 1351 1096 claustris
1372 1067 1548 1103 bipennibus
1563 1067 1726 1102 perfractis,
1741 1066 1813 1094 libe-

990 1127 1055 1147 rum
1077 1118 1240 1152 coniuratis
1269 1117 1436 1151 ingressum
1464 1116 1760 1151 patefecerunt.»0uo
1792 1115 1811 1142 ii

990 1163 1061 1196 viso,
1080 1162 1128 1197 qui
1144 1162 1283 1189 interiora
1304 1161 1411 1188 mcenia
1436 1162 1604 1194 tuebantur,
1635 1160 1813 1187 confusanea

989 1208 1086 1239 turba,
1097 1210 1125 1234 et
1140 1206 1207 1234 belli
1225 1205 1356 1241 plerique
1369 1205 1467 1238 rudes,
1479 1213 1511 1233 ac
1524 1206 1621 1240 potius
1637 1213 1670 1232 ex
1685 1204 1812 1232 circum-

990 1252 1117 1280 foraneis
1133 1251 1245 1278 collecti
1261 1249 1430 1286 plebeiaque
1446 1249 1650 1277 multitudine:
1682 1248 1732 1277 alii
1761 1249 1811 1276 de-

989 1297 1140 1329 scendere,
1156 1295 1205 1322 alii
1224 1302 1254 1323 se
1270 1303 1336 1322 cum
1354 1294 1482 1330 periculo
1498 1294 1689 1329 prmcipitars,
1706 1302 1739 1321 ac
1764 1293 1811 1320 fu-

989 1349 1057 1377 gam
1076 1347 1239 1376 capessere.
1259 1340 1360 1374 Itaque
1378 1338 1528 1366 Comnenii
1557 1339 1645 1366 etiam
1672 1338 1812 1366 interiora

990 1390 1097 1418 mcsnia
1113 1388 1315 1416 defensoribus
1333 1387 1417 1423 plane
1432 1396 1522 1414 vacua
1537 1389 1813 1422 occupant,eorum-

990 1443 1047 1471 que
1059 1434 1149 1470 portis
1176 1433 1275 1460 itidem
1306 1432 1468 1468 patefactis,
1498 1432 1628 1466 undique
1656 1431 1685 1459 in
1708 1431 1812 1459 urbem

990 1484 1102 1511 aditum
1123 1482 1268 1518 aperiunt,
1282 1481 1380 1508 statim
1398 1481 1431 1508 ad
1453 1480 1631 1516 direptiones
1647 1487 1678 1507 se
1699 1487 1814 1507 conver-

991 1529 1098 1559 tentes,
1116 1526 1224 1561 quippe
1239 1526 1325 1552 turba
1342 1525 1482 1561 permista
1495 1533 1528 1552 ex
1554 1523 1728 1559 Thracibus,
1755 1525 1812 1550 Ma-

991 1570 1160 1603 cedonibus,
1174 1570 1313 1596 Romanis
1330 1571 1417 1605 atque
1433 1567 1649 1597 aliis.Barbaris
1664 1570 1814 1601 constans,

111 1611 157 1637 καὶ
185 1609 297 1642 ἑαυτοὺς
331 1609 487 1647 ἐπισφαΛῶς
519 1608 784 1646 κατακρημνίζοντες
813 1607 933 1646 ἔφευγον.

994 1614 1085 1641 nihilo
1102 1613 1206 1640 melius
1223 1622 1309 1648 quam
1324 1613 1434 1644 hostes,
1448 1621 1515 1648 erga
1533 1615 1688 1648 populares
1710 1611 1817 1641 aﬁ'ecti.

111 1659 188 1686 Ὅθεν
216 1658 284 1685 κατὰ
312 1657 421 1691 πολλὴν
459 1659 508 1684 τοῦ
544 1656 717 1688 κωλύσοντος
747 1657 862 1694 ἐρημίαν
891 1657 937 1684 καὶ

111 1703 158 1731 τὸν
173 1702 247 1733 ἐντὸς
275 1699 423 1739 περιϐολον
440 1704 467 1728 ot
486 1701 548 1739 περὶ
572 1701 636 1732 τοὺς
662 1702 820 1738 Κομνηνοὺς
846 1712 940 1739 παρει-

114 1747 228 1786 λήφασι,
249 1747 293 1773 καὶ
322 1747 369 1777 τὰς
398 1745 496 1773 τούτου
526 1745 615 1778 πύλας
637 1746 740 1782 ὁμοίως
756 1746 937 1774 ἀναπετάσαν-

113 1801 168 1824 τες,
199 1790 283 1828 βατὴν
307 1790 357 1824 τὴν
386 1789 467 1817 πόλιν
494 1790 574 1817 παντί
603 1801 656 1817 που
681 1790 868 1828 παρέσχοντο,
893 1790 938 1818 καί

116 1839 212 1867 αὐτίκα
237 1839 305 1876 πρὸς
335 1837 487 1876 διαρπαγὴν
524 1838 676 1876 χρημάτων
712 1839 738 1866 οἱ
774 1839 938 1871 ςῗσελθόντες

115 1883 262 1920 ὡρμήκασι
298 1882 451 1919 σύμμικτον
485 1882 591 1918 πλῆθος
631 1883 660 1910 ἐκ
697 1886 808 1921 Θρᾳκῶν
837 1894 866 1911 τε
893 1883 938 1911 καὶ

116 1926 300 1962 Μακεδόνων,
330 1928 374 1954 καὶ
412 1928 554 1964 Ῥωμαίων
593 1927 685 1955 ἄλλων
714 1929 758 1955 καὶ
790 1926 936 1966 Βαρϐάρων

117 1972 289 2008 συνεστηκὸς,
320 1970 396 1999 οὐδὲν
411 1970 522 2008 ἄμεινον
536 1971 676 2007 πολεμίων
706 1973 775 2010 πρὸς
789 1983 852 2004 τους
869 1973 940 2009 ὁμό-

115 2016 218 2054 φύλους
257 2016 449 2053 διατιθέμενοι.
494 2016 542 2043 Καὶ
586 2017 669 2054 μέχρι
712 2017 762 2054 γὰρ
800 2017 939 2055 έκχύσεως

115 2065 237 2102 αἱμάτων
265 2066 452 2103 προύχώρησι
474 2066 505 2093 τὸ
529 2065 622 2100 κακὸν,
646 2066 689 2093 καὶ
706 2066 833 2103 παρθένοι
850 2065 878 2093 δὲ
901 2067 939 2102 τῷ

114 2112 170 2146 Θιῷ
189 2111 387 2148 καθιερωμέναι
413 2107 516 2141 ἀσεϐῶς
543 2109 720 2146 έμιάνθησαν,
745 2111 790 2137 καὶ
815 2113 939 2148 γυναῖκες

114 2154 227 2192 ἀνδράσι
255 2154 462 2192 συνεζευγμέναι
491 2155 560 2192 πρὸς
592 2154 651 2191 βίαν
683 2152 865 2193 ὑϐρίσθησαν,
895 2155 939 2182 καὶ

116 2202 183 2232 θιῖοι
212 2200 269 2227 ναοὶ
299 2199 343 2226 τὸν
371 2199 474 2236 κόσμον
504 2198 590 2226 αὐτῶν
606 2198 788 2234 ἐσυλήοησαν,
809 2200 853 2226 καὶ
879 2199 941 2227 οὐδὲ

115 2246 168 2271 τῶν
185 2244 267 2282 ἀγίων
288 2245 431 2281 κρατήρων
459 2243 623 2281 ἀπέσχοντο.
648 2242 738 2271 Ἀλλὰ
761 2244 806 2271 καὶ
827 2244 940 2275 τούτους

993 1663 1065 1691 Nam
1084 1662 1159 1690 295
1172 1662 1205 1689 ad
1223 1662 1395 1689 ell'usionem
1412 1661 1687 1697 sungninismalum
1700 1669 1816 1697 proces-

994 1707 1043 1740 sit,
1060 1709 1088 1734 et
1102 1706 1231 1742 virgines
1245 1706 1302 1733 Deo
1314 1709 1489 1734 consecratas
1503 1705 1592 1742 impie
1604 1705 1720 1742 polluta:
1734 1707 1815 1734 sunt.

994 1759 1022 1784 et
1038 1758 1177 1783 matrona:
1190 1755 1312 1790 violatae,
1329 1757 1357 1782 et
1372 1755 1482 1791 templa
1492 1757 1595 1783 ornatu
1611 1755 1736 1792 spoliata
1763 1763 1817 1783 nec

995 1810 1012 1830 ει
1026 1800 1220 1828 sacrosanctis
1236 1800 1398 1828 crateribus
1413 1802 1620 1836 temperatum,
1646 1801 1694 1828 sed
1726 1799 1819 1828 homi-

993 1854 1045 1874 nes
1062 1845 1251 1873 audacissimi
1267 1845 1321 1872 hos
1337 1845 1424 1872 etiam
1441 1847 1469 1872 et
1485 1845 1599 1881 phialas
1617 1845 1761 1872 incruenti
1790 1846 1819 1872 et

993 1889 1134 1919 terribilis
1173 1889 1308 1917 sacriﬁcii
1348 1888 1449 1924 plenas
1474 1889 1670 1925 diripuerunt,
1704 1888 1818 1917 Sanctis

993 1935 1078 1963 humi
1096 1934 1206 1962 effusis.
1224 1934 1379 1962 Senatores
1395 1942 1510 1969 quoque
1527 1934 1626 1962 obvios
1658 1934 1747 1962 mulis
1772 1934 1818 1961 de-

994 1982 1156 2013 traxerunt,
1173 1978 1330 2006 nonnullos
1349 1978 1488 2006 detractis
1499 1979 1631 2006 vestibus
1647 1979 1819 2006 seminudos

995 2028 1143 2064 etpedites
1167 2027 1195 2055 iu
1227 2025 1297 2055 v'icis
1327 2027 1522 2063 reliquerunt.
1554 2027 1618 2054 Hmc
1646 2035 1696 2063 per
1726 2029 1817 2054 totum

995 2072 1072 2099 diem
1089 2075 1153 2099 acta
1168 2074 1247 2105 sunt,
1265 2080 1297 2098 ac
1314 2071 1423 2099 malum
1442 2079 1534 2107 usque
1543 2072 1576 2098 ad
1590 2074 1692 2098 Bovem
1706 2070 1820 2106 publice

996 2125 1029 2144 ac
1045 2116 1108 2144 sine
1122 2116 1292 2143 discrimine
1306 2118 1444 2152 vagatum
1461 2118 1514 2143 est.
1539 2115 1663 2151 Jamque
1687 2114 1822 2143 nonnulli

996 2165 1031 2193 ad
1043 2164 1282 2201 Philadelphiam
1297 2167 1326 2193 et
1342 2165 1419 2192 ultra
1435 2167 1649 2201 procurrerant,
1668 2164 1821 2192 Comnem—

993 2209 1204 2246 que,omnibus
1212 2209 1248 2237 ad
1261 2210 1418 2238 manubias
1433 2208 1736 2242 discurrentibus,soli
1753 2217 1820 2236 cum

997 2254 1101 2290 exiguo
1113 2262 1235 2282 numero
1252 2254 1354 2288 relicti,
1371 2263 1436 2282 cum
1453 2256 1487 2282 ad
1512 2255 1642 2282 Taurum
1670 2253 1821 2289 pervenis-

116 2289 142 2316 οἳ
155 2288 308 2325 πάντολμοι
333 2289 376 2316 καὶ
402 2289 449 2320 τὰς
474 2288 548 2327 ἱερὰς
574 2288 673 2327 φιάλας
694 2291 744 2323 τῆς
774 2288 936 2326 ἀναιμάκτον

996 2301 1073 2334 sent,
1091 2307 1148 2327 non
1165 2301 1234 2327 sunt
1249 2299 1313 2327 ausi
1340 2299 1463 2327 ulterius
1493 2299 1640 2335 progredi,
1669 2288 1710 2326 ita
1730 2297 1820 2334 justis

116 2337 160 2364 καὶ
176 2336 331 2375 φρικώδους
347 2337 437 2369 θυσίας
463 2337 580 2376 πλήρεις
608 2336 766 2375 διήρπαξον,
797 2337 938 2376 ἐκχέαντες

118 2381 152 2408 τὰ
167 2382 249 2418 Ἀγια
263 2382 331 2408 κατὰ
360 2385 422 2419 γῆς.
455 2382 506 2410 Καῖ
523 2383 598 2413 ὅσοις
612 2381 641 2409 δὲ
655 2385 704 2417 τῆς
721 2383 862 2421 γερουσίας
879 2394 937 2410 συν·

121 2427 221 2461 ήντων,
239 2428 425 2457 κατασπῶντες
438 2430 492 2454 τῶν
507 2427 631 2464 ἡμιόνων
664 2427 773 2462 αὐτοὺς1
797 2427 884 2459 ένίους
912 2426 940 2455 δὶ

117 2474 164 2502 καὶ
190 2472 367 2508 ἀποδύοντες,
398 2474 423 2502 ἐν
455 2475 548 2512 μέσαις
575 2479 634 2507 ταῖς
662 2476 767 2514 ἀγυιαῖς
791 2477 853 2504 ε’ὶων
872 2478 940 2514 ἡμμ

117 2518 239 2558 γύμνους
265 2528 295 2546 τε
323 2518 368 2545 καὶ
397 2519 504 2553 πεζούς.
537 2520 584 2548 Καὶ
606 2523 689 2548 ταῦτα
712 2521 772 2553 καθ’
795 2521 862 2556 ὅλην
889 2521 938 2556 τὴν

119 2567 224 2606 ἡμέραν
250 2567 431 2605 ίπράττοντο,
461 2567 505 2595 καὶ
532 2569 563 2596 τὸ
588 2568 674 2597 δεινὸν
704 2568 770 2608 ἄχρι
796 2572 843 2597 τοῦ
872 2570 941 2602 Βοὸς

119 2612 260 2652 έπεφθάκει
291 2611 447 2650 γινόμενον,
476 2612 565 2640 κοινόν
589 2623 618 2640 τε
637 2614 682 2641 καὶ
697 2612 850 2650 πάνδημον,
885 2613 939 2650 ἤδη

119 2655 148 2684 δέ
162 2667 231 2684 τινες
248 2657 292 2684 καὶ
310 2657 394 2694 μέχρι
419 2658 467 2684 τοῦ
483 2655 671 2695 Φιλαδελφίου
683 2659 700 2692 ἢ
717 2658 760 2685 καὶ
775 2659 942 2696 προσωτέρω

119 2705 281 2744 ἐπέδραμον.
314 2707 348 2734 Ol.
378 2704 406 2733 δὲ
422 2706 573 2742 Κομνῃνοῖ,
590 2706 627 2738 εἷς
643 2707 691 2741 τὴν
716 2709 857 2745 προνομὴν
883 2719 942 2736 σκεςη

119 2750 269 2783 δασθεντων
297 2750 416 2784 πάντων,
446 2750 525 2787 μόνοι
551 2750 597 2778 σὺν
623 2751 816 2788 εὖαριθμήτοις
840 2752 943 2792 σφόδρα

119 2803 179 2831 τοῖς
202 2801 263 2837 περὶ
287 2799 383 2832 αὐτοὺς
407 2799 631 2840 κατελείφθησαν,
652 2801 696 2828 καὶ
723 2800 775 2833 ἕως
798 2805 848 2830 τοῦ
875 2804 944 2831 Ταύ-

123 2856 171 2886 ρου
185 2844 335 2884 γενόμενοι,
365 2845 531 2884 προσωτέρω
551 2845 655 2874 ἀπιέναι
683 2846 733 2874 οὐκ
765 2847 943 2886 ἀπεθάρῥουν,

996 2348 1098 2376 nudati
1109 2348 1213 2384 copiis,
1231 2351 1261 2376 ut
1277 2348 1300 2376 si
1318 2349 1425 2384 quieos
1442 2348 1570 2384 aggressi
1599 2350 1709 2383 essent,
1738 2347 1821 2375 facile

996 2393 1074 2429 capti
1090 2402 1122 2420 ac
1139 2393 1227 2420 vincti
1245 2393 1403 2421 Botanistw
1420 2393 1516 2420 traditi
1540 2395 1648 2420 essent.
1665 2392 1721 2420 Sed
1749 2392 1820 2419 divi-

998 2446 1068 2465 num
1086 2437 1235 2465 decretum
1248 2438 1336 2465 everti
1349 2438 1410 2472 jam
1429 2446 1484 2464 non
1498 2437 1820 2473 poterat.Quamobrem

998 2486 1164 2514 Botaniates
1179 2487 1395 2514 Comnenorum
1411 2486 1544 2522 ingressu
1562 2485 1687 2522 cognito,
1713 2486 1821 2521 palatio

996 2531 1095 2558 statim
1112 2531 1226 2565 relicto,
1243 2533 1409 2566 temereque
1433 2530 1553 2566 abjcctis
1582 2531 1736 2566 purpureis
1764 2530 1822 2558 cal-

997 2576 1066 2610 ceis,
1106 2575 1279 2611 Peribleptze
1310 2576 1522 2603 monasterium
1551 2575 1713 2611 ingressus,
1736 2575 1822 2610 cujus

998 2626 1063 2660 post
1080 2624 1240 2651 Romanum
1267 2624 1409 2660 Argyrum
1442 2624 1648 2660 imperatorem
1675 2623 1822 2651 set-undas

999 2668 1312 2701 conditorvocabatur,
1329 2676 1411 2696 coma
1435 2677 1511 2704 rasa,
1541 2671 1712 2704 mutataque
1733 2669 1822 2700 veste,

999 2717 1144 2745 lucernam
1163 2717 1355 2744 monasticam
1378 2717 1482 2744 induit.
1496 2716 1550 2744 Ubi
1565 2725 1633 2744 cum
1659 2715 1823 2751 aliquandi!)

999 2761 1131 2796 vixisset,
1150 2761 1265 2796 pulvere
1276 2761 1388 2796 pulveri
1405 2762 1541 2789 restituto
1565 2761 1715 2797 sepelitur.
1739 2760 1823 2787 Com-

1001 2806 1069 2834 neni
1086 2808 1184 2834 autem
1198 2806 1360 2834 obsistente
1371 2806 1489 2834 nemine
1500 2806 1610 2841 regiam
1621 2804 1746 2841 ingressi
1757 2806 1827 2832 sunt

1001 2851 1074 2880 citra
1088 2850 1230 2885 laborem,
1245 2850 1347 2887 [plana
1367 2852 1395 2879 et
1422 2850 1558 2887 expedita
1585 2849 1641 2878 via.
1672 2848 1741 2877 Tale
1769 2848 1824 2877 fuit
