2032 3167
208 165 270 195 299

890 161 1056 194 JOANNIS
1078 160 1251 192 ZONARE

1877 164 1935 194 300

214 230 351 268 τριάοχης
366 227 434 266 ἇνήρ
453 229 584 266 μοναχὸς,
601 229 615 256 ὁ
631 228 824 267 Γραμματικὸς
840 227 1042 264 ὀνομαζόμενος
1058 225 1204 260 Νικόλαος,
1221 225 1246 253 ἐν
1264 227 1375 262 ἀσκήσει
1387 227 1432 255 τὸν
1451 227 1510 265 βίον
1527 226 1672 263 διηνυκὼς,
1689 228 1733 255 καὶ
1754 226 1824 256 οὐδὲ
1839 231 1896 262 τῆς
1911 228 1934 256 ἐν

216 273 310 312 λόγοις
327 273 448 304 παιδείας
464 273 610 310 ἆμέθεχτος
625 272 674 310 ὣν,
690 272 737 301 κᾶν
757 274 795 309 μὴ
812 271 968 309 κατακόρως
983 270 1083 305 ταύτης
1100 270 1278 309 μετέσχηκεν.

250 319 333 346 XXII.
350 319 528 346 Commenus
545 327 646 346 recens
663 320 774 354 potitus
783 326 892 351 rerum,
905 317 1037 344 nuntiata

1133 316 1189 343 KB'.
1207 316 1284 353 ’Δρτι
1311 315 1340 344 δὲ
1360 317 1409 350 τῆς
1436 314 1576 354 βασιλείας
1602 313 1779 353 ἰπιϐεόηκότι
1811 319 1855 353 τῷ
1882 318 1936 346 Κο-

213 364 330 392 Roborti
348 364 464 397 Franci,
476 365 529 391 viri
542 365 639 392 callidi
653 367 681 392 et
693 362 919 395 bellicosissimi,
936 366 1039 390 contra

213 409 407 444 Epidamnum
425 408 618 444 expeditione,
650 411 678 436 et
699 409 761 444 ipse
785 408 856 435 illuc
879 407 1036 443 profectus,

211 453 430 488 oommissoque
448 452 544 488 praelia
559 453 665 486 victus,
687 452 812 488 turpiter
826 451 911 487 fugit,
936 451 1039 478 multis

213 506 271 525 non
287 498 430 534 gregariis
445 497 591 525 militibus
608 497 759 531 duntaxat,
777 497 826 524 sed
855 496 926 524 viris
949 497 1039 524 etiam

212 542 353 579 dignitate
367 542 574 578 praestantibus
584 544 611 569 et
623 542 692 578 regii
705 541 859 577 sanguinis
868 541 1037 575 interfectis,

213 587 343 622 totisque
354 586 458 614 castris
474 587 568 622 captis
583 587 620 614 ab
635 587 782 614 hostibus.
796 586 932 621 Cumque
947 586 1038 622 impe-

210 634 290 659 rator
306 631 476 666 Byzantium
492 631 586 658 victus
602 631 736 658 redisset.
765 630 884 658 Barbari
921 629 1042 657 victoria

213 675 318 710 inﬂati,
342 675 523 703 conﬁdenter
546 683 648 702 omnes
669 675 850 707 invaserunt,
876 676 904 701 et
934 674 1041 709 oppida

215 719 348 756 quasdam
392 721 544 755 ceperunt,
575 721 606 746 ut
632 719 793 746 Castoriam
824 721 852 745 et
882 718 1040 753 Larissam,

213 763 410 800 imperatricis
425 772 540 799 quoque
565 763 646 791 urbis
671 763 818 800 excidium
847 762 1039 790 somniantes.

214 798 323 836 Verum
339 798 500 843 imperator
515 807 614 834 denuo
629 807 742 835 edactis
758 798 860 842 c'opiis,
877 808 906 834 et
934 806 1041 834 Barba-

215 853 276 881 rico
306 853 439 889 praesidio
468 853 599 880 Castoria
629 852 725 888 pulso,
757 855 858 880 contra
884 852 1041 880 Robertnm

215 898 286 931 abit,
300 897 424 933 ejusque
438 897 629 925 calliditatem
647 899 708 925 arte
732 896 834 924 eludit.
861 897 933 924 Nam
959 896 1041 924 fratri

215 942 342 970 Adriano
359 942 459 970 habitu
476 941 664 978 imperatorio
679 941 910 974 accommodato,
937 941 1043 969 exerci-

1095 361 1188 394 μνηνῷ
1211 359 1316 397 ἠγγέλη
1344 361 1358 386 ὁ
1384 360 1511 397 Φράγγος
1525 360 1694 398 Ῥομπὲρτος
1716 360 1754 392 εἰς
1783 362 1838 396 τήν
1857 362 1935 390 Ἐπί-

1093 401 1194 439 δαμνον
1227 402 1482 441 διαπεραιούμενος,
1509 404 1578 442 ἀνὴρ
1620 405 1774 444 πανοῦργός
1814 416 1845 433 τε
1888 406 1934 433 καὶ

1093 447 1330 484 πολεμικώτατος.
1356 448 1458 477 Αὐτίκα
1490 449 1581 476 τοίνυν
1612 449 1657 477 καὶ
1686 450 1700 477 ὁ
1728 450 1864 487 βασιλεὺς
1898 450 1935 486 ἐξ·

1093 492 1260 530 ςστρατευσε,
1275 493 1322 520 καὶ
1338 493 1484 531 γενόμινος
1507 493 1574 521 κατὰ
1598 495 1629 522 τὸ
1655 493 1824 532 Δυρῤάχιον,
1841 505 1936 532 προσ-

1095 534 1192 564 ϐαλλιι
1234 539 1293 570 τοῖς
1320 537 1478 574 πολεμίοις,
1506 539 1551 565 καὶ
1580 539 1709 574 ἡττηθεὶς
1736 540 1792 576 (16)
1824 539 1937 572 ἀκλεῶς

1095 578 1186 620 ἔφυγε,
1214 582 1328 610 πολλῶν
1359 581 1413 610 ἐκεῖ
1454 582 1590 610 πεσόντων
1621 583 1652 611 οὐ
1691 585 1745 610 τῶν
1784 583 1937 622 τυχόντων

1098 626 1178 662 μόνον
1199 629 1386 663 στρατιωτῶν,
1402 625 1474 654 ἀλλὰ
1499 627 1544 654 καὶ
1568 629 1622 654 τῶν
1651 626 1678 654 ἐν
1705 627 1861 666 ὑπεροχαῖς
1889 629 1937 656 καὶ

1098 670 1238 707 βασιλείου
1253 671 1443 709 τυγχανόντων
1465 670 1491 705 ἐξ
1506 669 1632 707 α’ίματος,
1647 672 1693 699 καὶ
1718 673 1735 706 ἡ
1759 670 1937 709 παρεμϐολὴ

1096 713 1221 750 ξύμπασα
1250 714 1323 742 ἑάλω
1351 717 1409 746 τοῖς
1423 715 1616 752 πολιμίος.ὐ
1646 715 1693 752 μὶν
1723 715 1769 743 οὖν
1799 716 1939 754 βασιλιὺς

1096 758 1251 794 ἡττημένος
1274 758 1423 792 ἐπανῆλθιν
1449 759 1487 791 είς
1511 760 1542 787 τὸ
1566 760 1722 794 Βυζάντιον.
1739 761 1773 789 Οἱ
1803 760 1835 788 δὶ
1861 762 1938 799 Βάρ-

1097 800 1176 840 εαροι
1213 805 1247 840 τῇ
1284 804 1344 842 νίκῃ
1377 804 1576 843 πεφυσημένοι,
1605 804 1690 841 ὁμόσε
1719 805 1788 833 κατὰ
1816 807 1934 834 πάντων

1096 846 1232 885 ἐχώρουν,
1248 848 1292 876 καὶ
1322 848 1395 876 εἶλον
1419 850 1473 876 τῶν
1499 848 1679 886 πολισμάτων
1703 850 1774 884 τινὰ,
1790 851 1829 877 ὦν
1861 851 1933 885 ἦσαν

1097 893 1114 926 ἡ
1138 892 1270 929 Καστορία
1301 903 1331 920 τι
1368 894 1412 921 καὶ
1450 895 1468 928 ἡ
1499 894 1628 931 Λάρισσα.
1659 895 1874 931 Ὠνειροπόλουν
1904 895 1934 924 δὲ

1097 937 1142 964 καὶ
1172 936 1256 971 αὐτὴν
1284 938 1334 972 τήν
1367 936 1495 976 βασιλίδα
1509 940 1565 967 τῶν
1582 938 1692 966 πόλεων
1709 939 1932 976 καταλήψεσθαι.

217 991 306 1023 tuque
319 987 387 1014 dato
403 986 534 1021 mandat,
556 989 588 1014 ut
603 988 704 1014 contra
730 986 888 1014 Robertum
917 986 944 1014 in
974 994 1037 1022 pro-

1098 980 1176 1009 Ἀλλ’
1191 982 1205 1008 ὁ
1220 981 1347 1019 βασιλεὺς
1362 983 1406 1010 καὶ
1432 981 1515 1010 πάλιν
1543 981 1722 1020 ἐκστρατεύει,
1739 984 1784 1011 καί
1810 984 1933 1012 ἀπελαύ-

210 1031 308 1059 cinctu
325 1033 393 1064 stet,
411 1038 503 1066 eoque
519 1039 647 1066 pugnam
669 1030 772 1063 ciente,
799 1033 881 1066 tergo
906 1030 973 1058 dato
1001 1031 1043 1058 fu-

214 1074 286 1111 giat,
301 1075 364 1111 ipse
379 1083 444 1102 vero
460 1083 527 1102 cum
545 1074 657 1110 reliquo
673 1074 802 1102 exercitu
824 1083 874 1110 per
903 1075 1042 1110 ambages

215 1122 244 1147 et
259 1120 338 1147 invia
348 1119 411 1147 loca
426 1118 534 1147 vallum
548 1119 724 1146 Francorum
736 1126 904 1154 aggressus,
915 1118 1044 1147 tentoria

213 1171 313 1192 eorum
331 1163 442 1199 diripit,
459 1171 662 1199 magnamque
687 1163 795 1191 cedem
819 1163 889 1190 edit.
917 1163 1041 1190 Robcrto

216 1210 313 1235 autem
330 1207 358 1234 in
377 1207 523 1235 ﬂictitium
534 1207 739 1243 imperatorem
752 1207 894 1243 impetum
908 1207 1040 1240 faciente,

216 1252 265 1280 ille
281 1260 346 1280 cum
363 1252 425 1279 suis
439 1252 543 1279 laxatis
559 1252 681 1279 habenis
698 1252 781 1287 fugit.
812 1253 874 1285 Qua
895 1252 930 1279 de
952 1259 1042 1279 causa

218 1297 363 1324 Barbarus
379 1295 473 1332 magis
488 1297 574 1324 etiam
592 1295 773 1332 gloriabatur
787 1298 816 1323 et
835 1295 1039 1329 insolescebat,

219 1341 302 1378 quasi
320 1349 405 1368 nemo
421 1341 556 1377 congredi
574 1349 673 1369 secum
693 1340 823 1368 auderet.
841 1340 960 1367 Interim
974 1348 1040 1368 vero

218 1386 353 1414 nuntiata
367 1385 436 1413 valli
463 1384 624 1413 vastatione
653 1386 681 1412 et
708 1384 829 1412 interitu
857 1391 957 1412 eorum
989 1384 1040 1419 qui

217 1430 277 1458 illic
294 1429 428 1465 fuissent,
445 1429 520 1458 ‘298
537 1429 638 1457 statim
654 1432 683 1457 et
712 1428 819 1456 animis
848 1431 876 1456 et
903 1429 1040 1456 manibus

216 1475 359 1509 dimissis,
371 1475 503 1502 recessit.
522 1476 682 1510 Imperator
696 1472 978 1509 Constantinopolim
995 1482 1040 1501 re-

214 1528 328 1556 versus,
341 1519 459 1548 insidiis
474 1518 607 1552 detectis,
624 1517 786 1553 pracipuos
814 1525 915 1544 earum
941 1519 1041 1545 aucto-

219 1573 266 1593 res
281 1563 513 1601 comprehendit,
544 1571 559 1590 e
587 1562 695 1598 quibus
724 1563 808 1589 erant
835 1563 864 1589 et
891 1560 1040 1597 legionum

218 1610 320 1644 duces,
335 1611 364 1636 et
380 1608 463 1636 multi
481 1616 515 1636 ex
542 1607 734 1643 popularibus
762 1608 791 1633 et
816 1606 947 1642 patribus
972 1615 1041 1635 con-

218 1653 347 1688 scriptis,
361 1653 410 1688 qui
426 1651 637 1687 conjurationis
651 1659 716 1678 esse
729 1650 838 1678 conscii
850 1651 1039 1686 putabantur,

219 1697 293 1724 falso
310 1696 452 1732 plerique,
469 1698 502 1723 ut
522 1696 629 1727 ferunt,
654 1703 688 1722 ea
708 1695 744 1722 de
767 1703 856 1722 causa
879 1695 909 1722 in
931 1695 1041 1724 crimen

221 1740 327 1774 vocati,
344 1742 376 1767 ut
391 1739 476 1768 bonis
502 1739 695 1775 privarentur.
718 1739 900 1775 Compressis
924 1740 1043 1768 Roberti

219 1783 513 1818 insultibus,aliunde
526 1783 646 1811 Romani
660 1784 773 1819 imperii
786 1783 885 1812 hostes
896 1785 1041 1813 exstitere.

220 1829 294 1857 Nam
310 1828 408 1863 Turci,
425 1828 540 1856 Oriente
568 1828 701 1861 subacto,
730 1837 765 1856 ne
788 1828 895 1856 insulis
921 1829 1041 1864 quidem

219 1871 553 1900 abstinebant.Tzacbas
564 1872 642 1899 enim
656 1872 779 1905 Turcus,
787 1880 844 1899 non
855 1872 978 1900 illustris
993 1873 1042 1901 ille

218 1916 348 1952 quidem,
365 1915 415 1943 sed
432 1915 475 1942 vir
488 1923 554 1943 acer
568 1918 597 1943 et
610 1924 720 1951 magnai
747 1915 955 1952 improbitatis,
972 1925 1039 1944 cum

217 1961 319 1998 paucis
335 1960 476 1988 naviculis
491 1960 588 1988 insula
602 1960 673 1989 Chio
698 1969 732 1988 ex
757 1960 914 1996 improviso
943 1964 1038 1998 capta,

217 2008 245 2033 et
261 2006 354 2033 classe
370 2005 408 2033 ibi
424 2005 577 2040 aediﬁcata,
594 2006 731 2041 Lesbum,
747 2008 879 2038 Samum,
894 2006 1037 2042 Rhodum,

215 2053 245 2078 et
260 2050 359 2086 plures
376 2049 448 2078 alias
463 2049 576 2077 insulas
606 2050 777 2086 occupavit:
806 2051 885 2078 unde
908 2053 1006 2079 tamen
1021 2060 1039 2079 a

215 2095 348 2123 Romana
362 2094 454 2122 classe
468 2094 578 2130 lpulsus
608 2097 662 2122 est.
693 2095 746 2122 Sed
777 2096 807 2122 et
834 2094 932 2122 insula
955 2095 1038 2124 Creta

215 2142 302 2175 atque
322 2139 409 2166 etiam
439 2138 551 2175 Cyprus
579 2139 759 2174 defecerunt,
787 2138 879 2167 altera
898 2148 914 2167 a
938 2139 1037 2168 Carice

213 2185 363 2218 occupata,
381 2182 551 2218 imperatori
569 2191 599 2210 se
615 2186 790 2218 opponente,
822 2183 912 2211 altera
928 2192 944 2211 a
959 2184 1035 2212 Rha-

212 2229 388 2264 psommato.
405 2226 512 2254 Verum
529 2226 573 2254 ba:
589 2235 705 2262 quoque
721 2226 812 2254 multo
828 2229 894 2262 post
904 2227 1035 2256 Romano

209 2274 333 2310 imperio
349 2274 419 2300 sunt
434 2274 620 2308 recuperatae.
638 2272 720 2300 Unde
734 2273 893 2307 imperator
921 2273 1035 2309 impen-

209 2326 310 2347 sorum
322 2325 422 2353 egens,
439 2317 566 2352 pecuniis
583 2317 721 2345 faciendis
737 2317 876 2352 rationes,
895 2318 1033 2347 aratione

1098 1037 1138 1054 νει
1154 1026 1201 1063 μὶν
1213 1030 1264 1061 τῆς
1278 1027 1429 1065 Καστορίας
1444 1026 1508 1058 τοὺς
1534 1027 1621 1062 αὐτὴν
1646 1030 1834 1067 φρουροῦντας
1865 1030 1930 1067 Βαρ-

1097 1068 1209 1108 ϐάρους,
1226 1071 1316 1098 ἄπεισι
1340 1070 1370 1099 δὶ
1389 1072 1458 1098 κατὰ
1481 1073 1530 1099 τοῦ
1556 1072 1738 1110 Ῥομπὲρτου,
1761 1073 1809 1101 καὶ
1839 1084 1924 1110 στρατ-

1097 1116 1221 1153 ηγήματι
1235 1115 1284 1150 τὴν
1301 1115 1402 1143 ἐκείνου
1430 1114 1574 1152 δεινότητα
1599 1116 1713 1153 μέτεισι.
1729 1119 1774 1153 Τῷ
1806 1119 1855 1154 μὲν
1880 1119 1926 1157 Ti?

1097 1158 1207 1198 ἀδελφῷ
1220 1158 1356 1198 ’Δδριανῷ
1370 1160 1401 1188 τὸ
1422 1164 1521 1198 σχῆμα
1534 1161 1566 1188 τὸ
1588 1160 1730 1199 βασιλικὸν
1759 1163 1928 1200 περιτίθησι,

1096 1203 1140 1230 καὶ
1165 1203 1318 1241 στράτευμα
1344 1202 1407 1236 δοὺς
1436 1204 1520 1241 αὐτῷ,
1536 1205 1658 1233 ἔναντίον
1686 1208 1736 1233 τοῦ
1755 1207 1929 1245 Ῥομπέρτου

1096 1251 1190 1282 στῆναι
1220 1247 1415 1276 διακελεύεται.
1433 1249 1465 1276 El
1491 1247 1515 1277 δ’
1529 1249 1634 1282 ἐκεῖνος
1659 1250 1777 1287 ὁρμήσιι
1803 1252 1930 1290 μαχέσα-

1096 1298 1167 1327 σθαι,
1196 1292 1307 1330 στρέψαι
1335 1292 1368 1320 τὰ
1395 1295 1468 1321 νῶτα
1495 1293 1540 1321 καὶ
1574 1293 1671 1322 αὐτίκα
1699 1297 1804 1333 φυγεῖν.
1835 1298 1928 1324 Ταῦτα

1097 1337 1145 1373 μὲν
1179 1335 1224 1364 οὖν
1262 1338 1302 1374 τῷ
1340 1336 1570 1376 ἐσχηματισμένῳ
1611 1338 1719 1376 βασιλεῖ
1747 1339 1925 1368 ἆνετείλατο·

1095 1380 1197 1413 ὶκεῖνος
1222 1380 1251 1409 δὲ
1276 1382 1343 1419 μετὰ
1365 1385 1415 1417 τῆς
1443 1381 1544 1418 λοιπῆς
1558 1387 1685 1421 στρατιᾶς
1701 1382 1736 1412 δι’
1762 1383 1834 1413 ὁδῶν
1851 1385 1927 1421 ἀδή-

1095 1425 1151 1454 λων
1165 1425 1352 1465 περιοδεύσας,
1364 1427 1409 1454 καὶ
1423 1429 1464 1463 τῷ
1477 1429 1532 1455 τῶν
1552 1428 1688 1466 Φράγγων
1710 1426 1840 1465 ἐμϐαλὼν
1870 1430 1928 1468 χεί-

1095 1480 1168 1508 ρακι,
1195 1471 1243 1501 τάς
1270 1481 1300 1498 τε
1329 1471 1429 1506 σκηνὰς
1446 1471 1535 1499 αὐτῶν
1551 1473 1594 1500 καὶ
1610 1472 1644 1499 τὰ
1669 1472 1694 1499 ἄν
1725 1472 1820 1505 αὐταῖς
1848 1473 1928 1510 ἐληΐ-

1095 1525 1170 1550 σατο,
1187 1515 1231 1543 καὶ
1247 1516 1328 1555 φόνον
1345 1515 1432 1544 πολὺν
1447 1515 1607 1552 ἐποιήσατο.
1625 1518 1680 1546 Τοῦ
1701 1518 1872 1556 Ῥομπὲρτου
1899 1518 1928 1547 δὴ

1095 1560 1163 1587 κατὰ
1177 1562 1224 1588 τοῦ
1252 1559 1490 1599 ἐσχηματισμένοτ
1518 1560 1653 1599 βασιλέως
1675 1562 1848 1600 ὁρμήσαντος
1878 1565 1927 1591 κά.

1095 1607 1183 1636 κιῖνος
1197 1605 1242 1632 καὶ
1257 1606 1275 1640 ἡ
1292 1606 1337 1632 σὺν
1353 1605 1426 1641 αὖτῷ
1441 1606 1553 1643 στρατιὰ
1567 1606 1600 1633 τὰ
1621 1605 1725 1644 χαλινὰ
1752 1606 1927 1645 χαλάσαντος

1097 1646 1209 1688 ἔφυγον.
1226 1650 1256 1678 Ὁ
1272 1649 1300 1677 δὶ
1318 1647 1455 1688 βάρϐαρος
1470 1649 1583 1688 ἐγαυρία
1599 1649 1708 1686 μᾶλλον
1733 1651 1778 1679 καὶ
1807 1651 1924 1690 ὶπῆρτο,

1098 1693 1135 1724 ὡς
1149 1694 1377 1732 ἀπροσμάχητος.
1395 1694 1438 1722 Ἐν
1454 1693 1544 1731 τούτῳ
1560 1693 1583 1722 δ’
1598 1694 1761 1732 ἀγγιλλεται
1777 1696 1854 1732 αὐτῷ
1874 1699 1925 1725 τοῦ

1096 1737 1216 1776 χάρακος
1230 1739 1247 1773 ἡ
1265 1736 1438 1776 ἆκπόρθησις,
1453 1738 1498 1766 καὶ
1514 1740 1531 1774 ὴ
1548 1739 1636 1778 φθορὰ
1653 1741 1706 1766 τῶν
1731 1739 1797 1774 ἐκιῖ,
1812 1741 1859 1768 καὶ
1881 1741 1924 1768 εὖ·

1096 1782 1142 1813 θὺς
1169 1785 1282 1820 παρεῖτο
1309 1783 1354 1810 καὶ
1383 1782 1430 1814 τὰς
1451 1786 1557 1821 χεῖρας,
1581 1784 1625 1810 καὶ
1659 1784 1709 1818 τὴν
1745 1786 1851 1822 ψυχὴν,
1877 1786 1924 1813 καὶ

1097 1827 1182 1854 ἀπιὼν
1198 1825 1299 1864 ᾤχετο.
1315 1827 1345 1856 '0
1360 1825 1388 1854 δὶ
1405 1826 1532 1865 βασιλεὺς
1545 1827 1698 1856 ἐπανελθὼν
1715 1828 1753 1860 εἷς
1768 1830 1818 1864 τήν
1850 1833 1924 1857 Κων-

1095 1871 1247 1906 ο-εαντίνου,
1265 1872 1428 1908 μηνυθιίσης
1443 1870 1594 1908 ἐπιϐουλῆς
1609 1873 1693 1909 αὐτῷ,
1706 1873 1771 1905 τούς
1799 1884 1829 1902 τι
1858 1875 1923 1902 ταύ-

1094 1926 1142 1951 της
1170 1915 1365 1954 πρωτουργοὺς
1395 1917 1523 1955 συνέσχεν
1549 1916 1579 1944 ἐκ
1600 1919 1653 1944 τῶν
1680 1920 1857 1956 ταγματικῶν
1879 1917 1924 1947 ὅν-

1093 1971 1140 1992 τας
1155 1960 1296 1999 ἀρχόντων
1313 1960 1358 1988 καί
1372 1960 1494 1992 πολλοὺς
1508 1963 1562 1989 τῶν
1577 1961 1720 2000 ἐγχωρίων
1736 1963 1782 1990 καὶ
1797 1966 1849 1998 τῆς
1863 1974 1924 2002 συγ-

1093 2005 1197 2040 κλήτου
1215 2004 1329 2043 βουλῆς,
1346 2005 1383 2037 ὡς
1401 2006 1470 2043 τάχα
1485 2006 1642 2042 συνίστορας
1657 2007 1720 2038 τοὺς
1743 2007 1867 2043 πλείους,
1885 2009 1923 2040 ὥς

1093 2061 1183 2088 φασιν,
1201 2049 1231 2077 οὐ
1248 2048 1276 2077 δὲ
1299 2050 1367 2086 πρὸς
1392 2048 1532 2085 ἀλήθειαν,
1549 2048 1614 2077 ἀλλ’
1625 2049 1672 2078 ’ἶνα
1700 2054 1768 2090 σφᾶς
1787 2052 1922 2090 γυμνώσῃ

1091 2097 1144 2122 τῶν
1169 2094 1356 2132 ὑπαρχόντων.
1371 2094 1404 2122 Ἡ
1430 2095 1477 2130 μὲν
1505 2093 1552 2122 οὖν
1577 2096 1626 2122 τοῦ
1641 2095 1809 2133 Ῥομπέρτου
1834 2095 1925 2124 ἐπίθε-

1092 2150 1133 2171 σις
1149 2138 1280 2173 πέπαυτο,
1296 2139 1425 2177 ὶτέρωοιν
1442 2138 1465 2166 δ’
1480 2139 1557 2170 αὖθις
1571 2141 1605 2176 τῇ
1621 2140 1763 2177 Ῥωμαίων
1786 2141 1923 2178 ἡγεμονίᾳ

1091 2184 1186 2222 ἐχθροὶ
1209 2183 1406 2212 ἐπανίστανται.
1423 2183 1454 2210 Ol.
1471 2183 1523 2221 γὰρ
1547 2185 1674 2221 Τοῦρκοι,
1690 2184 1740 2219 τὴν
1766 2185 1853 2221 Ἐῴαν
1877 2186 1922 2224 ὑφ’

1091 2228 1202 2259 ἑαυτοὺς
1230 2228 1424 2264 ποιησάμενοι,
1455 2226 1517 2255 οὐδὲ
1543 2230 1597 2256 τῶν
1633 2229 1724 2264 νήσων
1753 2229 1917 2267 ἀπέσχοντο·

1089 2272 1170 2301 Ἀλλ’
1184 2274 1198 2300 ὁ
1212 2274 1329 2310 Τζαχᾶς,
1344 2274 1465 2308 Τοῦρκος
1482 2270 1510 2299 δὲ
1524 2272 1569 2299 καὶ
1586 2272 1678 2308 οὗτος,
1695 2273 1725 2300 οὐ
1751 2275 1806 2300 τῶν
1823 2273 1918 2312 ἐπιφα-

1087 2321 1154 2354 νῶν,
1170 2316 1253 2348 δεινὸς
1269 2315 1297 2344 δὲ
1310 2315 1355 2343 καὶ
1371 2316 1420 2350 τὴν
1436 2315 1569 2354 πονηρίαν
1584 2316 1681 2354 ⁴πολὺς,
1697 2315 1742 2345 διὰ
1764 2316 1918 2356 πλοιαρίων

849 2399 951 2431 Variae
965 2400 1116 2434 lectiones
1130 2404 1163 2432 et
1177 2403 1271 2431 notae.

245 2467 298 2501 (16)
312 2465 364 2493 Καὶ
386 2463 523 2500 ἡττηθείς.
554 2465 593 2492 De
623 2465 676 2493 hac
704 2465 822 2493 Robsrti
846 2466 968 2494 victoria
996 2468 1033 2496 ad

209 2502 413 2539 Dyrrachium,
429 2501 471 2539 sic
488 2501 587 2539 Lupus
609 2502 821 2539 protospatba;
847 2502 927 2539 Anno
953 2503 1032 2539 1082,

210 2536 260 2566 hac
271 2545 343 2565 anno
357 2537 530 2572 complentur
544 2536 577 2564 ab
592 2536 674 2564 initio
690 2538 790 2565 mundi
803 2538 884 2571 6281,
900 2539 934 2566 ab
962 2536 1034 2568 Ηνὴρ

209 2575 272 2607 824,
289 2574 404 2601 Alczius
421 2574 578 2609 imperator,
591 2574 703 2600 colleclo
715 2574 817 2607 grandi
830 2575 1033 2609 exercitujniit

210 2610 314 2639 bellum
323 2617 386 2636 cum
403 2609 515 2636 Robcrlo
530 2608 596 2646 duce
625 2609 700 2646 haud
724 2609 804 2643 longe
826 2618 843 2636 a
867 2611 1030 2646 Dyrrachio,

207 2649 233 2675 cl
255 2649 334 2680 terga
362 2652 453 2672 versus
480 2645 563 2679 (agit,
590 2644 799 2681 cecirleruntque
826 2646 857 2672 in
885 2644 917 2674 ea
937 2644 1033 2681 pugna

205 2681 440 2719 plusquam__(_iQOQ
454 2687 488 2707 ea:
497 2687 569 2719 βίω,
581 2682 702 2719 [uerunt
713 2684 807 2709 autem
823 2682 852 2719 in
861 2682 920 2716 ejus
935 2689 1029 2719 ἐξειν-

205 2716 306 2746 ὶ’ἰια70
320 2717 412 2744 millia
428 2716 580 2753 hominum.
612 2716 650 2744 De
677 2717 771 2745 altera
798 2718 834 2745 ad
863 2717 1030 2753 Cassiopem

207 2753 323 2782 Roberti
338 2752 469 2781 victoria,
487 2759 574 2782 uuam
599 2752 686 2779 etiam
715 2754 799 2780 Anna
822 2752 1032 2782 commemorat

207 2791 249 2818 sic
265 2789 313 2817 ille
329 2789 365 2818 ad
377 2797 425 2817 an.
438 2787 507 2816 1085
520 2797 526 2815 :
544 2788 696 2816 Prwdiclus
710 2789 769 2817 dua:
781 2788 882 2825 grandi
910 2797 1030 2825 appara-

206 2827 236 2852 tu
250 2826 374 2859 navium,
393 2824 796 2860 hominumqueinnumerabili
803 2825 926 2853 exercitu
935 2825 1028 2854 Brun-

1089 2467 1252 2504 dusiopolim
1266 2466 1378 2494 veniens
1405 2467 1530 2504 deposita
1556 2466 1660 2495 ibidem
1688 2467 1784 2495 navali
1811 2467 1914 2497 machi-

1088 2502 1215 2536 natione,
1226 2504 1367 2538 ingressus
1382 2506 1422 2530 est
1435 2502 1607 2531 Adriaticum
1620 2504 1745 2539 pelagus,
1774 2505 1914 2538 perrexit-

1087 2548 1138 2575 que
1154 2540 1184 2566 in
1200 2540 1320 2566 insulam
1330 2539 1442 2575 nomine
1457 2539 1620 2574 Cassiopim,
1636 2540 1686 2567 ubi
1707 2539 1800 2567 δίοιτο
1829 2540 1912 2569 Vene-

1087 2574 1215 2607 iicorum,
1229 2577 1255 2603 et
1269 2575 1345 2610 ﬁlius
1356 2574 1434 2611 ducis
1449 2575 1569 2604 Venetia
1591 2583 1654 2603 cum
1675 2575 1810 2611 plurimos
1831 2584 1913 2604 nam-

1087 2611 1147 2645 bus,
1162 2613 1221 2639 erat
1237 2612 1356 2646 infestus
1370 2610 1435 2638 duci
1462 2611 1594 2639 Roberlo:
1620 2610 1762 2639 sed’bcllo
1787 2612 1816 2639 in
1837 2613 1914 2640 mari

1087 2648 1162 2675 inter
1175 2655 1219 2675 eos
1233 2648 1365 2682 confecto,
1381 2647 1499 2674 victoria
1514 2646 1550 2674 ad
1577 2646 1749 2676 Normannos
1767 2648 1908 2675 concessit.

1086 2683 1163 2712 635a
1175 2687 1240 2711 sunt
1254 2684 1283 2710 in
1299 2691 1331 2710 ea
1346 2691 1439 2718 pugna
1454 2682 1603 2718 plusquam
1617 2683 1738 2719 quinque
1752 2683 1843 2719 millia
1857 2683 1909 2711 ho-

1085 2721 1193 2747 minum
1204 2729 1213 2746 :
1228 2723 1367 2754 praeterea
1383 2719 1505 2754 quinque
1531 2726 1611 2746 naves
1622 2718 1719 2754 captae
1733 2721 1758 2747 at
1772 2718 1833 2746 duae
1847 2727 1911 2747 cum

1085 2755 1242 2784 hominibus
1257 2756 1495 2791 submarswrsum,
1511 2755 1551 2782 ita
1564 2756 1652 2790 utqui
1664 2755 1789 2790 gladium
1797 2757 1910 2791 potuere

1085 2792 1199 2820 evadere
1214 2791 1363 2824 bellatoris,
1376 2790 1469 2827 pelagi
1483 2798 1529 2819 eos
1543 2798 1640 2826 vorago
1657 2792 1781 2826 glulirel.
