1977 3154
73 175 122 204 301

701 173 911 205 ANNALIUM
931 173 1007 205 LIB.
1029 175 1136 206 XVIII.

1714 181 1775 211 302

72 238 168 277 ὀλίγων
204 238 316 266 ἀνωΐστὶ
495 238 552 276 Χίῳ
576 238 801 277 προσορμισθεὶς,
829 249 880 266 κατ

952 239 1144 270 humanitatis
1159 243 1348 272 abhorrentes
1367 245 1570 281 exeognitavit,
1587 247 1772 275 exaotoribus

72 284 130 321 ἔσχε
154 283 268 319 ταύτην,
284 284 329 310 καὶ
359 282 457 311 στόλον
472 283 498 311 ἐν
514 284 581 321 αὐτῇ
598 286 741 322 ναυπηγεῖ,
760 282 782 311 δ’
799 283 830 311 οὗ
844 284 894 318 τήν

70 339 96 356 τε
124 325 226 355 Λέσϐον
255 327 405 366 ἀνήρπασε,
421 328 466 356 καὶ
495 329 544 363 τὴν
564 328 666 365 Σάμον,
693 329 743 364 τήν
756 339 785 355 τε
800 326 892 355 Ῥόδον

72 373 110 412 ὑφ’
124 372 217 400 ἑαυτὸν
235 371 395 408 ἐποιήσατο,
423 373 467 400 καὶ
492 371 606 402 πλείους
620 371 706 403 ἄλλας
720 375 774 399 τῶν
790 373 891 407 νήσων,

71 416 201 453 Ἐξηλάθη
218 416 243 444 δ’
269 416 343 449 αὖθις
373 417 473 453 αὐτῶν,
503 416 603 444 στόλου
631 418 787 454 Ῥωμαϊκοῦ
812 416 891 444 ἐπελ-

71 460 156 493 θόντος
183 464 246 493 ταῖς
273 460 375 488 ἐκείνου
404 462 546 499 τριήρεσι.
585 461 637 490 Καὶ
667 463 684 496 ἡ
713 462 794 495 νῆσος
822 459 844 487 δ’
872 462 889 495 ἠ

70 507 165 543 Κρήτῃ,
195 506 264 544 πρὸς
291 504 319 533 δὲ
342 507 376 543 τῇ
401 506 476 540 καὶὴ
493 505 604 544 Κύπρος
634 505 799 533 ἀποστασίαν
832 505 889 533 lvd-

68 561 144 585 σησαν
181 551 233 585 τήν
275 551 322 587 μὶν
359 549 407 577 τοῦ
445 550 549 588 Καρίκη
590 550 803 588 κατεσχηκότος,
844 549 889 577 καὶ

67 593 223 633 ἀπάραντος
251 597 333 632 χεῖρα
346 597 387 630 τῷ
403 593 521 632 βασιλεῖ,
537 595 583 622 τὸν
605 595 714 632 Κύπρον
732 593 759 622 δέ
787 605 818 632 γε
840 596 888 622 τοῦ

66 639 277 676 Ῥαψομμάτου.
303 639 390 668 Ἀλλὰ
410 639 456 667 καὶ
479 639 556 666 αὗται
581 641 615 676 τῇ
640 638 783 675 Ῥωμαίων
813 639 888 670 αὖθις

66 684 110 712 οὐκ
132 683 169 715 εἷς
201 683 308 723 μακρὰν
338 684 546 719 ἔπινεσώθησαν
571 683 725 721 ἡγεμονίᾳ.
751 684 885 711 Ἐντεῦθεν

66 728 230 766 ὁβασιλεὺς,
256 727 445 765 ἀναλωμάτων
468 726 608 765 δεόμενος,
632 725 750 766 τρόπους
766 728 887 764 ἀποτρο-

65 773 156 804 παίους
180 772 323 810 συλλογῆς
346 773 500 810 χρημάτων
531 772 675 810 ἐξεύρισκε,
705 772 750 800 καὶ
774 772 885 803 ὀφειλᾶς

66 816 166 848 ἀδίκους
190 821 302 856 εισῆγον
336 818 403 845 κατᾶ
426 819 480 845 τῶν
507 817 656 854 ἀνθρώπων
687 817 712 844 οἳ
742 816 784 844 ἐπ’
812 817 885 853 αὐτῷ

65 861 227 900 τεταγμένοι,
257 862 303 890 καὶ
338 861 492 900 ἀφῃροῦντο
529 863 577 892 τὰς
607 861 707 892 οῗκείας
737 861 829 892 οὐσίας
858 861 884 888 οἱ

68 906 142 943 μηὶὲν
181 905 298 937 δικαίως
334 905 501 944 ὀφείλοντες.
541 907 677 938 Ἐντεῦθεν
716 906 884 944 ἀπογραφεῖς

65 953 197 990 πανταχοῦ
220 953 277 978 τῶν
306 950 332 978 ἐν
354 951 450 988 ἀγροῖς
477 951 522 979 καὶ
551 950 669 989 χωρίοις
698 949 883 989 διαφερουσῶν

64 999 114 1027 τοῖς
130 996 265 1031 ὑπηκόοις
282 994 443 1023 ἐστᾶλλοντο
470 997 603 1031 κτήσεων,
619 995 664 1022 καὶ
679 995 712 1023 τὰ
727 995 806 1022 καινὰ
828 997 881 1022 τῶν

65 1039 196 1077 ὀνομάτων
222 1040 399 1075 ἐπινενόηηο,
429 1040 463 1068 τὰ
491 1040 639 1078 Ὑπέρτιμα
667 1041 725 1076 (17)
740 1039 812 1076 λέγω
837 1038 881 1066 γαὶ

62 1086 91 1112 τὲ
115 1084 287 1123 ’ὶ“πίρπλεα,
318 1085 362 1112 καὶ
389 1084 491 1112 ἄλλοτε
519 1084 602 1113 ἄλλοι
626 1085 724 1122 τρόποι
747 1084 881 1121 ἐπηρειῶν

63 1129 122 1157 κατὰ
134 1131 186 1156 τῶν
208 1128 341 1164 ὑπηκόων
367 1129 520 1166 εἰσήγοντο,
541 1129 586 1157 καὶ
609 1129 669 1167 ἰερὰ
694 1127 717 1156 δ’
738 1128 882 1168 ἀφῄρηντο

64 1174 89 1202 ἐκ
101 1173 175 1206 θείων
196 1176 282 1202 ναῶν.
307 1173 392 1205 Οῦτος
421 1175 435 1201 ὁ
462 1173 599 1212 βασιλεὺς,
627 1174 673 1200 καὶ
701 1173 732 1200 τὸ
761 1173 883 1209 νόμισμα

63 1216 301 1254 κεκιϐδηλευμένον
338 1219 412 1256 παρὰ
447 1221 500 1246 τῶν
535 1218 588 1256 πρὸ
625 1217 707 1245 αὐτοῦ
746 1217 881 1254 εὑρηκὼς,

62 1262 169 1300 χάλκεον
193 1261 289 1297 ἔθετε,
324 1263 346 1299 ᾧ
375 1262 413 1294 εἰς
440 1262 475 1290 τὰ
502 1265 552 1298 τῆς
583 1261 721 1300 βασιλείας
749 1261 881 1299 ἐκέχρητο

63 1306 229 1344 ἀναλώματα,
260 1306 326 1338 τοὺς
343 1306 371 1334 δέ
383 1317 414 1345 γε
438 1307 541 1346 φόρους
572 1305 616 1334 διὰ
643 1307 780 1344 χρυσίνων
808 1305 881 1333 δοκί-

64 1363 113 1388 μων
129 1351 298 1388 εἰσέπραττε,
327 1355 365 1386 πῆ
390 1350 419 1379 δέ
438 1362 469 1389 γε
490 1352 534 1379 καὶ
558 1350 593 1379 δι’
623 1351 719 1388 ἐτέρων
750 1351 881 1389 χρυσίνων

64 1397 103 1432 μὲν
118 1396 261 1432 κᾶικιίνων⁹
288 1395 351 1424 ἀλλ’
377 1395 552 1434 ἡμιχρύσων.
583 1397 660 1424 Ἔστι
681 1394 703 1423 δ’
720 1396 751 1423 οὗ
775 1396 819 1422 καὶ
837 1395 881 1423 διὰ

60 1443 104 1468 τῶν
127 1439 255 1478 χαλκέων
289 1439 479 1480 ἑδασμοφόρει.
509 1441 588 1469 ’Όθεν
615 1439 724 1478 χαλκοῦ
751 1438 879 1476 δεόμενος

61 1484 174 1516 πλείονος
191 1508 198 1520 ,
227 1484 297 1517 τοὺς
323 1483 441 1516 ὀϐολοὺς
470 1484 508 1516 εἷς
535 1484 658 1522 νόμισμα
689 1483 877 1521 μετετύπωσε,

60 1529 96 1556 καὶ
119 1533 177 1557 τινᾶ
190 1532 246 1557 τῶν
267 1528 408 1566 δημοσίων
424 1528 511 1567 ἔργων
537 1529 590 1556 τῶν
618 1527 876 1566 χαλκουργημάτων

62 1575 120 1612 φημὶ
158 1574 346 1608 κατασπάσας,
388 1574 426 1605 είς
464 1577 616 1611 στρατῆρας
653 1573 790 1610 συνέκοψε,
833 1573 877 1600 καὶ

948 284 1049 321 iniqua
1060 287 1168 315 tributa
1179 288 1484 323 postulantibus,etiis
1497 290 1771 326 bonaeripientibus

948 329 997 365 qui
1016 330 1086 357 nihil
1110 332 1263 359 debebant.
1287 332 1389 369 Itaque
1415 337 1617 370 procuratores
1642 335 1773 371 quolibet

947 374 1149 408 mittebantur,
1166 376 1213 410 qui
1230 378 1434 412 possessiones
1449 379 1636 406 subditorum
1653 379 1682 407 in
1692 381 1773 415 agris

946 421 975 446 et
990 419 1107 454 praediis
1123 420 1334 454 describerent,
1350 431 1382 450 ac
1400 423 1482 449 novis
1498 423 1668 451 nominibus
1685 432 1772 452 exco-

945 463 1056 498 gitatis,
1073 472 1106 491 ea
1122 464 1286 500 hypertima
1300 468 1329 493 et
1344 467 1511 502 hyperplea,
1529 467 1769 503 appellabantur:

945 510 1031 542 atque
1054 508 1126 536 alias
1156 509 1203 536 alii
1234 511 1422 538 vexationum
1442 512 1520 539 modi
1536 512 1769 547 reperiebantur,

943 552 994 578 sed
1011 552 1131 581 donaria
1147 561 1162 580 ο
1174 554 1292 589 templis
1310 555 1528 582 auferebantur.
1547 556 1625 584 ldem
1638 557 1767 592 impera-

942 597 988 622 tor
1003 596 1072 624 dum
1089 600 1235 625 monetam
1251 607 1268 625 a
1292 599 1496 627 decessoribus
1521 600 1584 628 suis
1614 602 1768 629 adultera-

942 642 1002 667 tam
1019 642 1184 677 reperisset,
1194 651 1303 670 aeneam
1316 644 1382 671 fecit
1397 652 1454 679 qua
1465 644 1494 671 in
1505 645 1618 680 imperii
1631 647 1767 681 expensis

942 687 1094 713 uteretur:
1112 686 1141 713 in
1167 687 1360 722 vectigalibus
1374 697 1440 716 vero
1456 689 1563 724 probos
1579 698 1683 718 aureos
1706 691 1766 718 exi-

941 729 1036 765 gebat,
1062 730 1221 767 aliquando
1249 732 1334 760 etiam
1365 741 1492 761 numnos
1507 733 1695 768 semiaureos,
1724 735 1768 762 in-

940 775 1056 802 terdum
1087 784 1186 802 aereos.
1216 776 1288 803 Cum
1309 776 1401 813 igitur
1425 786 1480 805 mre
1495 780 1604 814 egeret,
1620 787 1655 806 ex
1671 779 1764 807 obolis

940 826 1078 847 nummos
1094 820 1172 853 fecit,
1192 823 1221 848 et
1236 829 1322 855 opera
1339 821 1472 856 quaedam
1489 822 1606 857 publica
1620 831 1700 850 aenea
1714 823 1764 851 de-

940 863 1055 897 struxit,
1073 867 1105 892 ut
1132 867 1255 892 steteras
1271 865 1338 893 inde
1363 866 1493 899 cuderet,
1524 875 1612 894 novas
1642 875 1758 903 quoque

939 907 1064 936 decimas
1080 909 1215 936 instituit.
1233 909 1434 945 Puella,quam
1451 913 1580 946 Augusta
1596 914 1760 948 pepererat,

937 952 1020 980 Anna
1035 957 1078 980 est
1102 953 1258 989 appellata,
1275 957 1393 990 propter
1422 954 1527 988 aviam,
1558 957 1587 983 et
1614 956 1762 991 desponsa

938 996 1034 1024 Mariae
1049 996 1146 1024 Aleuae
1170 997 1230 1026 tilio
1244 999 1450 1026 Constantino:
1477 1007 1535 1034 quo
1551 1001 1618 1027 ante
1642 999 1760 1035 nuptias

938 1044 1063 1076 mortuo,
1081 1043 1213 1070 eamdem
1226 1043 1289 1078 jam
1306 1042 1435 1070 nubilem
1453 1043 1608 1079 Nicephori
1633 1044 1760 1079 Bryenii,

937 1094 1023 1121 quem
1044 1095 1134 1122 supra
1150 1095 1378 1114 memoravxmus
1394 1088 1429 1114 ob
1448 1088 1527 1123 regni
1544 1088 1759 1116 aﬁ'ectationem

937 1133 1111 1158 exciecatum
1128 1130 1228 1164 fuisse,
1245 1130 1304 1158 ﬁlio
1320 1133 1390 1158 natu
1411 1132 1515 1166 majori
1532 1140 1651 1160 uxorem
1667 1133 1759 1160 dedit.

938 1175 1200 1211 Panhypersebasti
1229 1175 1349 1203 titulum
1378 1176 1472 1204 eidem
1496 1176 1663 1212 impertitus
1683 1178 1759 1205 299

936 1219 1041 1247 Filium
1071 1220 1139 1247 inde
1164 1219 1220 1246 sibi
1245 1222 1358 1254 natum,
1385 1223 1414 1248 et
1443 1229 1460 1248 a
1484 1221 1650 1256 patriarcha
1675 1230 1758 1250 sacro

936 1264 1113 1299 baptismate
1136 1264 1165 1291 in
1181 1264 1291 1300 templo
1316 1264 1406 1292 divini
1422 1263 1508 1292 Verbi
1536 1265 1689 1301 Sspienliaa
1708 1266 1761 1293 ba-

936 1310 1088 1345 ptizatum,
1101 1308 1244 1336 Joannem
1254 1308 1582 1345 appellavit,statimque
1593 1310 1759 1338 diademate

936 1353 1059 1381 ornavit.
1089 1352 1190 1380 Eidem
1218 1353 1267 1380 alii
1297 1361 1410 1390 quoque
1440 1354 1497 1381 duo
1527 1354 1587 1382 nati
1611 1356 1680 1382 sunt
1694 1355 1757 1391 ﬁlii,

935 1396 1121 1424 Andronicus
1137 1398 1165 1424 et
1183 1397 1321 1432 Isaacius,
1338 1399 1366 1424 et
1389 1397 1452 1425 aliis
1467 1399 1527 1426 tres
1553 1398 1631 1434 ﬁlim,
1656 1400 1756 1427 Maria.

934 1441 1087 1468 Theodora
1110 1443 1139 1468 et
1163 1441 1301 1469 Eudoxia.
1317 1441 1437 1469 Mariam
1467 1443 1624 1478 despondit
1655 1444 1756 1472 Gabraa

933 1485 1015 1513 illius
1030 1485 1174 1513 Theodori
1191 1485 1300 1513 sebasti
1316 1487 1345 1513 et
1371 1486 1508 1522 martyris
1531 1486 1591 1514 ﬁlio
1605 1488 1754 1523 Gregorio.

933 1530 1043 1558 Deinde
1055 1530 1195 1557 afﬁnitate
1205 1538 1256 1565 pro
1269 1538 1323 1557 sua
1333 1530 1455 1557 libidine
1467 1531 1630 1566 repudiata,
1644 1531 1755 1567 illoque

932 1574 1065 1607 dimisso,
1083 1573 1172 1601 alium
1204 1573 1270 1601 ﬁlia:
1295 1582 1437 1609 sponsum
1467 1574 1580 1610 ascivit,
1610 1575 1753 1603 Pborbeni

61 1618 111 1650 νέας
137 1617 249 1650 δεκάτας
283 1617 433 1647 ικαίνισεν.
465 1618 603 1656 Ἐγείνατο
633 1616 661 1645 δὲ
689 1618 831 1656 θυγάτριον
857 1619 874 1652 ἡ

937 1617 1115 1646 ΞειὶαοαΙοηὶε
1130 1617 1223 1645 ﬁlium
1241 1618 1448 1654 Nicephorum,
1464 1619 1599 1647 Eudoxias
1614 1619 1755 1648 Constan-

63 1661 191 1699 Δῦγούστα
223 1662 284 1699 βτῷ
303 1660 401 1697 ασιλεῖ,
428 1661 494 1700 ὅπερ
514 1662 592 1690 ’Ἄννα
607 1661 753 1698 ὠνομάσθη
771 1660 814 1688 διὰ
828 1661 877 1696 τὴν

64 1707 272 1744 πιτρομήτορα,
300 1706 339 1745 ἐφ’
375 1707 398 1742 ᾧ
424 1706 471 1734 τὸν
507 1709 557 1741 τῆς
588 1705 747 1744 βασιλίσσης
774 1705 880 1741 Μαρίοις

65 1751 112 1777 υἱὸν
128 1753 330 1778 Κωνσταντῖνον
355 1754 405 1785 τῆς
419 1751 444 1787 ἐξ
472 1750 594 1778 Ἀλανῶν
616 1751 630 1777 ὁ
657 1749 782 1788 βασιλεὺς
795 1749 879 1787 ἐμνη-

66 1795 198 1823 στεύσατο·
230 1794 337 1822 ἐκείνου
371 1793 395 1822 δ’
432 1794 477 1822 ἐπὶ
505 1796 539 1832 τῇ
570 1794 698 1831 μνηστείᾳ
724 1795 774 1830 τὴν
805 1795 876 1829 ζωὴν

64 1839 263 1876 καταλύσαντος,
294 1840 332 1871 ὡς
356 1839 443 1877 ὡραία
465 1840 556 1877 γάμου
578 1840 595 1874 ἡ
620 1839 738 1877 θυγάτηρ
763 1839 877 1877 ἐγεγόνει

64 1886 95 1920 τῷ
108 1883 207 1919 ἄνακτι,
224 1884 344 1923 νυμφίον
360 1882 452 1922 ἕτερον
469 1883 509 1911 ἐπ’
540 1884 607 1920 αὐτῇ
632 1883 803 1920 εἷσῳκίσατο,
831 1885 877 1912 τὸν

66 1929 137 1963 μείζω
162 1929 216 1956 τῶν
246 1929 316 1955 υἱῶν
345 1928 503 1968 Νικηφόρου
533 1930 580 1955 τοῦ
609 1928 738 1965 Βρυενίου
757 1950 764 1963 ,
805 1928 834 1956 ὃν
863 1929 877 1956 ὁ

64 1970 132 2011 λόγος
158 1973 300 2012 προέφηνε
327 1974 362 2009 τῇ
391 1971 528 2011 τυραννίδι
558 1972 794 2010 ἐπιχειρήσαντα,
832 1973 877 2001 καὶ

65 2016 151 2045 ἁλόντα
164 2017 208 2046 καὶ
232 2017 396 2056 πηρωθέντα
423 2017 488 2048 τοὺς
515 2017 685 2055 ὀφθαλμούς.
710 2017 804 2054 Τούτῳ
826 2018 876 2052 τὴν

65 2061 182 2100 Βυγατὲρα
205 2062 309 2097 ταύτην
339 2063 536 2100 κατεγγυήσας,
565 2062 696 2098 τετίμηκε
721 2063 766 2090 τὸν
795 2061 878 2099 ἄνδρα

66 2105 317 2145 πανυπρσὲϐασστον.
348 2106 452 2134 Γίνεται
480 2105 509 2134 δὲ
536 2109 575 2143 τῷ
606 2107 715 2145 βασιλεῖ
742 2107 787 2134 καὶ
820 2107 878 2140 υἷὸς

66 2150 125 2178 ὂνέν
138 2154 175 2188 τῷ
190 2151 258 2189 θείῳ
281 2151 384 2188 τεμένει
407 2154 457 2186 τῆς
477 2153 526 2178 τοῦ
551 2151 617 2179 Θεοῦ
646 2152 736 2189 Λόγου
766 2151 877 2191 Σοφίας,

934 1663 986 1690 tini
1000 1663 1093 1690 lasitas
1116 1662 1209 1689 ﬁlium
1235 1662 1421 1690 matrimonio
1433 1663 1542 1698 junxit,
1559 1664 1608 1700 qui
1634 1673 1753 1692 uxorem

933 1716 990 1735 non
1008 1709 1040 1734 ut
1068 1707 1254 1742 imperatoris
1282 1706 1373 1734 ﬁliam
1402 1708 1548 1741 tractavit,
1572 1709 1623 1736 sed
1639 1709 1724 1744 quasi
1739 1717 1755 1737 ο

933 1752 1083 1788 superiore
1099 1751 1161 1779 loco
1177 1759 1243 1778 cum
1254 1751 1305 1779 illa
1319 1752 1419 1787 egit,et
1429 1752 1612 1787 imperatrice
1624 1762 1657 1781 ao
1668 1762 1754 1782 socru

933 1796 1096 1833 sepissime
1111 1795 1230 1830 offensa,
1243 1795 1338 1824 eii'ecit
1355 1798 1386 1823 ut
1400 1795 1450 1824 illa
1461 1796 1551 1824 ﬁliam
1564 1800 1754 1833 aegrotantem

933 1841 1033 1869 statim
1044 1841 1189 1874 tonderet,
1216 1842 1304 1876 atque
1329 1840 1425 1876 ipsum
1451 1841 1531 1877 regia
1555 1841 1682 1876 ejiceret.
1700 1842 1755 1870 Po-

933 1889 1073 1914 stremum
1098 1884 1189 1912 ﬁliam
1206 1884 1356 1912 collocavit
1385 1888 1467 1921 pater
1494 1885 1671 1914 adolescenti
1696 1895 1755 1915 non

933 1929 1122 1958 suueillustri
1138 1931 1199 1956 orto
1228 1929 1348 1963 familia,
1370 1930 1419 1957 sed
1436 1930 1530 1958 forma
1544 1932 1665 1967 praedito
1681 1940 1755 1967 pras-

933 1974 1125 2003 stantissima.
1151 1973 1210 2001 Sub
1249 1973 1302 2001 hoc
1332 1974 1508 2009 imperatore
1539 1977 1624 2003 terra
1656 1979 1754 2004 motus

932 2019 1096 2047 horrendus
1113 2018 1167 2045 fuit
1194 2026 1227 2045 eo
1243 2018 1289 2045 die
1314 2026 1372 2054 quo
1396 2018 1536 2046 memoria
1565 2019 1622 2047 divi
1645 2020 1755 2048 Nicolai

933 2065 968 2092 ob
984 2061 1126 2091 miracula
1141 2062 1263 2089 celebris
1292 2062 1399 2097 agitur,
1426 2063 1577 2098 multaque
1592 2064 1753 2098 domicilia,

933 2107 1027 2136 multa
1042 2106 1162 2141 templa,
1180 2106 1278 2133 multas
1294 2106 1423 2142 porticus
1439 2107 1548 2141 quibus
1563 2107 1614 2134 vita
1630 2106 1754 2142 publicai

932 2150 1374 2188 teguntur,collapsas,morta|es
1384 2150 1527 2185 plurimos
1533 2153 1754 2187 oppresserunt.

66 2196 129 2232 παρᾶ
160 2198 208 2224 τοῦ
247 2196 422 2234 πατριάρχου
458 2196 655 2232 καταξιωθέντα
689 2196 737 2223 τοῦ
775 2196 848 2224 θείου
886 2196 1081 2235 βαπτίσματος,
1119 2193 1164 2221 καὶ
1198 2194 1326 2229 Ἰωάννην
1365 2193 1513 2228 κληθέντα,
1539 2194 1634 2222 αὐτίκα
1663 2195 1677 2222 ὁ
1703 2206 1757 2222 πα-

67 2240 108 2277 τὴρ
133 2241 176 2268 καὶ
205 2239 356 2277 διαδήματι
384 2243 495 2269 ταινιοῖ.
526 2240 652 2279 Γεγόνασι
683 2239 711 2268 δὲ
738 2243 777 2277 τῷ
808 2241 916 2279 βασιλεῖ
940 2241 985 2268 καὶ
1013 2238 1101 2276 ἕτεροι
1126 2237 1173 2266 δύο
1203 2238 1268 2273 υἱοὶ,
1297 2237 1466 2277 Ἀνδρόνικός
1493 2249 1523 2266 τε
1549 2239 1593 2266 καὶ
1625 2240 1755 2271 Ἰσαάκιος

67 2283 103 2310 καί
128 2285 269 2323 θυγατέρες
296 2283 384 2322 ἕτεραι
413 2288 497 2322 τρεῖς,
527 2285 629 2322 Μαρία,
660 2284 778 2314 Εὐδοκία
805 2285 849 2313 καὶ
879 2284 1016 2322 Θεοδώρα.
1046 2286 1087 2321 Τῇ
1119 2284 1165 2320 μὲν
1196 2283 1241 2310 οὖν
1271 2283 1362 2320 Μαρίᾳ
1385 2283 1431 2310 τὸν
1461 2285 1511 2311 τοῦ
1539 2281 1630 2322 Γαϐρᾶ
1653 2283 1757 2312 ἐκείνου

70 2327 196 2367 θεοδώρου
221 2332 272 2356 τοῦ
301 2327 432 2357 σεϐαστοῦ
469 2330 515 2357 καὶ
555 2330 690 2368 μάρτυρος
725 2331 783 2358 υἱὸν
818 2330 865 2357 τὸν
892 2330 1041 2369 Γρηγόριον
1070 2327 1280 2366 ἐμνηστεύσατο.
1311 2328 1376 2356 Εἶτα
1402 2328 1451 2362 τὴν
1483 2328 1627 2364 μνηστείαν
1656 2328 1756 2363 ταύτην

70 2371 150 2409 λύσας,
177 2374 248 2401 οὕτω
277 2372 354 2409 δόξαν
382 2374 468 2411 αὐτῷ,
497 2375 622 2402 κάκεῖνον
652 2374 896 2412 ἀποπεμψάμενος,
924 2373 1015 2413 ἕτερον
1047 2377 1189 2411 μνηστῆρα
1214 2374 1248 2410 τῇ
1275 2373 1384 2410 θυγατρὶ
1411 2372 1494 2409 ταύτῃ
1519 2373 1565 2400 τὸν
1580 2374 1628 2400 τοῦ
1645 2370 1758 2411 Φορϐη-

69 2419 107 2444 νοῦ
133 2418 187 2446 υἱὸν
223 2421 274 2446 τοῦ
312 2418 479 2447 Κατακαλὼν
508 2418 554 2447 τὸν
584 2420 741 2459 Νικηφόρον
770 2420 968 2456 εἰσεποιήσατο.
998 2420 1040 2456 Τῇ
1070 2417 1092 2446 δ’
1122 2416 1240 2454 Εὐδοκίᾳ
1279 2418 1324 2445 τὸν
1369 2420 1417 2444 τοῦ
1459 2417 1573 2445 Ἰασίτου
1612 2418 1757 2446 Κωνσταν-

68 2461 131 2489 τίνου
155 2461 238 2490 παῖδα
268 2463 428 2500 συνέζευξεν.
458 2464 506 2496 Ὃς
533 2465 568 2500 τῇ
595 2474 624 2491 τε
653 2465 769 2500 συνεύνῳ
797 2463 851 2502 οὐχ
878 2463 915 2496 ὡς
945 2462 1079 2501 βασιλέως
1107 2462 1240 2500 ἐκέχρητο
1270 2462 1392 2500 θυγατρὶ,
1420 2460 1483 2489 ἀλλ’
1501 2462 1529 2489 ἐκ
1544 2464 1591 2490 τοῦ
1606 2462 1758 2501 κρείττονος

71 2504 157 2542 ὡμίλει
183 2507 269 2544 ταύτῃ
297 2507 342 2535 καὶ
366 2508 557 2547 προσεφέρετο,
580 2509 625 2535 καὶ
648 2511 683 2545 τῇ
714 2507 858 2546 βασιλίσση
884 2507 913 2536 δὶ
938 2507 1097 2538 πλειστάκις
1124 2506 1336 2544 προσκεκρούκει
1361 2505 1406 2533 καὶ
1435 2507 1560 2545 πενθερᾷ,
1585 2506 1654 2544 ἥπερ
1684 2507 1758 2544 αὐτῷ

73 2551 264 2589 προσοχθίσασα
303 2552 352 2586 τὴν
400 2552 533 2590 Θυγστέρα
578 2553 730 2588 νοσήσασαν
770 2552 848 2585 εὐθὺς
888 2552 1028 2590 ἀποκείρει
1071 2553 1127 2589 (18)
1178 2550 1223 2578 καὶ
1265 2550 1310 2578 τὸν
1359 2549 1474 2586 Ἰασίτην
1517 2550 1661 2580 ἀπελαύνει
1703 2554 1758 2580 τῶν

693 2646 796 2679 Varia:
812 2646 963 2679 lectiones
977 2649 1009 2677 et
1024 2648 1116 2676 notae.

935 2728 991 2768 nis,
1012 2727 1178 2768 abduceret,
1208 2734 1274 2768 eum
1302 2729 1422 2768 sumpta
1458 2727 1555 2768 semel.
1577 2725 1760 2768 ab-aagroti-

935 2766 1012 2792 veste
1024 2763 1203 2795 monachica,
1220 2762 1295 2790 hanc
1310 2762 1456 2791 dimittere
1467 2772 1524 2791 non
1538 2763 1645 2795 liceret,
1661 2762 1685 2790 si
1698 2762 1760 2797 pris

937 2801 1042 2830 stinam
1059 2799 1253 2827 valetudinem
1269 2803 1520 2830 consequerentur
1548 2802 1579 2825 ut
1603 2799 1759 2827 docuimus

937 2837 967 2866 in
983 2836 1070 2865 Gloss.
1099 2835 1169 2863 med.
1200 2835 1259 2863 Lat.
1277 2835 1307 2863 in
1323 2844 1349 2864 v.
1366 2834 1511 2864 Monachus
1538 2834 1573 2863 ad
1597 2842 1758 2864 succurrew

103 2725 154 2796 (17g
166 2725 322 2763 ’r-népupa.
333 2727 407 2756 Vide
422 2727 506 2756 Gloss.
522 2728 594 2756 med.
609 2729 720 2757 Grawz't.

105 2760 144 2795 (18
167 2762 218 2796 Τὴν
253 2763 384 2796 θυγατέρα
422 2764 572 2796 νοσήσασαν
614 2763 691 2795 εὐθὺς

105 2760 154 2796 (18)
167 2762 218 2796 Τὴν
229 2760 404 2802 ’.θύγατὲρα-
422 2764 572 2802 νοσήσασᾲαν
614 2763 696 2802 εὐθὺς.
733 2763 880 2802 ἀποκείρει.

76 2793 263 2837 Ιᾷροιιιιοεεὶῐ
279 2793 371 2837 mater
393 2793 488 2833 Irene;
501 2800 616 2828 infensa
642 2793 736 2829 Iasitts
764 2793 881 2837 genero,

78 2833 178 2862 uisum
206 2833 243 2864 ab
270 2836 348 2865 omni
377 2844 428 2873 spe
457 2845 524 2865 cum
553 2845 642 2866 uxore
669 2833 881 2866 reconciliatio:
