1977 3154
65 198 116 229 309

683 194 891 227 ANNALIUM
912 195 988 226 LIB.
1013 197 1122 228 XVIII.

1696 198 1756 228 310

63 263 83 291 δ’
97 263 187 298 ’Λνεμᾷ
200 260 335 298 ἄψαυστος
352 260 400 296 μὶν
419 261 436 294 ἡ
461 259 566 299 κεφαλή
595 261 639 288 καὶ
664 261 678 287 ὁ
702 261 804 299 πώγων
828 271 843 288 τ

977 265 1108 298 agantur.
1135 264 1219 291 Matri
1264 263 1459 299 imperatoris,
1503 263 1757 291 administratione

62 309 163 344 τήρητο,
179 306 302 342 πήρωσις
331 302 359 332 δὲ
382 306 435 331 τῶν
464 303 613 343 ὀφθαλμῶν
644 304 725 332 αὐτοῦ
754 306 874 342 κατεψή-

62 361 140 391 φιστο.
169 350 227 378 Ἔτι
261 347 289 376 δὲ
327 345 568 385 θριαμϐευομένων
607 349 716 384 αὐτῶν,
746 350 874 378 ἐπικατα-

62 393 180 432 λαμϐάνει
204 393 340 432 βασίλειον
368 393 513 430 θέσπισμα,
529 397 579 428 τῆς
597 390 707 429 ποινῆς
731 395 776 422 τὸν
801 396 874 423 Ἀνε-

61 443 104 477 μᾶν
127 438 327 476 ἆξαιρούμινον,
353 438 398 466 καί
422 438 448 465 οἱ
471 441 633 476 συγχωροῦν
658 441 712 466 τῶν
741 438 873 476 ὀμμάτων

59 486 101 519 τήν
115 485 240 519 έκκοπήν.
255 482 455 522 Ἀφαιρεθέντες
483 482 512 511 δὶ
535 484 583 514 τὰς
609 483 702 515 οὐσίας
731 483 874 522 ὑπερορίαν

60 528 133 560 ἄλλος
158 526 298 565 ἀλλαχόθι
328 526 568 563 κατεδικάσθησαν.
585 529 616 556 Ἡ
647 529 740 565 μήτηρ
770 527 799 556 δὲ
827 529 875 556 τοῦ

60 573 244 610 αὐτοκράτορος
260 572 369 608 τούτου,
385 574 438 599 τῶν
462 575 512 607 τῆς
539 572 678 610 βασιλείας
707 573 876 610 πραγμάτων

61 615 238 653 ἂναδεξαμένη,
269 616 308 647 ὡς
358 615 474 654 εἴρηται,
519 617 569 651 τὴν
610 615 755 652 διοίκησιν,
792 616 876 654 μέχρι

61 660 154 688 πολλοῦ
180 660 281 695 ταύτην
321 660 549 698 μεταχειρίζεται,
577 661 636 688 ὅθεν
667 662 710 688 καὶ
745 661 778 688 τὰ
806 660 874 698 πρὸς

61 706 162 732 κάκωσιν
205 707 259 732 τῶν
303 697 431 740 ὗπηκόῴν
471 705 532 733 τότε
570 705 698 743 γινόμενα
733 697 832 742 ἐκείνην
849 697 874 731 οἶ

60 749 167 780 πλείονες
183 748 377 788 ἐπεγράφοντο.
397 750 520 787 ’Ἠχθετο
551 750 597 786 μὶν
628 749 674 777 οὖν
702 751 716 777 ὁ
747 749 875 788 βασιλεὺς

61 795 90 825 ὡς
105 794 128 822 έν
143 793 215 831 μόνῳ
230 793 329 832 σχεδὸν
344 798 395 829 τῆς
416 793 556 832 βασιλείας
571 794 718 823 ἀπολαύων
748 795 873 832 ὀνόματι,

59 837 138 875 ᾐδεῖτο
166 837 194 866 δὶ
214 839 265 874 τὴν
294 839 411 876 μητέρα,
434 839 479 866 καὶ
502 839 620 875 ἀκούσης
648 839 752 875 ἐκείνης
777 839 874 879 ἀφελέ-

60 888 108 915 σθαι
127 883 174 918 τήν
203 882 327 918 έξουσίαν
354 883 405 911 οὐκ
429 881 538 918 ἤθελεν.
557 884 631 911 Ἐπεὶ
658 883 682 911 δ’
697 883 786 920 ἐκείνη
810 895 874 911 συν-

929 314 1039 340 rerum,
1060 310 1091 334 ut
1107 308 1218 335 dictum
1235 309 1289 342 est,
1315 307 1364 334 diu
1395 307 1512 342 functae,
1544 305 1621 334 mala
1650 306 1758 342 quibus

930 351 1041 378 subditi
1069 353 1261 387 vexabantur,
1285 351 1417 387 plerique
1447 351 1642 379 aecribebant.
1663 352 1756 384 Quam

931 403 991 423 rem
1008 395 1096 429 ﬁlius,
1127 398 1158 424 ut
1187 396 1237 431 qui
1264 395 1384 424 nomine
1416 397 1502 423 tenus
1530 397 1588 423 fere
1612 395 1757 422 duntaxat

931 445 1074 475 regnaret,
1086 441 1141 469 etsi
1154 441 1276 468 moleste
1285 441 1403 473 ferebat,
1412 443 1512 468 tamen
1527 440 1607 467 illam
1621 440 1756 475 invitam,

931 493 982 520 pro
994 485 1154 513 reverentia
1171 494 1235 519 sua,
1263 487 1406 521 potestate
1435 485 1549 520 privare
1574 484 1678 512 noluit.
1695 485 1756 517 Quo

931 529 1037 557 mulier
1047 530 1261 564 animadverso,
1279 530 1370 557 verita
1385 537 1420 557 ne
1436 529 1479 556 vel
1506 529 1597 556 invita
1618 529 1757 557 excedere

930 576 1091 609 cogeretur,
1137 574 1237 602 relicta
1275 574 1364 609 regia,
1407 573 1485 601 omni
1514 574 1686 601 auctoritate
1714 572 1758 600 illi

932 619 1019 653 cedit,
1037 619 1104 647 etin
1116 619 1288 655 Pantepopti
1311 618 1520 646 monasterium
1538 627 1554 646 α
1578 627 1609 646 ee
1634 618 1757 646 aediﬁca-

930 665 995 691 tum
1007 664 1123 700 migrat,
1137 664 1187 691 ubi
1214 672 1282 692 cum
1308 663 1419 698 aliquot
1444 671 1537 690 annos
1553 663 1712 690 honoriﬁce
1728 664 1757 690 et

930 708 1067 744 regaliter
1095 709 1170 736 302
1186 707 1316 743 vixisset,
1333 709 1467 743 provecta
1483 709 1566 734 aelate
1590 706 1671 734 obiit.
1700 707 1755 734 Sed

929 755 957 780 et
972 753 1186 780 sebaetocrator
1197 752 1283 788 paulo
1300 751 1427 788 amplius
1447 760 1504 779 uno
1533 754 1598 787 post
1628 754 1753 778 matrem

930 806 1007 825 anno
1027 797 1160 825 debitum
1190 800 1302 824 naturis
1326 796 1475 832 persolvit,
1506 804 1571 823 raso
1599 795 1704 831 capillo
1726 797 1755 823 et

931 842 1030 870 habitu
1043 842 1206 870 monastico
1222 843 1353 876 sumpto,
1368 849 1434 868 cum
1451 841 1514 868 vita)
1538 840 1625 867 ﬁnem
1641 839 1754 867 instare

929 886 985 914 sibi
999 886 1119 920 videret,
1144 885 1245 913 multis
1261 885 1360 912 liberis
1382 885 1511 912 relictis:
1543 884 1662 920 quibus,
1686 892 1754 911 cum

61 929 111 959 ἧκεν
136 927 288 965 ἀχθόμενον
318 928 364 955 τὸν
392 927 461 964 υἱὸν,
487 931 636 964 πτοηθεῖσα
666 929 704 965 μὴ
737 928 840 966 βιασθεί

970 933 1022 958 iter
1037 931 1124 958 etiam
1137 939 1194 958 non
1206 930 1354 965 integrum
1370 937 1482 956 annum
1512 929 1618 956 marito
1648 937 1750 964 super-

60 971 95 999 καῖ
116 971 243 1007 ἀθέλητον
271 971 336 1010 δόξῃ
360 973 526 1008 ποιήσασθαι
545 973 594 1007 τὴν
624 973 795 1010 μετάστασιν,
820 984 869 1001 πα-

62 1017 233 1055 ρακεχωρήκει
261 1017 371 1044 πάντων
399 1019 438 1053 τῷ
468 1017 520 1054 υἱῷ
545 1027 574 1045 τε
601 1017 646 1044 καὶ
675 1019 716 1054 τῷ
740 1017 872 1054 αὐτοκρά-

62 1071 120 1099 τορι,
133 1060 174 1088 καὶ
188 1062 240 1088 τῶν
261 1060 406 1098 βασιλείων
422 1061 627 1100 ὑπανεχώρησε,
640 1062 690 1097 τὴν
708 1064 757 1089 τοῦ
783 1063 869 1090 Παντ-

63 1106 163 1133 memon
204 1106 304 1142 μονὴν,
344 1106 374 1140 ἢν
417 1105 506 1141 έκείνη
547 1104 687 1143 ἐδείματο,
730 1106 868 1134 κατοικίαν

63 1149 226 1187 ποιησαμένη,
253 1150 319 1188 παρ’
381 1149 426 1177 καί
452 1161 527 1182 τινας
563 1150 700 1183 ἐνιαυτοὺς
733 1152 868 1188 παροική-

63 1204 117 1222 cura
136 1193 247 1231 ἰντίμως
271 1205 302 1222 τι
321 1194 366 1222 καὶ
394 1194 555 1232 βασιλικῶς,
577 1194 603 1226 ές
630 1196 716 1233 γῆράς
742 1206 772 1223 τι
801 1195 868 1233 βαθὺ

62 1239 236 1275 καταντήσασα,
276 1238 430 1276 μετήλλαξε
452 1240 501 1274 τὴν
528 1241 612 1275 ζωήν.
640 1241 705 1268 Ἕνα
730 1238 753 1266 δ’
782 1240 870 1267 ἐνιαυ-

63 1283 99 1311 τὸν
122 1285 162 1310 καὶ
191 1283 289 1322 μικρόν
315 1294 341 1311 τι
364 1284 431 1321 πρὸς
457 1284 470 1311 ὁ
500 1282 721 1322 σεϐαστοκράτωρ
746 1282 868 1316 ἐπιϐιοὺς

63 1330 89 1364 τῇ
115 1328 203 1366 μητρὶ,
232 1328 357 1359 κάκεῖνος
385 1328 494 1356 ἀπέτισε
521 1329 553 1356 τὸ
581 1329 682 1367 χρεὼν,
708 1340 869 1367 κειραμενος

63 1372 98 1399 καὶ
117 1373 205 1411 τρίχα,
221 1373 267 1400 καὶ
295 1372 548 1412 μεταμφιασάμενος
569 1374 638 1401 κατὰ
664 1373 813 1411 μοναχοὺς,
830 1374 868 1405 ὡς

63 1414 116 1453 ἔγνω
138 1415 283 1444 ἐπιλείπειν
310 1418 386 1453 αὖτῷ
410 1417 441 1444 τὸ
468 1417 614 1454 βιώσιμον.
638 1416 757 1445 ’Δπεϐίω
786 1417 808 1445 δ’
824 1417 868 1445 ἐπὶ

63 1460 125 1488 πιισὶ
150 1461 277 1496 πολλοῖς,
294 1460 340 1492 οὖς
368 1460 427 1489 ἐπεὶ
451 1462 496 1489 καὶ
524 1463 542 1497 ἡ
571 1463 663 1500 μήτηρ
691 1462 778 1490 αὐτῶν
801 1463 868 1500 (26),

65 1504 109 1532 οὐδ’
123 1505 182 1533 ὅλον
196 1505 315 1534 ἐνιαυτὸν
331 1506 480 1542 έπιζήσασα
502 1509 542 1543 τῷ
568 1505 653 1544 ἀνδρὶ,
672 1507 784 1543 μετέστη
814 1510 867 1534 τῶν

65 1552 159 1587 νικρῶν,
175 1551 189 1578 ὁ
206 1549 335 1588 βασιλεὺς
362 1548 558 1588 προσελάϐετο.
588 1551 632 1578 γαὶ
660 1551 724 1582 τοὺς
746 1552 793 1588 μὲν
824 1550 868 1590 ἄῤ-

66 1593 125 1630 ῥενας
148 1595 274 1631 συνῴκισε
302 1595 418 1633 γυναιξὶ,
433 1595 482 1627 τὰς
510 1594 539 1623 δέ
562 1606 591 1633 γε
607 1594 716 1630 θηλείας
741 1595 867 1634 ἀνδράσιν

67 1636 163 1674 ἐξέδοτο,
179 1640 222 1667 καὶ
243 1637 353 1678 ἔστεργε
377 1639 422 1668 καὶ
447 1639 584 1678 εὐηργέτει
611 1640 677 1673 τοὺς
704 1639 868 1678 ἀδελφόπαι-

67 1680 111 1713 δας.
125 1684 190 1721 Πρὸς
206 1684 234 1712 ὂὶ
248 1685 300 1719 τὴν
313 1685 444 1712 κοινωνὸν
459 1687 508 1712 τοῦ
525 1684 585 1722 βίου
601 1685 615 1712 ὁ
633 1684 759 1723 βασιλεὺς
788 1685 868 1717 οὗτος

64 1724 294 1768 οὔτ’ἀποστρόφως
311 1727 402 1766 εἶ’χιτο
429 1729 573 1766 πρότερον,
599 1727 660 1757 οὕτε
687 1729 747 1757 λίαν
778 1729 866 1768 ἐκείνῃ

65 1772 212 1810 προσέκειτο,
242 1772 411 1812 ἀφροδισίων
440 1772 464 1800 δ’
483 1774 641 1810 ἡττώμενος
678 1774 713 1802 οὐ
740 1775 810 1802 πάνυ
835 1775 868 1802 τὰ

65 1813 85 1845 ές
97 1816 166 1852 εὐνὴν
188 1816 320 1856 ἐτύγχανε
348 1816 463 1851 δίκαιος,
479 1817 537 1850 ὅθεν
566 1819 611 1846 καὶ
642 1818 745 1857 βέλεσιν
771 1819 788 1854 ἡ
813 1819 866 1847 Αύ-

65 1859 142 1896 γούσια
181 1861 347 1897 ζηλοτυπίας
389 1859 534 1897 ἐϐέϐλητο.
558 1861 632 1891 Ἐπεὶ
675 1861 697 1890 δ’
726 1863 740 1890 ὁ
767 1864 867 1902 χρόνος

65 1906 172 1940 προήκων
186 1909 224 1943 τῷ
239 1906 420 1944 αὐτοκράτορι
438 1907 471 1934 τὰ
484 1907 610 1945 πυρφόρα
635 1907 703 1945 βέλη
727 1909 775 1935 τοῦ
798 1907 866 1946 ἔρω-

64 1957 99 1979 τος
116 1947 243 1986 ἤμϐλυνε,
260 1950 324 1978 τότε
345 1950 415 1989 πρὸς
439 1951 488 1984 τὴν
512 1950 668 1989 Δῦγούσταν
693 1952 792 1990 τρέψας
819 1952 865 1980 τὸν

66 1990 144 2027 ἔρωτα,
158 1993 220 2026 δλος
247 1996 283 2030 ἦν
310 1998 360 2030 τῆς
376 1995 443 2033 πρὸς
459 1993 564 2029 ἐκείνην
582 2000 710 2034 στοργῆς,
726 1997 770 2024 καὶ
799 1995 866 2031 ἤθε-

67 2034 100 2062 λιν
130 2038 190 2066 εἶναι
218 2038 317 2078 σχεδὸν
345 2040 430 2075 αὐτῆς
455 2038 648 2069 ἀδιάσπαστος.
672 2041 789 2076 Τοιαύτη
817 2042 865 2078 μὶν

66 2079 100 2107 οὖν
122 2085 152 2119 τῇ
180 2084 323 2121 βασιλίσσῃ
338 2084 478 2122 έσύστερον
500 2085 518 2120 ἡ
544 2083 669 2119 διάθεσις,
684 2086 729 2113 καὶ
761 2085 866 2124 μεγάλα

64 2124 113 2153 τότε
132 2126 252 2166 ἠδύνατο,
275 2129 321 2156 καὶ
346 2129 417 2166 εἶχεν
435 2128 505 2156 οὕτω
522 2129 619 2168 μέχρις
647 2129 676 2157 ἂν
706 2129 810 2168 ίῤῥωτο
833 2131 865 2158 τὸ

65 2170 128 2206 σῶμα
139 2175 175 2208 τῷ
191 2173 305 2211 βασιλεῖ.
324 2173 401 2201 Ἐπεὶ
418 2172 441 2201 δ’
455 2172 557 2205 ἐκεῖνος
572 2173 635 2206 τοὺς
659 2174 746 2206 πόδας
770 2174 862 2213 ἤλγει,

64 2213 148 2247 καὶτὰς
165 2217 251 2254 βάσεις
274 2215 439 2252 έϐέϐλαπτο,
453 2218 499 2246 καὶ
520 2218 583 2257 περὶ
606 2220 640 2247 τὰ
663 2218 749 2257 ἄρθρα
776 2219 864 2257 τούτῳ

68 2263 189 2297 μιχθηρᾶς
211 2262 279 2298 ὕλης
303 2262 514 2301 συνεῤῥυήκεσαν
545 2263 674 2302 ῥεύματα,
689 2264 734 2292 καὶ
763 2265 796 2300 ἦν
822 2264 863 2292 έν-

66 2304 138 2331 mea
173 2305 357 2343 κλινοπετής·
385 2309 519 2346 κατῆρχεν
550 2309 567 2343 ἡ
600 2309 716 2346 βασιλὶς,
743 2309 788 2337 καὶ
824 2307 903 2346 τῷῙ)

67 2346 148 2393 ταύτης
174 2351 204 2386 ἦν
233 2352 270 2384 ὡς
299 2352 396 2380 ἐπίπαν
424 2355 564 2390 τιθέμενος
587 2353 789 2393 ὁαῦτοκράτωρ
819 2360 862 2387 θε-

69 2387 164 2437 Plit/1H,
191 2396 234 2424 καὶ
261 2399 334 2425 πᾶσα
354 2398 372 2432 ἡ
401 2387 508 2434 ἰξουσία
532 2397 577 2425 καὶ
605 2399 622 2433 ἡ
647 2387 704 2433 τῆς,
727 2387 864 2437 βασιλείας

69 2431 181 2481 ξίῗίκησις
213 2431 371 2477 ἀνατεθῆναι
403 2431 472 2479 αύτῇ
511 2442 578 2479 μετὰ
615 2431 776 2481 παρέλεύσιν
815 2447 863 2472 τοῦ

69 2478 147 2531 (ξνδρὸί
165 2485 350 2531 Δμεμελέτητο,
376 2487 413 2531 ᾡς
440 2478 485 2514 και
512 2478 560 2514 τὸν
590 2478 658 2515 υἱὸν.
677 2488 721 2516 καὶ
751 2490 864 2528 βασιλέα

71 2528 202 2569 ξποιιῖσθαι
230 2530 308 2569 αὐτῇ.
325 2532 371 2568 Τῷ
387 2530 416 2559 δὲ
429 2532 461 2559 τὸ
491 2531 600 2569 σκέμμα
629 2532 679 2561 οὐκ
707 2533 816 2563 ἀνεκτὸν
839 2535 865 2567 ές

71 2565 147 2606 ενδρας
166 2571 216 2609 ἤδη
239 2565 374 2613 τελοῦντι,
389 2575 434 2603 καὶ
463 2565 568 2614 γυναικί
593 2577 646 2615 πρὸ
667 2577 775 2606 πολλοῦ
803 2565 865 2608 σιινᾇ

71 2614 167 2651 ιῖθέντι,
181 2620 226 2646 τοῦ
240 2618 331 2652 ἔθνους
353 2622 406 2648 τῶν
430 2619 559 2659 Οὕγγρων
588 2614 715 2661 ἀρχηγοῦ
742 2625 867 2662 θυγατρὶ,

883 1621 905 1656 C

927 978 998 1008 etes,
1026 977 1140 1003 terrena
1184 974 1363 1010 reliquisset,
1406 973 1565 1009 imperator
1596 971 1752 1007 susceptis,

926 1020 1163 1048 adolescentibus
1193 1026 1307 1052 uxores,
1350 1017 1454 1054 puellis
1498 1017 1619 1045 maritos
1662 1016 1752 1050 dedit,

925 1064 1024 1092 fratris
1063 1063 1172 1092 liberos
1201 1066 1229 1091 et
1257 1061 1459 1090 benevolentia
1495 1063 1524 1089 et
1556 1061 1753 1089 beneﬁcentia

925 1111 1109 1146 prosecutus.
1125 1109 1233 1137 Verum
1248 1108 1406 1143 conjugem
1422 1115 1506 1135 suam
1524 1106 1668 1142 principio
1698 1113 1750 1133 nee

925 1155 1123 1188 aversabatur,
1140 1161 1192 1181 nec
1215 1151 1372 1180 immodice
1400 1151 1526 1184 amabat,
1552 1151 1603 1178 sed
1632 1149 1749 1178 libidini

925 1199 1118 1234 deditusjura
1133 1197 1313 1226 matrimonii
1332 1204 1434 1232 parum
1465 1196 1566 1223 sancte
1594 1194 1747 1223 observare

923 1244 1070 1272 ferebatur
1087 1251 1093 1271 :
1110 1243 1188 1270 unde
1203 1244 1334 1277 Augusta
1370 1240 1436 1268 telis
1466 1239 1660 1267 aemulationis
1676 1247 1747 1266 sau—

923 1289 1064 1316 ciabatur.
1094 1287 1131 1315 Ut
1158 1289 1256 1314 autem
1285 1288 1354 1313 astas
1388 1284 1526 1320 grandior
1544 1283 1650 1319 ignitae
1678 1282 1746 1311 illae

924 1332 1070 1368 cupidinis
1106 1331 1229 1367 sagittas
1267 1329 1400 1357 nonnihil
1428 1329 1589 1362 hebetarat,
1619 1330 1682 1355 tum
1713 1327 1744 1354 in

923 1379 1088 1413 Augustam
1105 1383 1242 1404 converso
1257 1382 1367 1408 amore,
1384 1375 1464 1401 totus
1480 1373 1508 1400 in
1525 1373 1589 1408 ejus
1605 1371 1746 1400 charitate

924 1421 1138 1457 acquiescebat,
1158 1427 1211 1447 nec
1247 1418 1331 1446 facile
1356 1418 1393 1446 ab
1422 1417 1472 1445 illa
1500 1416 1597 1445 divelli
1623 1418 1747 1452 poterat.

924 1467 964 1494 Ex
979 1474 1011 1493 eo
1027 1466 1165 1500 deinceps
1180 1464 1284 1492 affectu
1312 1471 1419 1499 magna
1434 1461 1630 1498 imperatricie
1646 1463 1748 1496 poten-

924 1511 964 1538 tia
979 1510 1044 1542 fuit,
1061 1509 1148 1537 etiam
1161 1508 1274 1536 valente
1289 1508 1474 1542 imperatore.
1505 1506 1577 1533 Cum
1594 1508 1691 1533 autem
1721 1505 1747 1533 is

923 1563 958 1583 ex
996 1554 1118 1591 pedibus
1151 1553 1283 1580 laborare
1325 1551 1471 1587 coepisset,
1508 1557 1561 1577 nec
1597 1548 1748 1577 ambulare

924 1601 1033 1635 posset,
1049 1601 1078 1626 et
1092 1597 1238 1633 corruptis
1253 1596 1428 1623 humoribus
1457 1595 1493 1622 ad
1522 1593 1661 1621 articulos
1675 1601 1747 1620 con-

923 1643 1093 1676 ﬂuentibus,
1111 1643 1139 1669 in
1156 1641 1229 1668 lecto
1245 1640 1450 1668 decumberet:
1480 1639 1545 1674 ipsa
1573 1637 1745 1673 imperabat,

922 1688 972 1716 illo
984 1687 1192 1723 comprobante
1207 1684 1315 1719 omnia,
1331 1686 1360 1711 et
1371 1685 1433 1719 jam
1448 1683 1478 1710 id
1496 1682 1593 1710 animo
1609 1681 1746 1717 agitabat,

923 1735 955 1761 ut
969 1734 1035 1768 post
1050 1731 1148 1759 mariti
1159 1731 1310 1758 decessum
1327 1731 1388 1756 tota
1403 1729 1548 1764 potestate
1576 1729 1605 1754 et
1629 1725 1745 1762 imperii

922 1776 1170 1814 gubernationein
1186 1783 1217 1803 se
1232 1773 1383 1809 translata,
1414 1772 1507 1800 lilium
1536 1773 1743 1808 imperatorem

922 1823 999 1850 dicto
1036 1821 1203 1849 audientem
1234 1819 1364 1851 haberet,
1412 1817 1457 1844 cui
1496 1818 1559 1853 jam
1594 1815 1681 1844 adulo
1711 1823 1745 1843 ao

922 1868 1034 1903 pridem
1052 1866 1166 1900 merito,
1183 1865 1271 1892 ducta
1295 1864 1497 1899 Hungarorum
1515 1860 1655 1898 principis
1672 1859 1742 1896 ﬁlia,

922 1911 1139 1948 procreatisque
1173 1908 1283 1942 liberie,
1312 1907 1341 1934 id
1385 1906 1537 1935 ferendum
1567 1914 1626 1933 non
1669 1907 1743 1933 erat.

921 1957 993 1984 Nam
1005 1964 1040 1984 ne
1057 1954 1179 1991 imperio
1196 1952 1353 1986 excideret,
1376 1953 1427 1979 aut
1456 1950 1515 1978 vita
1541 1950 1630 1978 etiam
1647 1949 1741 1985 priva-

921 2003 999 2028 retur
1014 2000 1148 2032 timebat,
1177 2006 1243 2025 cum
1271 1998 1379 2032 quanto
1409 2003 1508 2023 amore
1532 1997 1626 2022 mater
1654 1993 1744 2021 ﬁliam

921 2047 992 2072 natu
1008 2044 1167 2072 maximam
1182 2045 1211 2070 et
1234 2049 1373 2077 generum
1399 2039 1557 2075 Bryenium
1585 2045 1744 2074 prosequa-

920 2091 1010 2123 retur,
1040 2089 1180 2116 cerneret.
1222 2088 1323 2120 Itaque
1362 2086 1502 2120 cognatos
1542 2081 1741 2115 conveniebat,

919 2137 1007 2170 atque
1037 2134 1108 2161 adeo
1138 2131 1290 2168 populum,
1321 2132 1459 2165 statuque
1495 2136 1593 2156 rerum
1621 2136 1743 2157 suarum

919 2179 997 2214 apud
1013 2176 1146 2214 singulos
1161 2176 1236 2203 clam
1252 2174 1443 2210 deplorando,
1456 2172 1652 2208 juriejurandi
1666 2172 1743 2201 viros

918 2221 1215 2251 commonefaciebat:
1234 2227 1291 2256 quo
1319 2217 1449 2254 plerique
1476 2217 1608 2245 obstricti
1632 2217 1741 2252 promi-

918 2269 1027 2302 serant,
1044 2274 1075 2294 se
1089 2274 1147 2293 non
1158 2263 1215 2293 nisi
1230 2263 1287 2300 ipsi
1299 2262 1448 2291 delaturos
1464 2270 1528 2290 esse
1542 2261 1741 2297 imperium.Ii

918 2320 985 2340 vero
1010 2319 1076 2339 eum
1107 2308 1331 2340 conﬁrmabant,
1372 2306 1481 2335 auxilia
1505 2305 1687 2341 pollicentes,
1711 2307 1741 2334 et

919 2365 982 2394 quea
1012 2355 1223 2392 pollicebantur
1252 2351 1441 2388 jurejurando
1472 2350 1647 2378 sancientcs.
1672 2351 1741 2383 Quae

919 2410 985 2430 cum
1001 2399 1217 2436 imperatricem
1242 2405 1300 2425 non
1330 2396 1464 2429 laterent,
1489 2394 1562 2422 irata
1577 2394 1678 2427 edixit,
1704 2403 1741 2423 ne

919 2447 1077 2483 quisquam
1093 2453 1160 2472 eum
1176 2441 1351 2473 conveniret,
1369 2439 1480 2477 passim
1507 2438 1742 2475 speculatoribus

919 2494 947 2520 et
963 2488 1182 2518 obsevatoribus
1200 2486 1356 2515 collocatis.
1384 2484 1481 2513 Nihilo
1507 2485 1603 2511 tamen
1634 2483 1682 2512 ille
1697 2492 1743 2512 se-

920 2536 984 2564 cius
1000 2535 1058 2563 fere
1083 2541 1184 2561 omnes
1215 2532 1250 2559 ad
1280 2539 1311 2559 se
1345 2529 1461 2557 allicere
1485 2537 1543 2556 non
1573 2528 1744 2563 desistebat,

921 2581 992 2608 alios
1020 2587 1070 2615 per
1096 2577 1299 2612 semetipsum,
1333 2574 1405 2602 alios
1435 2581 1487 2610 per
1513 2573 1559 2601 sui
1585 2573 1744 2601 studiosos.

921 2624 1053 2653 Habebat
1068 2625 1165 2652 autem
1181 2622 1257 2649 303
1285 2619 1383 2648 studia
1406 2618 1535 2654 junioris
1555 2626 1669 2654 quoque
1689 2618 1745 2645 rra-

684 2715 786 2747 Variae
801 2716 952 2749 lectiones
966 2718 997 2747 et
1011 2718 1105 2745 notes.

99 2781 201 2834 ςιὲίηξῖὶ
248 2791 338 2830 μήτηρ
364 2791 564 2834 αρτὦνιιῐνθιιρ
593 2793 754 2834 Alanorum
784 2797 865 2832 prin-

74 2814 133 2853 cipis
146 2820 208 2859 ﬁlia,
219 2814 337 2869 deria:
346 2814 467 2864 egi-mus
477 2814 864 2868 ἰένῖαηίίίῧξυϊῃζαηῖίγίέ

73 2856 96 2886 Ρ·
109 2852 162 2885 4⁷4-
177 2858 242 2886 Hum
256 2863 361 2886 duravit
375 2864 547 2886 'I‘hnndnrna
571 2865 745 2886 Prnrh-nmnn
762 2854 864 2886 unum:

90 2870 96 2879 .
109 2858 162 2885 174.
177 2858 242 2890 Huic
256 2858 547 2895 dicavituTheodorue
569 2858 866 2905 ProdromEe—p-oema’

921 2795 1160 2828 astronomicum,
1176 2792 1253 2829 quod
1270 2789 1413 2829 asservari
1442 2787 1668 2829 in__bibliotheoa
1683 2788 1742 2829 Cea:

921 2823 1120 2861 sareamonet
1140 2823 1243 2858 Petrus
1273 2826 1455 2859 Lambecius,
1478 2825 1529 2852 lib.
1559 2831 1586 2852 v1
1615 2824 1650 2851 de
1679 2823 1744 2852 ead.

919 2867 992 2898 bibl.
