2032 3167
1772 205 1832 235 318

108 201 182 232 317
763 203 971 236 ANNALIUM
994 203 1066 235 LIB.
1088 203 1198 234 XVIII.

109 269 176 306 πῦρ
211 268 255 296 καὶ
278 269 443 306 ἡρείπωσεν.
472 271 603 299 Ἕπνευσι
631 268 660 297 δὲ
688 280 755 298 ποτε
776 269 875 297 τούτου
905 271 1067 307 κρατοῦντος
1093 268 1138 296 καὶ
1167 267 1265 305 ἄνεμος
1287 267 1405 308 σφοδρός
1431 279 1461 296 τε
1489 268 1534 296 καὶ
1565 268 1730 306 βιαιότατος,
1759 269 1832 306 ὥρας

107 312 209 348 οὔσης
239 313 360 351 ἐαρινῆς,
406 315 449 354 ὑφ’
484 313 516 342 οὗ
550 315 644 342 πολλά
680 325 708 342 τε
744 314 816 342 ἄλλα
851 311 947 349 συνέϐη
987 314 1185 349 συμπτώματα,
1219 314 1263 340 καὶ
1292 315 1309 348 ἡ
1340 313 1365 340 ἐν
1389 316 1429 349 τῷ
1453 313 1613 350 κυκλοτερεῖ
1637 313 1681 340 καὶ
1712 313 1832 351 μεγίστῳ

109 358 274 396 πορφυρέῳ
297 359 369 386 κίονι
396 361 435 395 τῷ
464 359 531 386 κατὰ
557 360 588 387 τὸ
616 359 760 397 λεγόμενον
789 358 936 387 Ηλακωτὸν
964 357 1059 385 ἑστῶτι
1085 356 1220 397 ,ἱδρυμένη
1252 358 1339 392 στήλη
1370 359 1425 395 (33)
1451 359 1609 392 κατήνεκτο,
1635 357 1680 385 καὶ
1708 357 1831 389 πολλοὺς

110 401 219 429 ἀνεῖλε
243 405 298 430 τῶν
328 403 542 441 παρατυχόντων
570 403 635 431 ἐκεῖ.
654 395 712 431 ’Ἦν
742 402 770 430 δὶ
797 405 829 430 τὸ
858 402 970 440 ἄγαλμα
1000 395 1106 440 μεγὲοὲι
1137 402 1184 438 μὲν
1214 401 1356 440 πάμμεγα,
1385 401 1482 430 κάλλει
1511 401 1540 429 δέ
1568 412 1597 440 γε
1626 401 1787 438 θαυμάσιον,
1817 403 1831 429 ὃ

109 445 166 472 καὶ
200 447 282 474 πεσὸν
311 447 504 484 συντέθραυστό
532 458 562 475 τε
590 447 634 475 καὶ
663 448 702 480 εἱς
729 447 823 476 πολλὰ
852 446 1024 484 διετᾶτμητο.
1054 445 1105 474 Καὶ
1135 446 1210 477 ὑετὸς
1240 445 1263 473 δ’
1289 446 1314 473 ἰν
1345 446 1422 483 ἄλλῳ
1437 447 1529 484 χρόνῳ
1542 446 1695 485 κατερράγη
1714 445 1831 486 σφοδρό-

109 499 219 526 τατος,
261 492 320 519 κατ’
356 492 439 526 αὐτὴν
477 493 527 527 τὴν
562 493 668 530 ἡμέραν
712 494 823 530 μνήμης
861 495 915 520 τῶν
952 491 1106 530 κορυφαίων
1143 493 1192 518 τοῦ
1224 492 1341 528 Χριστοῦ
1380 494 1508 527 μαθητῶν
1546 491 1649 529 Πέτρου
1684 491 1728 518 καὶ
1761 491 1834 519 Παύ-

114 533 190 568 λου,
221 535 262 570 ὃς,
292 536 353 574 περὶ
383 535 477 572 δείλην
508 536 588 574 ὀψίαν
618 537 765 575 ἠργμένος,
796 536 934 575 διήρκεσεν
962 534 1027 574 ἄχρι
1056 538 1107 570 τῆς
1135 536 1220 570 αὐτῆς
1251 534 1322 573 ὥρας
1350 539 1399 567 τῆς
1427 535 1556 571 ἐπιουσης
1572 537 1677 573 ἡμέρας
1692 534 1832 567 ἀνὲνδοτος

112 580 260 618 γεγονώς.
289 581 354 610 Ὅτε
386 580 491 609 πολλαί
515 592 544 609 τε
572 584 606 619 τῇ
635 584 706 620 φορᾷ
730 584 784 609 τῶν
802 581 905 609 ὑδάτων
922 581 1006 609 οῗκίαι
1022 580 1177 613 κατέπεσον,
1200 579 1245 607 καὶ
1267 580 1294 607 αἱ
1315 579 1441 611 κοιλάδες
1459 578 1561 607 ὑδάτων
1575 579 1736 615 πλησθεῖσαι
1754 579 1831 608 οὐδὲν

113 623 250 663 διάφερον
281 624 437 661 θαλασσῶν,
460 626 506 653 καὶ
532 626 682 663 ἀνθρώπων
709 627 760 654 οὐκ
783 625 882 664 ὀλίγων
912 625 958 653 καὶ
982 625 1058 660 ζωών
1087 623 1201 652 πολλῶν
1224 622 1392 661 συμϐεϐήκει
1419 623 1553 653 ἀπώλεια.
1574 626 1664 652 Ταῦτα
1689 625 1735 660 μὲν
1759 624 1830 653 οὕτω

114 669 286 704 συνήνεκτο,

155 703 217 742 ΚΖ¹.
245 713 403 752 Ἀπηγγὲλη
440 713 469 742 δέ
503 725 570 742 ποτε
605 717 644 751 τῷ
680 715 789 753 βασιλεῖ
824 714 940 751 Τούρκων

1047 715 1125 743 300
1141 715 1249 744 XXVIl.
1266 715 1338 743 Cum
1355 703 1460 742 autem
1469 713 1627 749 aliquando
1650 713 1831 749 imperatori,

115 758 295 795 ἀθροίζεσθαι
338 759 475 796 στρατιὰν,
518 759 690 797 βουλομένην
733 758 856 791 ἐπελθεῖν
891 761 950 790 ταῖς

117 802 178 830 ὑπὸ
219 803 373 839 Ῥωμαίους
409 804 514 842 χώραις
533 826 540 839 ,
578 804 622 831 καὶ
657 804 754 834 ταύτας
787 802 945 838 ληΐσασθαι.

113 847 223 884 ’Ἐτυχε
251 845 280 874 δὲ
306 848 368 875 τότε
396 848 458 879 τοὺς
487 847 572 879 πόδας
599 848 709 886 ἀλγῶν,
740 850 788 876 τοῦ
817 847 952 886 ῥεύματος

117 890 306 930 σφοδρότερον
339 891 557 931 ἒπιρῥεύσαντος,
582 893 627 920 καὶ
655 891 846 928 περιωδυνίαις
870 891 949 919 αὐτὸν

117 935 168 963 καὶ
198 935 346 974 ἀλγηδόσιν
376 937 515 972 ὀξυτάταις
545 937 695 972 πιέζοντος·
722 937 780 965 ἐπεὶ
808 938 872 974 γοῦν
902 936 951 963 οὐκ

119 980 184 1018 εἶχε
199 979 233 1008 δι’
262 981 357 1008 ἑαυτοῦ
379 982 447 1008 κατά
471 984 525 1009 τῶν
556 979 704 1020 Βαρϐάρων
726 980 949 1019 στρατεύσασθαι,

120 1025 250 1062 φάλαγγα
272 1026 331 1052 κατ’
354 1025 441 1052 αὐτῶν
468 1025 600 1062 ἐκπέμπει
626 1028 810 1064 στρατιωτῶν,
827 1025 949 1064 φαλαγγ-

118 1068 213 1106 άρχην
254 1069 398 1104 ἐπιστήσας
434 1069 526 1100 αὐτοῖς
556 1070 602 1097 τὸν
645 1070 812 1106 Καμμύτζην
845 1069 948 1097 Εὖστά-

119 1113 181 1139 θιον
197 1114 265 1150 (34),
290 1112 373 1152 ἄνδρα
395 1116 454 1145 τοῖς
470 1114 590 1152 πρώτοις
606 1114 770 1152 τεταγμενον
783 1116 837 1142 τῶν
867 1124 947 1151 στρα-

115 1159 224 1195 τηγῶν.
253 1157 283 1186 Ὀ
299 1156 338 1192 δὲ,
369 1157 419 1186 οὐκ
449 1158 582 1196 ἰλαχίστῃ
612 1169 666 1187 των
694 1158 837 1195 πολεμίων
865 1158 948 1196 μοίρᾳ

115 1201 294 1239 περιτυχὼν,
323 1200 494 1238 προσϐάλλει
524 1203 643 1239 τούτοις,
671 1204 776 1238 ἡττήθη
806 1201 835 1230 δὲ
861 1213 946 1240 προσ·

116 1242 224 1280 ϐαλὼν,
250 1245 296 1273 καὶ
326 1246 405 1278 αὐτὸς
423 1247 472 1284 μὶν
493 1247 578 1284 ἑάλω,
607 1248 632 1275 cl
649 1246 673 1275 δ’
693 1248 738 1276 ὑπ’
752 1247 830 1275 αὐτὸν
845 1247 870 1274 οῑ
897 1247 944 1284 μὲν

116 1286 224 1325 ἔπεσον,
260 1291 285 1318 οἱ
314 1289 343 1318 δὶ
367 1291 495 1330 φυγόντες
523 1291 674 1327 ἐσώθησαν.
691 1292 735 1323 Ὠς
767 1291 796 1319 δὲ
807 1294 892 1319 ταῦτα
905 1294 945 1328 τῷ

118 1333 229 1371 βασιλεῖ
253 1334 491 1373 κατηγγὲλθησαν,
517 1335 607 1364 οὐκέτι
630 1335 757 1368 mean-rd:
781 1337 814 1370 ἦν
831 1336 944 1370 ἰκτῖνος,

116 1377 308 1431 ςιλλὶΙῖξιισι,
336 1380 385 1431 καί
415 1380 549 1431 Τούρκοις
585 1381 632 1417 μὲν
673 1381 796 1431 ἐνέτυχεν
820 1379 982 1431 οὗδαμοῢΒ

117 1422 262 1459 (μαθόντες
276 1424 327 1461 γὰρ
356 1424 405 1459 τὴν
431 1425 488 1452 κατ’
505 1425 592 1453 αὐτῶν
608 1427 656 1452 τοῦ
682 1424 817 1463 βασιλέως
841 1426 942 1462 ὁρμὴν,

116 1469 179 1498 τοῖς
206 1466 305 1499 ’ίπποις
334 1467 454 1500 ἐνδόντες
482 1468 546 1501 τοὺς
565 1469 706 1507 χαλινοὺς,
723 1467 832 1508 ἔφευγον
847 1469 944 1506 ἀμετα-

120 1512 255 1548 στρεπτὶ),
285 1511 381 1550 ἴσχυσε
411 1511 440 1540 δὲ
463 1513 508 1540 καὶ
535 1513 548 1540 ὁ
578 1513 745 1550 Καμμύτζης
772 1513 818 1545 τὰς
847 1516 942 1551 ’χεῖρας

121 1555 210 1582 αὐτῶν
233 1555 376 1594 ἐκφυγεῖν,
400 1556 465 1588 τοὺς
491 1556 572 1584 αὐτόν
601 1559 783 1596 φρουροῦντας
812 1557 944 1595 μεγάλαις

121 1599 283 1637 ὑποσχέσεσι
312 1600 406 1631 πείσας
441 1600 640 1639 συναποδρᾶναι
673 1601 756 1637 αὐτῷ,
786 1602 830 1629 καὶ
858 1612 942 1640 προσ-

119 1640 281 1678 εληλυθέναι
314 1646 354 1681 τῷ
378 1644 495 1682 βασιλεῖ.
524 1645 573 1673 Καὶ
604 1646 618 1674 ὁ
649 1646 696 1682 μὲν
710 1646 777 1684 πρὸς
805 1646 852 1673 τὸν
867 1645 943 1673 αὖτο-

118 1687 238 1724 κράτορα
260 1687 330 1723 ἦλθε
357 1689 512 1727 προσάγων,
541 1690 587 1718 καὶ
615 1689 678 1722 τοὺς
707 1690 791 1718 αὐτοῦ
820 1689 940 1729 φύλακας

114 1730 299 1768 αὐτομόλους.
324 1734 354 1762 Ὀ
384 1733 412 1761 δὶ
441 1737 546 1772 κρατῶν
564 1734 665 1762 ἐκεῖνον
682 1735 729 1771 μὶν
759 1733 848 1770 ἡδέως
876 1734 940 1771 ειδε,

111 1774 176 1806 τοὺς
193 1774 216 1803 δ’
244 1777 345 1805 ἐκεῖνον
373 1777 521 1810 λελυκότας
545 1778 706 1814 ἐδεξιώσατο
734 1780 870 1817 χρήμασι,
894 1779 940 1807 καὶ

111 1818 262 1856 ἐπανῆλθεν
283 1821 322 1853 εἷς
349 1822 380 1850 τὸ
410 1824 567 1858 Βυζάντιον.
609 1823 647 1853 Οὐ
678 1823 767 1855 πολὺς
800 1823 938 1863 παρεῤῥύη

111 1865 216 1902 καιρὸς,
240 1866 285 1893 καὶ
310 1864 403 1902 ἔξεισιν
428 1868 505 1900 αὖθις
536 1868 605 1896 κατᾶ
627 1870 680 1896 τῶν
709 1865 856 1906 Βαρϐάρων
880 1869 940 1896 τού-

110 1919 165 1936 των
181 1909 194 1936 6
214 1910 400 1949 αὐτοκράτωρ,
424 1912 470 1939 καὶ
499 1911 604 1940 ἄπεισιν
632 1912 671 1944 εἷς
700 1913 731 1940 τὸ
758 1912 937 1949 Φιλομίλιον·

113 1953 173 1990 εὗρε
201 1952 230 1981 δὲ
257 1954 289 1981 τὸ
318 1954 382 1983 ἄστυ
410 1956 492 1984 τοῦτο
522 1957 597 1984 κενὸν
624 1956 744 1985 ὁπλιτῶν
759 1957 866 1994 (πάντες
888 1958 938 1995 γὰρ

111 1998 160 2033 τὴν
176 2000 224 2026 τοῦ
240 1999 439 2038 αὐτοκράτορος
467 2000 616 2039 ἐγνωκότες
643 2002 701 2029 κατ’
725 2002 812 2029 αὐτῶν
829 2001 937 2040 ἔφοδον,

111 2043 145 2069 τὰ
166 2043 212 2079 μὲι
236 2043 353 2082 φίλτατα
380 2046 532 2082 μετέθεντο,
559 2045 657 2074 ἐκεῖνοι
684 2045 707 2074 δ’
736 2047 936 2084 ἀνεχώρησαν)·

1008 762 1204 793 nuntiaretur,
1221 759 1377 788 Turcicum
1395 758 1555 786 exercitum
1575 757 1671 793 colligi
1688 757 1833 785 Romanas

1006 806 1170 841 provincias
1187 804 1408 841 populaturum,
1425 806 1513 838 atque
1528 803 1590 834 ipse
1606 801 1730 837 pedibus
1745 810 1830 837 niger,

1005 850 1182 878 ﬂuxionibus
1198 849 1318 877 uberius
1340 846 1569 875 ducurrentibus
1591 854 1657 874 cum
1681 846 1831 874 doloribus

1006 903 1038 922 ac
1054 895 1233 922 cruciatibus
1258 893 1419 927 acerrimis,
1437 891 1574 919 Barbaris
1600 899 1752 919 occurrere
1775 899 1830 919 non

1005 942 1104 974 posset
1119 948 1125 967 :
1144 938 1296 966 Eustatbio
1312 937 1437 965 Camitzc
1453 937 1538 970 duce,
1564 935 1741 972 phalangem
1763 943 1831 963 con-

1003 985 1049 1010 tra
1063 992 1113 1011 eos
1129 984 1230 1017 mittit,
1246 982 1307 1009 viro
1323 982 1400 1009 inter
1414 981 1504 1008 duces
1520 980 1672 1016 primario,
1698 980 1748 1016 qui
1764 988 1830 1008 cum

1005 1035 1063 1054 non
1081 1028 1203 1055 minima
1220 1026 1349 1054 hostium
1367 1027 1450 1061 parte
1465 1032 1653 1060 congressus,
1677 1024 1771 1052 victus
1786 1027 1831 1052 est

1004 1073 1032 1098 et
1046 1074 1161 1106 captus,
1178 1071 1323 1098 militibus
1339 1070 1444 1106 partim
1459 1069 1554 1103 cissis,
1566 1069 1672 1104 partim
1689 1069 1759 1105 fuga
1773 1069 1830 1097 cla-

1003 1115 1059 1151 pis.
1076 1116 1137 1147 Quo
1167 1116 1325 1151 imperator
1354 1114 1488 1142 nuntiato
1517 1113 1610 1141 teneri
1639 1122 1696 1141 non
1723 1113 1828 1150 potuit,

1002 1159 1074 1195 quin
1090 1160 1152 1195 ipse
1166 1160 1362 1196 egrederetur,
1379 1167 1412 1186 ac
1420 1159 1531 1186 Turcos
1545 1158 1662 1193 quidem
1679 1166 1827 1194 nusquam

1001 1203 1124 1239 adeptus
1138 1206 1192 1238 est,
1209 1203 1286 1239 quod
1304 1203 1405 1230 audito
1420 1203 1484 1238 ejus
1500 1203 1636 1237 adventu,
1652 1202 1756 1231 laxatis
1773 1203 1824 1230 ha-

1000 1248 1084 1276 benis
1108 1249 1292 1276 continenter
1322 1247 1467 1283 fugerant.
1492 1247 1545 1274 Sed
1575 1247 1746 1282 Gamitzem,
1775 1247 1826 1283 qui

999 1293 1062 1320 suis
1078 1293 1262 1325 custodibus,
1290 1299 1464 1328 magnorum
1489 1291 1675 1327 praemiorum
1692 1299 1743 1327 spe
1759 1300 1826 1327 pro-

999 1337 1105 1372 posita,
1138 1339 1332 1373 persuaserat,
1363 1339 1395 1363 ut
1423 1343 1523 1363 secum
1551 1336 1587 1363 ad
1618 1335 1824 1371 imperatorem

997 1381 1225 1417 transfugerent,
1242 1381 1365 1408 libenter
1380 1380 1462 1413 vidit,
1479 1383 1507 1407 et
1529 1380 1734 1408 liberatoribus
1759 1381 1824 1415 ejus

999 1426 1124 1463 pecunia
1134 1426 1250 1454 donatis
1271 1425 1444 1462 Byzantium
1471 1425 1567 1452 rediit.
1583 1426 1682 1460 Neque
1697 1425 1823 1454 multum

996 1470 1138 1506 temporis
1153 1470 1330 1506 intercessit,
1350 1477 1418 1497 cum
1435 1469 1492 1497 alia
1513 1468 1696 1504 expeditione
1722 1473 1823 1497 contra

997 1515 1141 1542 Barbaros
1166 1517 1314 1551 suscepta,
1336 1513 1541 1542 Pbilomelium
1571 1513 1672 1541 urbem
1700 1514 1823 1541 armatis

997 1567 1118 1587 vacuam
1143 1561 1289 1595 repertam
1317 1560 1429 1594 (omnes
1453 1557 1532 1586 enim
1558 1556 1623 1593 eju's
1639 1565 1757 1585 accessu
1776 1566 1824 1585 co-

998 1603 1091 1639 gnito,
1108 1603 1305 1631 charrissimis
1316 1603 1483 1639 quibusque
1500 1602 1604 1629 ablatis
1615 1601 1823 1638 discesserant)

998 1647 1061 1674 sine
1083 1647 1181 1675 labore
1197 1647 1284 1683 cepit.
1301 1647 1355 1675 Sed
1378 1649 1406 1674 et
1420 1646 1541 1674 castella
1556 1646 1690 1682 quaedam
1714 1648 1743 1674 et
1757 1655 1822 1682 spe-

998 1690 1103 1724 luncas,
1119 1700 1182 1727 quae
1198 1693 1234 1719 ab
1250 1691 1354 1719 incolis
1370 1691 1558 1727 Catapbygia,
1574 1691 1629 1718 hoc
1645 1693 1701 1725 est,
1718 1691 1823 1719 confu-

996 1736 1045 1772 gia
1067 1736 1267 1768 nominantur,
1293 1744 1344 1772 per
1368 1736 1547 1763 deditionem
1572 1736 1683 1772 accepit
1707 1739 1736 1764 et
1755 1735 1822 1764 illos

996 1781 1074 1816 quod
1103 1781 1144 1808 ita
1171 1781 1306 1817 expedire
1335 1781 1491 1814 videretur,
1506 1780 1536 1808 in
1566 1779 1695 1808 colonias
1719 1788 1820 1808 secum

996 1825 1127 1859 abduxit,
1145 1833 1211 1853 cum
1228 1832 1313 1852 nemo
1336 1827 1422 1859 esset,
1439 1833 1506 1852 cum
1522 1833 1580 1860 quo
1604 1824 1713 1852 bellum
1739 1832 1820 1860 gere-

995 1872 1060 1898 ret:
1076 1870 1112 1898 iis
1128 1870 1178 1905 qui
1203 1869 1319 1905 integra
1346 1872 1429 1897 aetate
1454 1871 1546 1903 erant,
1565 1872 1595 1897 et
1617 1869 1728 1897 viribus
1742 1869 1820 1905 vige-

995 1914 1077 1949 bant,
1093 1915 1218 1950 pedibus
1233 1914 1288 1942 iter
1303 1914 1495 1942 facientibus:
1523 1914 1571 1950 qui
1587 1922 1653 1942 vero
1668 1916 1819 1942 senectute

993 1959 1137 1986 tardiores
1152 1959 1188 1986 ad
1203 1958 1416 1986 ambulandum
1436 1962 1530 1991 erant,
1546 1958 1583 1986 iis
1594 1959 1730 1994 jumenta
1746 1967 1818 1996 pras-

993 2003 1066 2031 buit.
1083 2003 1113 2031 Si
1126 2003 1176 2039 qui
1192 2011 1258 2031 vero
1281 2003 1324 2031 vel
1345 2003 1466 2038 morbis,
1493 2003 1536 2031 vel
1553 2003 1620 2031 aliis
1644 2003 1818 2031 calamitati-

992 2048 1059 2083 bus,
1074 2048 1116 2075 vel
1133 2048 1234 2075 afllicti
1251 2048 1332 2075 senio
1357 2048 1530 2083 corporibus
1544 2047 1632 2076 lassis
1657 2050 1749 2083 erant,
1767 2055 1817 2076 eos

111 2086 142 2113 τὸ
158 2087 205 2123 μὲν
232 2087 279 2116 οὖν
301 2087 365 2116 ἄστυ
391 2088 499 2121 ἅπόνως
523 2090 641 2130 ἐλήφθη.
658 2089 746 2119 Ἀλλὰ
775 2083 867 2127 μέντοι
891 2091 936 2118 καὶ

996 2091 1103 2128 clypeis
1127 2093 1280 2128 impositos
1301 2101 1317 2119 a
1341 2092 1453 2119 robutis
1474 2092 1642 2127 juvenibus,
1671 2092 1720 2127 qui
1736 2092 1817 2119 oneri

110 2140 168 2158 τινα
183 2142 299 2171 φρουρια
311 2133 356 2161 καὶ
381 2134 514 2169 σπήλαια,
540 2132 557 2161 ἃ
579 2134 740 2174 Καταφόγια
762 2137 821 2166 τοῖς
850 2134 938 2173 ἐγχω-

111 2175 180 2212 ρίοις
207 2176 386 2214 ὠνόμασται,
418 2179 491 2217 παρὰ
518 2181 572 2207 τῶν
601 2176 773 2217 κατεχόντων
804 2179 871 2207 αὐτὰ
898 2182 936 2216 τῷ

113 2220 218 2258 βασιλεῖ
246 2222 447 2261 παρεδόθησαν,
471 2223 517 2251 καὶ
541 2224 567 2251 οἱ
594 2223 620 2252 ἐν
649 2223 740 2255 αὐτοῖς
772 2223 938 2261 μετῳκίσθη-

111 2275 168 2300 σαν,
203 2268 287 2294 τοῧτο
321 2267 458 2305 συμφέρον
481 2270 530 2295 τοῦ
561 2268 760 2305 αὐτοκράτορος
785 2268 935 2306 κρίναντος.

111 2308 163 2341 Οὕς
193 2311 250 2346 μεθ’
273 2311 369 2339 ἑαυτοῦ
398 2309 491 2340 λαϐὼν
517 2311 629 2348 ἐκεῖνος,
658 2312 781 2351 ἐπανῄει,
811 2312 868 2340 ἐπεὶ
898 2313 935 2350 μὴ

111 2353 255 2390 πολεμίοις
277 2354 397 2394 ἐνέτυχε.
424 2359 482 2384 Τῶν
500 2356 529 2385 δὲ
555 2357 785 2395 μετοικιζομένων
801 2356 860 2385 ὅσοι
887 2357 934 2394 μὶν

112 2396 274 2433 ἀκμάζοντες
305 2401 372 2434 ἦσαν
401 2400 418 2435 ἢ
444 2401 489 2429 καὶ
514 2401 665 2438 νεάζοντες,
696 2400 730 2429 δι’
756 2401 855 2430 ἑαυτῶν
884 2402 934 2436 τήν

112 2442 221 2480 πορείαν
241 2444 400 2480 πεποίηντο·
430 2446 472 2477 οἷς
499 2445 527 2474 δὶ
549 2447 581 2474 τὸ
606 2450 694 2485 γῆρας
722 2445 830 2484 βραδεῖς
856 2446 934 2474 ιτίθει

112 2487 172 2518 θοὺς
200 2485 284 2518 πόδας
310 2487 349 2519 εἷς
374 2488 490 2527 βάδισιν,
516 2491 625 2523 τούτοις
653 2492 933 2530 παρεῖχενὸκρατῶν

992 2136 1111 2164 ferendo
1127 2144 1212 2172 pares
1227 2139 1335 2170 essent,
1358 2136 1466 2172 gestari
1486 2136 1586 2171 jussit,
1611 2136 1732 2171 ipseque
1747 2136 1816 2163 obe-

992 2181 1133 2216 quittans,
1149 2180 1175 2208 si
1190 2189 1275 2216 quem
1300 2189 1401 2208 eorum
1421 2180 1467 2208 vel
1492 2180 1540 2208 siti
1564 2180 1757 2214 laborantem,
1771 2180 1817 2208 vel

992 2225 1090 2253 cibum
1116 2225 1343 2258 desiderantem,
1373 2225 1417 2253 vel
1442 2225 1551 2261 alioqui
1580 2225 1654 2253 male
1678 2225 1814 2253 allectum

993 2269 1112 2303 videret,
1130 2277 1197 2297 eum
1211 2277 1263 2305 pro
1278 2269 1356 2297 virili
1372 2269 1531 2297 recreabat.
1558 2269 1603 2296 Sic
1619 2269 1815 2305 proﬁciscenti

991 2316 1020 2342 et
1034 2314 1189 2342 divertenti
1213 2314 1298 2342 Turci
1325 2313 1527 2342 Occidentales
1549 2315 1749 2347 occurrerunt,
1766 2313 1816 2348 qui

991 2358 1154 2395 principem
1170 2367 1257 2386 suum
1275 2358 1359 2387 ferire
1382 2367 1449 2387 cum
1466 2358 1606 2387 Romanis
1629 2359 1721 2387 foedus
1740 2357 1816 2386 velle

991 2403 1131 2432 dicerent.
1155 2404 1236 2437 Quod
1260 2412 1326 2431 cum
1356 2411 1409 2431 nec
1437 2403 1607 2439 imperatori
1634 2403 1812 2439 displiceret,

991 2456 1077 2476 mane
1093 2448 1287 2476 Barbarorum
1304 2448 1441 2484 princeps
1455 2448 1544 2482 venit,
1558 2456 1614 2476 non
1631 2448 1813 2484 satrapa,sed

991 2501 1025 2521 ex
1041 2492 1152 2521 sultani
1167 2501 1283 2529 genere,
1298 2493 1348 2528 qui
1363 2494 1391 2520 et
1409 2493 1472 2529 ipse
1487 2501 1504 2521 a
1518 2493 1580 2521 suis
1603 2492 1738 2521 sultanus
1761 2500 1812 2521 vo-

747 2577 851 2610 Varia:
868 2577 1017 2609 lectiones
1032 2580 1063 2608 et
1077 2580 1172 2608 notae.

142 2649 199 2685 (33)
223 2647 330 2690 Στήλη.
360 2649 404 2690 De.
429 2649 483 2678 hac
500 2652 598 2690 statua
625 2652 808 2682 Constantini
832 2655 861 2682 et
884 2662 932 2681 co-

111 2684 210 2726 ιυιηηι
237 2685 459 2727 Ροιρηγτειίρες.
489 2687 681 2727 ejusdemque
717 2692 820 2727 statas
849 2697 929 2725 casu.

111 2721 221 2761 egimus
236 2721 266 2750 in
281 2721 362 2761 Notis
375 2721 413 2761 ad
425 2721 746 2761 AlexiadcmwAanzam.
762 2725 843 2752 Illius
860 2721 931 2761 praal

110 2758 186 2796 terea
215 2757 352 2796 meminit
373 2758 488 2786 Nicetes
514 2759 544 2796 in
572 2760 706 2790 Thesauro
741 2757 928 2796 orthodfﬁd.

112 2792 160 2820 lib.
177 2801 204 2827 ν,
231 2802 293 2830 cap.
314 2794 368 2830 ili,
384 2802 419 2822 ex
444 2795 577 2823 versione
606 2797 685 2825 Petri
713 2796 845 2825 Morelli:
862 2792 930 2825 Cum

110 2829 273 2869 pervenisset
285 2829 320 2869 ad
334 2829 437 2865 Sigma,
454 2832 528 2869 locus
541 2833 587 2869 hic
597 2837 637 2862 est
651 2833 728 2861 urbis
741 2833 933 2862 Constantino—

109 2865 199 2901 poleos
224 2866 264 2894 ita
287 2865 375 2895 dictus
402 2874 452 2896 nec
471 2866 568 2904 procul
589 2877 608 2898 α
630 2869 775 2906 Purpurea
800 2869 930 2899 columna

986 2653 1119 2682 dissitas:
1134 2662 1176 2687 ea,
1193 2654 1318 2689 inqnam,
1334 2655 1381 2682 cui
1396 2656 1521 2683 maxima
1537 2655 1711 2684 Constantini
1723 2658 1813 2682 statua

985 2691 1117 2726 imposita
1135 2693 1182 2723 est,
1201 2698 1260 2726 quas
1275 2689 1419 2724 Ἀνθήλιος
1433 2691 1551 2725 dicitur,
1567 2699 1626 2727 quae
1653 2693 1735 2718 terra
1754 2698 1812 2727 mo-

984 2727 1115 2768 ta'elc‘am
1128 2727 1272 2768 confracta
1287 2727 1327 2753 est
1346 2727 1498 2763 imperante
1509 2726 1707 2756 Comhenorum
1720 2726 1812 2761 primo

985 2762 1098 2796 Alexio,
1115 2764 1169 2790 etc.

1105 2797 1155 2835 Τὸν
1178 2796 1331 2835 ΔΚαμύτζην
1363 2797 1523 2830 Εὗστάθιον.
1558 2798 1649 2835 Cujus
1678 2805 1735 2835 _no_u
1763 2805 1809 2825 se-

984 2832 1043 2862 mel
1063 2832 1199 2863 meminit
1213 2836 1298 2862 Anna
1313 2833 1461 2864 Comnena
1474 2835 1523 2864 lib.
1537 2843 1590 2863 xm
1599 2832 1755 2863 Ἁίεωίαάίε.
