2032 3167
112 189 186 221 321

765 179 970 220 ΑΝΝΑΙΣΙῙΪΜ
993 180 1067 219 LIB.
1089 187 1198 221 xvm.

1773 190 1832 220 322

110 248 243 293 ’Δγκῆρι
279 253 387 286 καυθεῖς
424 254 565 281 modun"
593 251 692 291 ἂγκῆρι
731 252 855 291 λέγοντες
892 252 956 284 τοὺς

1019 253 1076 282 vitae
1090 255 1298 292 progredienti.
1315 255 1468 292 Negabant
1481 258 1579 284 tamen
1601 254 1718 290 medici,
1739 254 1830 283 vitam

111 301 291 338 συγγραφεῖς
316 298 433 330 ἐκείνους
461 299 493 326 τὸ
525 296 649 334 σιδήριον
686 298 839 334 ἀπεικάσαι,
865 296 900 325 δι’
927 297 958 325 οὗ

110 344 171 371 τὸν
188 343 329 381 στόμαχον
342 342 569 381 καυτηριάζεσθαι
589 341 705 370 εἴθισται
729 341 775 370 διὰ
798 343 829 370 τὸ
858 342 959 378 κικάμ-

114 388 192 426 φθαι
218 388 286 426 πρὸς
307 388 339 415 τὸ
361 386 443 424 ἄκρον
465 386 557 414 αὐτόν.
586 385 666 414 Ἀλλ’
688 385 745 414 οὔθ’
770 387 788 422 ἡ
813 386 958 424 καυτηρία,

116 431 192 461 οὔτε
209 433 262 470 μὴν
277 434 294 467 ἡ
309 434 358 460 τοῦ
374 431 452 470 ἀέρος
468 430 605 469 ἐναλλαγὴ
630 433 671 467 τῷ
693 431 827 467 κάμνοντι
849 442 875 459 τι
899 431 961 458 ἐλο-

117 477 288 513 σιτέλησαν,
304 476 395 514 ἠρέμα
411 475 440 504 δὶ
463 476 531 514 πρὸς
560 477 590 503 τὸ
613 475 693 506 τέλος
716 475 829 514 ἐχώρει,
847 473 908 503 οὔτε
933 474 962 502 δὲ

117 522 151 550 οἱ
174 521 263 560 ἰατροὶ
279 521 449 558 ἂπεγνῶσθαι
477 520 551 556 αὖτῷ
579 520 610 547 τὸ
633 519 767 557 βιώσιμον
788 519 895 558 ἔλεγον·
918 530 963 561 καί

116 577 202 598 τινες
220 566 341 603 μοναχοὶ
364 563 518 603 προῦλεγον
543 564 617 601 αὺτῷ
643 565 681 601 μὴ
707 563 801 596 ἄλλως
830 563 964 604 ἐκλιπεῖν,

120 611 150 639 εἰ
196 612 234 648 μὴ
273 610 406 649 πρότερον
443 610 511 648 πρὸς
537 608 720 648 Ἰερουσαλὴμ
755 609 886 647 ἀφίκηται
927 607 964 639 εἷς

122 655 316 694 προσκύνησιν
340 657 389 683 τοῦ
421 653 566 692 ζωηφόρου
594 655 680 692 τάφου
707 655 755 681 τοῦ
784 652 887 692 Κυρίου
916 654 963 682 καὶ

125 704 266 737 Σωτῆρος
295 701 386 736 ἡμῶν,
403 699 473 727 ὅπου
502 698 548 727 καὶ
576 699 607 726 τὸ
632 697 755 734 διάδημα
770 697 850 725 αὐτὸν
866 697 966 729 ἀποθέ-

126 746 193 773 σθαι
232 743 343 781 μέλλειν
382 742 623 781 ἐχρησμολόγουν.
653 743 705 770 Καὶ
743 742 768 770 οἱ
801 743 849 779 μὲν
879 743 964 769 ταῦτα

127 790 208 826 αὖτῷ
222 788 439 827 ἐπηγγέλλοντο,
456 789 470 815 ὁ
488 787 517 816 δὲ
538 790 598 818 τοῖς
627 787 789 825 λεγομένοις
818 786 965 820 ἐπίστευεν,

126 837 166 863 ‘0
190 834 242 872 γὰρ
267 835 334 870 ἡμῖν
357 833 426 869 πρὸς
449 831 565 870 βουλῆς,
581 833 662 859 τοῦτο
687 830 779 869 ῥᾴδιον
806 831 845 862 εἷς
874 830 963 858 πίστιν

129 877 401 916 καταγγελλόμενον.
425 876 505 906 Οὕτω
540 875 570 904 δὶ
602 876 789 913 κλεπτόμενος
823 873 904 908 ἔλαθε
929 877 968 911 τῷ

128 922 208 951 τέλει
232 921 414 960 προσεγγίσας
441 924 492 956 τῆς
520 921 629 959 βιοτῆς,
642 921 687 948 καὶ
711 921 765 959 πρὸ
787 924 837 955 τῆς
867 920 905 952 εἰς
923 920 968 948 Ἱε-

134 966 284 1005 ρουσαλήμ
313 967 441 1006 ἀφίξεως,
465 965 644 1001 ἀποθέμενος,
669 964 732 992 ἀλλ’
756 964 810 1002 οὐχ
832 964 912 998 ἑκὼν,
936 967 968 994 τὸ

135 1010 269 1048 διάδημα.
294 1010 347 1045 Εῗη
378 1009 402 1037 δ’
427 1010 516 1037 εἰπεῖν
543 1009 612 1047 πρὸς
635 1009 685 1044 τὴν
710 1008 766 1036 am
789 1007 971 1046 Ἰερουσαλήμ

136 1055 308 1092 ἐκδημήσας,
331 1055 382 1089 τὴν
407 1054 463 1082 τῶν
492 1054 672 1092 πρωτοτόκων
707 1053 890 1091 μητρόπολιν,
915 1055 968 1080 τῶν

138 1098 390 1137 ἀπογεγραμμένων
420 1098 446 1126 ἐν
480 1098 616 1136 οὐρανοῖς.
646 1096 890 1132 Πεντεκαιδεκάτην
923 1096 971 1133 μὶν

136 1145 152 1172 ὁ
178 1143 336 1182 Αὔγουστος
367 1145 417 1181 ἦγε
448 1146 498 1177 τῆς
531 1140 674 1177 ἑνδεκάτης
704 1141 899 1179 ἐπινεμήσεως,
924 1140 970 1168 καὶ

134 1189 171 1217 τὰ
194 1187 336 1216 τελευταῖα
370 1186 443 1215 ἔπνει
466 1187 480 1215 ὁ
507 1185 670 1224 Αὔγουστος,
694 1186 739 1213 καὶ
763 1187 777 1213 ὁ
804 1186 850 1223 μὶν
882 1183 969 1213 ἔκειτο

135 1232 277 1272 ἀναφέρων
311 1232 344 1260 τὸ
369 1233 458 1268 ἆσθμα
485 1231 586 1259 πυκνόν
612 1241 640 1258 τι
665 1230 710 1258 καὶ
739 1230 859 1268 ἀδρανὲς.
884 1231 917 1258 Ἡ
941 1229 970 1258 δέ

136 1288 169 1314 γε
186 1271 330 1315 βασίλισσα
356 1275 409 1311 ὅλη
434 1277 482 1303 τοῦ
504 1276 607 1308 πάθους
629 1275 672 1310 ἦν,
688 1275 732 1302 καὶ
762 1278 878 1310 συνῆκτο
906 1271 969 1313 περὶ

140 1322 223 1356 αὐτὴν
251 1321 285 1349 τὰ
307 1321 445 1359 θυγάτρια.
463 1319 536 1356 Ἤδη
563 1319 611 1357 μὲν
637 1318 681 1347 οὖν
703 1322 755 1354 τῆς
781 1319 885 1358 ἡμέρας
899 1329 969 1357 παρ-

141 1365 271 1402 εληλύθει
295 1365 326 1393 τὸ
350 1364 446 1401 πλέον,
461 1365 506 1392 καὶ
531 1365 545 1392 ὁ
569 1363 649 1399 ἥλιος
672 1364 727 1402 οὐχ
753 1364 819 1402 ὑπὲρ
845 1363 968 1402 κεφαλῆς

139 1411 173 1445 ἦν
199 1410 293 1443 ἑστὼς,
309 1408 366 1437 οὐδ’
383 1410 440 1436 οἷον
465 1408 549 1437 εἰπεῖν
574 1409 643 1436 κατὰ
665 1408 776 1440 κάθετον
799 1407 863 1436 ἀλλ’
878 1407 968 1436 ἐκλίν-

140 1455 173 1490 θη
198 1453 288 1492 βραχύ
312 1464 338 1481 τι
362 1454 463 1481 κατιὼν
488 1453 557 1491 πρὸς
571 1451 686 1489 δυσμὰς,
701 1452 746 1480 καὶ
773 1451 904 1488 δηλοῦται
928 1455 968 1489 τῷ

139 1501 189 1526 τοῦ
216 1498 353 1536 βασιλέως
388 1498 440 1534 υἱῷ
462 1497 507 1525 καὶ
539 1496 647 1535 βασιλεῖ
674 1496 794 1524 ἐκλιπεῖν
829 1498 889 1535 ἄρτι
921 1498 968 1525 τὸν

140 1544 258 1580 πατέρα.
273 1545 300 1569 Ὁ
329 1540 352 1569 δ’
368 1542 452 1578 εἰσῄει
472 1541 518 1569 τὸν
542 1542 626 1575 οἶκον,
649 1539 711 1573 ἔνθα
734 1552 784 1580 περ
805 1542 819 1568 ὁ
847 1542 970 1577 θνήσκων

145 1586 296 1622 κατέκειτο,
311 1584 370 1613 οὔτι
391 1586 437 1613 τὸν
464 1586 577 1613 ἀπιόντα
602 1586 757 1622 θρηνήσων,
773 1586 803 1613 τὸ
824 1584 853 1613 δὲ
874 1586 967 1613 πιστὸν

139 1629 193 1657 τοῦ
221 1631 345 1666 θνήσκειν
369 1629 470 1657 ἐκεῖνον
494 1631 529 1666 τῇ
556 1629 616 1666 ὕψει
642 1629 809 1666 ληψόμενος.
827 1630 875 1657 Καὶ
904 1628 968 1657 ἰδὼν

139 1674 240 1702 αὐτίκα
268 1673 374 1709 ἐξῆλθε,
403 1673 448 1701 καὶ
478 1671 577 1706 ἀναϐὰς
613 1673 657 1701 τὸν
688 1672 784 1710 ἵππον,
815 1673 886 1710 ἐξῄει
914 1676 968 1701 τῶν

144 1719 296 1756 Μαγγάνων
321 1718 367 1746 σὺν
391 1721 450 1749 τοῖς
472 1719 533 1756 περὶ
564 1717 656 1752 αὐτὸν,
681 1717 774 1753 ἐξιόντι
802 1716 831 1745 δὲ
864 1717 966 1746 πολλοὶ

142 1763 369 1800 συναπήχθησαν.
398 1763 479 1799 ’Ἄρτι
504 1761 528 1790 δ’
557 1762 692 1798 ἐξελθόντι
715 1762 761 1790 τὸν
783 1765 836 1790 τῶν
857 1763 965 1802 Μαγγά-

139 1816 193 1834 νων
236 1804 383 1844 περίϐολον
418 1809 627 1845 προϋπαντῶσιν
659 1807 686 1834 οἱ
713 1805 864 1844 Ἀϐασγοί’
890 1808 964 1835 οὗτοι

140 1850 163 1879 δ’
186 1851 253 1886 ἦσαν
279 1851 306 1878 οἳ
334 1853 368 1888 τῇ
397 1850 423 1887 ἐξ
451 1849 593 1889 Ἀὄασγίας
616 1850 777 1889 κομισθείσῃ
802 1851 890 1888 παιδὶ,
919 1852 964 1880 καὶ

139 1896 328 1934 νυμφευομένῃ
357 1898 396 1932 τῷ
424 1895 528 1932 μείζονι
565 1897 619 1923 τῶν
651 1895 729 1923 υἱέων
754 1898 802 1924 τοῦ
833 1896 964 1935 Καίσαρος

141 1939 240 1968 ἆκεῖθεν
275 1939 523 1976 συναπεστάλησαν,
554 1941 598 1968 καὶ
639 1941 832 1976 ὖπαντηκότες,
863 1941 965 1977 ἐπηλά-

138 1984 220 2020 λαξάν
235 1995 265 2012 τε
278 1985 324 2012 καὶ
353 1984 566 2023 προσεκύνησαν.
583 1985 652 2014 Τότε
673 1984 737 2024 φασί
758 1986 808 2020 τὴν
838 1985 965 2024 βασιλίδα

137 2031 177 2057 τῶ
202 2030 347 2065 θνήσκοντι
382 2029 489 2067 βασιλεῖ
523 2030 680 2067 περιπαθῶς
717 2030 882 2068 ἀπαγγεῖλαι
913 2032 962 2065 τήν

136 2075 184 2100 τοῦ
212 2073 292 2104 υἱέως
320 2073 475 2108 ἀπέλευσιν,
496 2073 542 2101 τὸν
572 2073 601 2101 δὲ
628 2073 788 2112 φθέγξασθαι
818 2075 865 2111 μὲν
894 2076 963 2113 πρὸς

136 2119 216 2146 τοῦτο
247 2116 343 2154 μηδὲν,
369 2117 387 2152 ἧ
420 2118 458 2154 μή
490 2117 658 2156 βουλόμενον
688 2118 705 2152 ἢ
731 2119 769 2154 μὴ
797 2118 962 2156 δυνάμενον·

138 2161 226 2200 διᾶραι
253 2161 282 2190 δὲ
307 2162 355 2194 τὰς
383 2164 479 2200 χεῖρας
505 2162 586 2199 ὑψοῦ,
604 2161 654 2189 οὐκ
682 2161 732 2190 οἶδ’
747 2161 795 2195 ε”θ¹
813 2163 962 2202 ὑπερευχό-

139 2217 216 2243 μενον
236 2209 284 2234 τοῦ
318 2207 390 2241 υἱοῦ,
417 2205 470 2233 tif-ra
493 2206 547 2242 μὴν
569 2205 781 2244 κατευχόμενον.
804 2208 911 2245 Ἔτεροι
935 2207 963 2236 δέ

138 2261 199 2290 φασι
217 2252 255 2288 μή
271 2251 319 2282 τὰς
345 2253 442 2289 χεῖρας
461 2249 552 2289 διᾶραι
573 2250 618 2278 τὸν
644 2251 803 2287 θνήσκοντα,
818 2251 888 2288 μηδέ
910 2253 961 2291 γὰρ

1013 299 1077 334 ejus
1091 307 1156 327 esse
1171 300 1370 335 deploratam:
1387 308 1421 328 ac
1437 299 1574 328 monachi
1588 299 1707 336 quidam
1726 299 1831 336 praedi-

1014 343 1119 371 cebant
1134 344 1169 378 ei,
1186 353 1245 372 non
1259 345 1435 373 moriturum
1449 345 1620 381 priusquam
1633 343 1833 380 Hierosolyma

1013 387 1142 416 venisset
1156 388 1190 415 ad
1205 388 1349 417 viviﬁcum
1374 389 1541 425 sepulcrum
1557 388 1673 417 Domini
1688 390 1716 416 et
1729 389 1833 417 Serva-

1015 433 1087 460 toris
1102 433 1211 461 nostris
1220 433 1412 466 adorandum,
1424 434 1474 461 ubi
1483 434 1618 461 diadema
1630 433 1831 469 depositurum

1017 484 1084 504 eum
1099 477 1350 504 vaticinabantur:
1368 486 1492 513 quorum
1507 477 1556 505 ille
1579 477 1716 514 pollicitis
1732 477 1831 504 crede-

1016 521 1077 549 bat.
1094 521 1168 548 Nam
1184 521 1342 549 orationem
1371 529 1433 557 qua
1449 521 1534 550 nobis
1561 521 1639 549 cordi
1667 523 1721 555 est,
1751 521 1836 550 facile

1019 566 1209 601 comprobare
1223 566 1362 594 solemus.
1380 567 1421 593 [ta
1436 574 1486 601 per
1501 567 1694 602 imposturam
1705 575 1762 594 non
1774 567 1838 594 ani-

1019 610 1176 637 madvertit
1191 618 1222 637 se
1237 610 1301 638 vitae
1318 610 1406 638 ﬁnem
1426 609 1567 645 attigisse,
1584 612 1739 645 antequam
1770 610 1837 638 Hie-

1020 653 1166 689 rosolyma
1187 654 1362 690 perveniret,
1391 654 1554 681 diademate
1583 662 1753 689 quanquam
1782 663 1839 683 non

1021 697 1098 726 ultro
1124 697 1236 734 posito:
1270 698 1325 725 etsi
1353 697 1410 726 dici
1435 697 1513 725 308
1533 699 1620 732 queat
1648 697 1684 724 ad
1713 705 1841 734 superna

1021 742 1222 777 Hierosolyma
1236 742 1383 778 profectus
1407 750 1482 775 esse,
1499 742 1760 777 primogenitorum
1778 750 1842 769 me-

1021 786 1169 822 tropolim,
1184 786 1234 822 qui
1249 788 1319 814 sunt
1333 786 1362 814 in
1393 786 1473 814 caelis
1501 785 1645 821 inscripti.
1662 785 1754 822 Igitur
1782 786 1843 814 Au-

1022 831 1142 867 gustixv
1153 831 1313 859 undecimae
1328 830 1507 864 indictionis,
1522 831 1842 866 Augustusexlremum

1022 875 1146 904 ducebat
1161 876 1309 912 spiritum,
1325 876 1376 911 qui
1402 875 1468 903 cum
1483 876 1618 903 crebrum
1635 875 1846 911 inﬁrmumque

1023 920 1142 948 trahens
1158 920 1318 948 anhelitum
1330 921 1450 956 jaceret,
1471 920 1641 956 imper-strix
1657 927 1779 947 maerore
1792 927 1845 956 op-

1024 973 1125 1000 pressa
1139 965 1248 998 aderat,
1261 964 1378 992 ﬁliabus
1389 965 1476 992 etiam
1487 964 1692 1000 praesentibus.
1702 965 1767 992 Jam
1781 972 1842 991 ma-

1019 1009 1084 1044 jore
1099 1009 1155 1036 diei
1172 1011 1254 1044 parte
1281 1011 1390 1042 exacta,
1406 1017 1473 1036 cum
1503 1009 1544 1036 sol
1571 1017 1626 1035 non
1643 1017 1730 1044 supra
1756 1009 1846 1043 caput

1024 1055 1124 1087 staret,
1140 1061 1192 1080 nec
1204 1054 1248 1089 (ut
1263 1053 1303 1081 ita
1318 1050 1422 1088 dicam)
1452 1053 1488 1080 ad
1518 1053 1770 1089 perpendiculum,
1792 1053 1843 1081 sed

1024 1097 1157 1125 nonnihil
1171 1097 1329 1125 inclinatus
1354 1098 1390 1124 ad
1407 1105 1544 1125 occasum
1561 1097 1702 1131 tenderet,
1718 1097 1845 1132 impera-

1023 1143 1095 1170 toris
1111 1141 1186 1170 ﬁlios
1201 1141 1392 1176 signiﬁcatur,
1409 1145 1521 1177 patrem
1542 1149 1626 1178 agere
1650 1142 1790 1169 animam.
1813 1142 1844 1169 In

1024 1194 1144 1223 gressus
1159 1186 1248 1222 igitur
1258 1187 1344 1218 aedes,
1357 1187 1386 1213 in
1399 1186 1506 1221 quibus
1518 1186 1712 1214 moribundus
1723 1187 1844 1214 decum-

1024 1231 1121 1266 bebat,
1138 1240 1195 1259 non
1212 1233 1243 1258 ut
1267 1231 1454 1258 decedentem
1484 1230 1656 1266 deploraret,
1673 1232 1721 1258 sed
1752 1233 1782 1258 ut
1809 1231 1845 1258 de

1023 1277 1087 1312 ejus
1102 1278 1195 1303 morte
1210 1275 1315 1302 certior
1330 1275 1509 1309 redderetur,
1526 1282 1559 1302 eo
1574 1275 1634 1302 viso
1650 1275 1748 1303 statim
1762 1275 1843 1310 exiit,

1023 1323 1052 1348 et
1067 1328 1142 1356 equo
1158 1328 1327 1353 conscenso,
1345 1327 1411 1346 cum
1442 1327 1496 1346 suo
1524 1320 1663 1347 comitatu
1688 1322 1717 1348 et
1740 1319 1844 1348 multis

1022 1366 1100 1400 aliis,
1115 1365 1268 1402 Manganis
1283 1364 1415 1392 excessit.
1433 1364 1494 1396 Quo
1519 1365 1593 1392 facto
1609 1365 1706 1392 statim
1722 1365 1842 1401 Abasgi,

1023 1411 1071 1445 qui
1088 1410 1189 1446 puellm
1205 1418 1238 1438 ex
1261 1409 1388 1445 Abasgia
1411 1409 1554 1444 adductae,
1572 1411 1603 1437 ut
1619 1411 1688 1437 natu
1710 1410 1838 1437 maximo

1023 1455 1143 1483 timearis
1165 1455 1224 1482 ﬁlio
1252 1457 1386 1490 nupturas
1416 1453 1547 1489 adjuncti
1573 1454 1697 1489 fuerant,
1727 1454 1843 1482 obviam

1023 1499 1102 1533 lacti,
1119 1499 1234 1527 sublato
1246 1499 1370 1526 clamore
1395 1506 1460 1526 eum
1478 1499 1645 1526 adorarunt.
1662 1499 1737 1526 Tum
1763 1498 1847 1526 aiunt

1022 1543 1238 1580 imperatricem
1253 1543 1306 1570 ﬁiii
1322 1543 1485 1571 discessum
1515 1543 1651 1570 morienti
1674 1541 1846 1579 imperatori

1022 1587 1155 1615 dolenter
1183 1596 1337 1615 narrasse:
1354 1595 1422 1614 eum
1438 1596 1504 1614 vero
1521 1587 1555 1614 ad
1572 1587 1601 1614 ib
1627 1587 1700 1614 nihil
1722 1595 1847 1623 respon-

984 1621 1006 1655 C
1023 1632 1111 1665 disse,
1129 1640 1179 1660 seu
1196 1640 1253 1659 non
1269 1631 1365 1662 vellet.
1381 1640 1431 1658 seu
1463 1640 1519 1659 non
1538 1634 1656 1667 posset:
1673 1632 1723 1659 sed
1741 1639 1847 1659 manus

1022 1676 1279 1710 sustulisse,haud
1307 1676 1379 1709 scio,
1409 1676 1481 1703 bene
1506 1685 1542 1703 an
1573 1676 1649 1704 male
1678 1678 1845 1712 precantem

1021 1721 1091 1749 ﬁlio.
1104 1721 1158 1748 Alii
1168 1729 1274 1748 manus
1282 1729 1347 1748 eum
1361 1720 1517 1748 sustulisse
1530 1722 1647 1757 negant,
1657 1729 1750 1757 neque
1763 1721 1842 1749 enim

1020 1765 1049 1793 id
1068 1766 1161 1794 facere
1178 1765 1307 1801 potuisse
1323 1765 1507 1799 morientem,
1524 1766 1574 1793 sed
1591 1765 1776 1802 imperatrice
1787 1774 1841 1794 ste-

1020 1810 1087 1846 pius
1102 1809 1287 1843 vociferante,
1303 1809 1380 1837 abire
1393 1810 1494 1845 ﬁlium,
1511 1811 1537 1838 ci
1562 1811 1666 1838 virenti
1680 1814 1840 1846 erepturum

1019 1855 1176 1891 imperium,
1202 1854 1285 1882 illum
1324 1863 1428 1890 parum
1458 1854 1640 1891 obscureque
1670 1854 1838 1889 subrisisse,

1019 1900 1078 1928 sive
1088 1908 1152 1927 eam
1164 1899 1323 1927 orationem
1338 1899 1529 1934 deridentem,
1542 1899 1566 1927 si
1583 1903 1734 1935 putaretur
1743 1900 1839 1928 adhuc

1019 1945 1054 1972 de
1070 1943 1192 1980 imperio
1222 1943 1366 1971 sollicitus
1394 1952 1458 1971 esse
1481 1945 1644 1980 exspirans,
1665 1948 1840 1980 terrenaque

1015 1989 1077 2025 jam
1091 1988 1266 2016 relicturus:
1297 1988 1357 2016 sive
1381 1989 1451 2024 quid
1481 1989 1517 2016 de
1545 1989 1595 2016 illo
1610 1989 1686 2017 tacto
1705 1990 1839 2024 sentiret,

1018 2033 1207 2061 indicantem.
1223 2033 1295 2060 Nam
1311 2034 1338 2060 et
1354 2032 1389 2060 ab
1405 2032 1471 2060 aliis
1487 2035 1515 2060 et
1529 2033 1565 2060 ab
1592 2033 1655 2069 ipso
1677 2033 1838 2069 Porphyro-

1018 2078 1116 2114 genito
1132 2077 1307 2113 imperatore
1320 2076 1504 2110 narrabatur,
1521 2086 1587 2105 eum
1605 2086 1661 2105 non
1674 2078 1737 2105 sine
1748 2077 1839 2113 patris

1018 2121 1140 2150 consilio
1153 2122 1263 2157 regiam
1280 2129 1344 2148 esse
1359 2121 1540 2157 ingressum,
1557 2122 1606 2149 sed
1623 2122 1733 2149 exitum
1745 2121 1839 2149 abillo

1017 2166 1043 2195 ei
1052 2166 1143 2194 fuisse
1156 2174 1327 2193 concessum
1338 2174 1344 2194 :
1357 2167 1442 2201 cujus
1451 2166 1490 2193 rei
1503 2168 1645 2194 tesseram
1658 2165 1737 2193 illius
1747 2174 1839 2193 annu-

1017 2211 1078 2239 lum
1096 2210 1273 2247 accepisset:
1290 2218 1382 2246 eaque
1406 2211 1483 2238 tacta
1511 2218 1576 2238 esse
1605 2211 1723 2238 absente
1747 2210 1839 2246 impe-

1017 2256 1134 2289 ratrice,
1150 2256 1179 2282 et
1193 2254 1243 2281 illa
1257 2254 1420 2290 ignorante.
1438 2254 1509 2282 Cum
1539 2254 1628 2291 igitur
1644 2254 1745 2289 abiret,
1762 2254 1841 2282 fama

138 2295 193 2323 οἷόν
208 2296 232 2323 τ’
248 2295 317 2323 εἶναι
331 2294 385 2331 ἤδη
416 2295 585 2324 ἐκλείποντα.
603 2297 660 2330 Τῆς
682 2294 710 2322 δὲ
735 2294 875 2333 βασιλίδος
896 2296 964 2325 πολ-

1019 2301 1089 2337 quid
1106 2302 1203 2327 actum
1219 2301 1310 2334 esset,
1326 2298 1456 2327 celeriter
1486 2298 1665 2335 divulgante,
1695 2300 1729 2326 ad
1760 2298 1839 2326 hunc

139 2339 216 2371 λάκις
244 2339 460 2378 ἀνακραγούσης,
490 2340 527 2372 ὡς
555 2341 678 2368 ’Άπεισιν
709 2340 722 2367 ὁ
751 2340 808 2372 υἱός
842 2351 890 2368 σου
923 2341 961 2370 ἔτι

140 2384 227 2417 ζῶντά
266 2394 295 2411 σε
325 2385 374 2419 τήν
415 2383 553 2423 βασιλείαν
592 2385 821 2423 ἀφαιρησόμενος,
860 2385 961 2416 ἐκεῖνον

1018 2346 1224 2381 imperatorem
1240 2346 1268 2371 et
1283 2344 1409 2379 cognati,
1433 2345 1461 2371 et
1473 2351 1508 2371 ex
1521 2343 1648 2371 tribunis
1669 2343 1796 2371 militum
1812 2345 1841 2372 et

1018 2398 1053 2418 ex
1068 2390 1169 2417 senatu
1182 2387 1267 2416 multi
1279 2395 1310 2415 se
1320 2388 1518 2416 contulerunt.

142 2426 331 2463 ὑπομειδιᾶσαι
360 2429 449 2467 βραχύ
476 2440 501 2457 τι
529 2429 573 2457 καὶ
601 2428 735 2468 ἀμυδρὸν,
764 2429 781 2464 ἢ
808 2432 861 2457 τῶν
884 2430 1039 2470 λεγομένων
1070 2431 1271 2470 καταγελῶντα,
1299 2430 1323 2458 εἲ
1348 2431 1489 2468 νομίζοιτο
1521 2431 1583 2470 περὶ
1615 2434 1666 2466 τῆς
1701 2430 1838 2470 βασιλείας

140 2471 290 2511 φροντίζειν
316 2472 432 2501 ἐκπνέων
459 2472 513 2509 ήδη
543 2474 588 2501 καὶ
623 2476 677 2501 τῶν
711 2476 813 2512 νεκρῶν
854 2477 1059 2515 μεθιστάμενος,
1089 2477 1106 2511 ἢ
1134 2477 1184 2511 τὴν
1212 2478 1261 2508 τῆς
1290 2476 1381 2513 ψυχῆς
1410 2476 1453 2503 ἰπὶ
1478 2479 1518 2513 τῷ
1551 2476 1730 2515 πραττομένῳ
1754 2475 1841 2504 διάθε-

139 2527 178 2544 σιν
210 2516 422 2555 ὑπεμφαίνοντα.
449 2518 574 2555 Ἐλέγετο
602 2518 652 2557 γάρ
680 2529 724 2546 τοι
751 2519 796 2546 καὶ
820 2521 883 2558 παρ’
898 2520 993 2550 ἄλλων
1022 2522 1067 2550 καὶ
1095 2522 1158 2559 παρ’
1173 2521 1275 2549 ἐκείνου
1302 2523 1350 2548 τοῦ
1377 2521 1600 2560 Ηορφυρογενοῦς
1629 2521 1838 2559 αὐτοκράτορος,

140 2562 177 2597 μὴ
206 2561 321 2600 γνώμης
351 2562 413 2600 ἄτερ
442 2566 574 2599 πατρικῆς
605 2563 693 2590 θέσθαι
719 2563 769 2598 τήν
800 2563 837 2596 είς
865 2565 899 2593 τὰ
928 2566 1053 2604 βασίλεια
1091 2564 1222 2604 πάροδον,
1252 2563 1324 2593 ἀλλὰ
1362 2567 1427 2603 παρ’
1452 2565 1555 2593 ἐκείνου
1593 2565 1782 2605 ἐπιτετράφθαι
1812 2566 1838 2593 οἱ

137 2607 185 2641 τήν
214 2604 316 2642 ἔξοδον,
334 2606 379 2633 καὶ
403 2605 527 2643 σύνθημα
553 2606 653 2642 ταύτης
682 2607 712 2635 ἐκ
737 2609 785 2634 τοῦ
813 2609 915 2648 πατρὸς
946 2608 1040 2639 λαϐεῖν
1063 2611 1110 2638 τὸν
1141 2609 1241 2637 ἐκείνου
1272 2608 1434 2637 δακτύλιον·
1463 2612 1546 2638 ταῦτα
1576 2609 1604 2639 δε
1634 2611 1672 2649 μὴ
1696 2610 1837 2648 παρούσης

775 2703 877 2735 Varia;
892 2705 1042 2738 lectiones
1057 2709 1088 2737 et
1103 2708 1198 2736 notae.

193 2777 276 2810 Αὐτὸς
291 2778 418 2806 κοατηίσει
433 2778 544 2816 τετράγε
559 2778 631 2806 ὀκτὼ
646 2777 772 2816 χρόνους,

190 2814 238 2850 Ὦς
246 2804 340 2850 νεκρθς
352 2798 407 2850 ’ἤδη
422 2814 467 2843 καὶ
482 2815 529 2850 θέᾳ
543 2813 708 2850 λελεμένος,

192 2814 235 2845 Ὧς
246 2813 340 2850 νεκρὸς
352 2813 407 2850 ἤδη
422 2814 467 2843 καὶ
480 2813 529 2850 ea;
543 2813 700 2858 λελεμένὸς,

192 2848 302 2879 Οἴδσσιν
315 2850 417 2880 πολλοὶ
427 2851 472 2879 καὶ
489 2849 560 2889 μηδὶ
572 2856 668 2879 τουτον
685 2848 806 2888 βλέπων,

1068 2783 1116 2824 :Oc
1133 2782 1162 2810 ἐκ
1178 2781 1262 2818 μέθης
1279 2778 1307 2824 ξδὶ
1319 2783 1480 2824 φανερωθεὶς
1493 2785 1628 2824 «comicos,

1064 2817 1330 2865 ’Σκηπτροκρατήσεί
1347 2817 1430 2851 τῆσδε
1442 2823 1494 2855 τῆς
1510 2819 1657 2864 βασιλείας,

1070 2855 1120 2883 Καὶ
1135 2853 1218 2883 πάλιν
1233 2853 1292 2890 ἥξει
1306 2852 1462 2895 ἒπεαλόφου
1474 2857 1507 2884 τὸ
1521 2865 1631 2894 κρατος.
