2032 3167
231 140 290 171 323

906 142 1068 173 JOANNIS
1089 143 1191 174 ZONA
1199 145 1262 176 RE

1886 149 1947 178 324

228 208 348 254 γενέσθαι
374 209 423 240 τῆς
453 207 605 254 βασιλίδος,
626 208 677 254 ,καὶ
704 208 856 247 ἀγνοούσητ
885 208 925 237 ὅτι
962 208 1116 247 γεγόνασιν,
1143 211 1175 237 Ὁ
1205 211 1253 247 μιν
1295 210 1341 240 οὗν
1377 213 1469 251 ἀπῄει.
1497 216 1552 249 Τῆς
1591 215 1692 254 φήμης
1723 213 1753 243 δὶ
1781 216 1949 253 κηροξῶσης

229 252 299 290 ταχὺ
314 253 345 280 τὸ
359 253 490 297 παρχθὶν,
505 255 545 289 τῷ
562 252 670 297 βασιλιῖ
683 253 774 290 τούτῳ
788 254 832 281 καὶ
847 254 879 281 τὸ
908 253 1032 290 συγγενὶς
1061 254 1188 291 προσῄει,
1202 256 1246 283 καὶ
1275 258 1330 284 τῶν
1359 261 1561 294 στρατιωτικῶν
1591 252 1733 297 ἀρχόντων
1764 259 1877 288 πολλοὶ
1902 260 1947 287 καὶ

228 299 281 324 τῶν
295 297 344 331 τῆς
361 295 518 334 συγκλήτου
537 296 652 335 βουλῆς.

263 370 358 397 XXIX.
373 371 515 398 Caeterum
531 371 567 398 ad
597 379 735 406 magnam
751 371 861 407 regiam
879 372 1034 406 properant

1111 404 1117 407 _
1140 363 1202 389 KO'.
1290 362 1314 391 δ’
1329 364 1362 399 ἦν
1388 366 1405 400 ἡ
1433 366 1507 402 ὁρμὴ
1532 366 1600 402 πρὸς
1625 366 1657 394 τὸ
1675 367 1742 405 μέγα
1772 367 1944 405 ἀνάκτορονί

226 415 388 447 nuntiatur,
418 415 566 450 Varangoe
596 415 731 443 stationis
755 415 968 448 excubitorum,
1001 414 1049 442 ubi

225 458 314 486 iidem
339 459 523 491 habitabant.
548 460 596 487 via
624 463 774 496 occupata,
804 460 948 488 neminem
982 458 1049 486 illae

225 502 351 529 transire
367 503 436 538 pati,
454 506 503 530 aut
518 503 594 530 809
617 504 753 531 accedere
781 504 817 531 ad
847 504 968 539 regiam.
987 504 1048 536 Quo

225 547 328 574 nuntio
346 547 545 582 perturbatus,
562 548 721 583 quemdam
747 548 782 575 ad
800 547 866 576 illos
883 548 970 575 mittit
987 556 1047 583 per-

224 593 386 623 contatum,
403 591 473 627 quid
489 591 546 619 sibi
557 591 656 619 velint.
674 592 761 619 Mittit
787 595 814 619 et
830 592 865 620 ad
887 591 1047 620 Ecclesiam

223 635 273 671 qui
289 634 408 670 diceret,
425 635 631 672 imperatorem
647 644 711 664 esse
729 639 888 671 mortuum,
902 644 992 672 seque
1004 644 1047 664 oe-

221 679 329 707 lebrari
345 679 417 708 velle
433 683 465 707 ut
482 680 699 716 imperatorem.
714 682 750 708 Ac
766 681 794 708 id
807 681 925 717 quidem
942 690 958 708 a
969 681 1046 709 clero

221 727 250 752 et
263 733 380 752 summo
394 727 510 760 pastore
522 725 641 753 factum.
662 726 716 753 Sed
732 726 860 762 Varangi
887 726 1046 762 responde-

221 772 290 796 runt
306 769 331 796 ei
347 769 396 804 qui
408 769 538 805 rogabat,
556 778 608 797 cur
626 769 708 805 regite
731 770 812 798 aditu
838 771 1044 806 imperatorem

219 813 418 848 excluderent,
443 822 474 841 se
490 814 665 850 imperatore
679 815 794 842 vivente
817 815 963 842 neminem
980 824 1044 850 pas-

219 866 304 885 suros
321 858 444 894 ingredi.
463 858 514 886 Illo
532 867 598 886 vero
612 859 790 893 inﬁrmante,
813 859 875 894 jam
891 867 955 886 esse
967 867 1044 887 mor-

219 905 303 930 tuum
318 912 323 930 :
336 903 461 938 Varangi
475 903 669 939 jurejurando
699 904 813 931 sancita
828 905 892 939 ejus
920 903 960 932 rei
977 904 1042 938 flde,

217 947 386 983 imperatori
403 948 511 982 regiam
528 948 638 981 ingredi
665 951 884 976 concesserunt.
900 948 960 980 Quo
976 957 1043 976 cum

218 991 409 1027 pervenisset,
425 1000 492 1019 cum
519 993 582 1020 suis
604 992 793 1027 deliberabat,
819 993 965 1028 quomodo
981 995 1039 1020 tra-

1105 404 1212 434 ἇπιόντι
1227 406 1256 435 δὲ
1281 408 1442 446 ἀγγέλλεται
1471 410 1508 442 ὡς
1531 411 1556 438 οἱ
1581 410 1716 449 Βάραγγοι
1735 412 1784 446 τὴν
1819 411 1848 439 ἐν
1882 404 1944 443 τοῖς

1103 449 1268 486 ἆξκουϐίτοις
1316 451 1487 493 διειληφότες
1527 453 1599 492 ὁδὸν,
1641 453 1702 483 ἔνθα
1737 466 1787 494 περ
1826 455 1945 488 τούτοις

1103 496 1147 523 καὶ
1176 497 1193 531 ἡ
1223 497 1390 534 κατοίκησις,
1433 499 1558 528 ἀπελθεῖν
1603 499 1638 528 δι’
1667 500 1771 536 ἐκείνης
1811 501 1844 528 οὗ
1888 512 1944 528 πα-

1103 542 1260 579 ραχωροῦσί
1299 553 1362 579 τινι,
1392 542 1455 572 οὐδὲ
1493 545 1546 581 μὴν
1585 544 1735 580 πλησιάσαι
1776 549 1838 576 τοῖς
1891 546 1942 582 βα-

1102 585 1226 617 σιλείοις.
1251 588 1338 615 Τοῦτο
1371 588 1409 616 είς
1446 588 1561 626 ἀγωνίαν
1588 590 1633 617 τὸν
1666 589 1778 627 βασιλέα
1808 587 1941 618 ἐνέϐαλε.

1102 630 1150 658 Καὶ
1193 631 1301 660 στέλλει
1341 633 1411 671 πρὸς
1458 633 1576 666 ἐκείνους
1618 634 1679 662 τινὰ
1721 633 1870 672 ἱρωτῶντα
1915 635 1941 662 τί

1100 675 1131 702 τὸ
1173 676 1246 714 σφίσι
1290 676 1482 714 βουλόμενον’
1513 677 1619 706 στέλλει
1651 676 1680 705 Si
1706 678 1751 705 καὶ
1780 679 1852 716 πρὸς
1884 679 1938 713 τὴν

1101 720 1288 756 Ἐκκλησίαν,
1325 722 1448 749 τεθνάναι
1495 722 1582 760 λέγων
1624 723 1670 750 τὸν
1714 722 1912 762 αὐτοκράτορα
1930 746 1937 758 ,

1099 764 1144 792 καὶ
1166 767 1254 800 ζητῶν
1278 765 1359 797 αὐτὸς
1387 766 1579 806 εὐφημηθῆναι
1606 768 1643 799 ὡς
1674 767 1863 805 αὐτοκράτωρ.
1883 768 1935 795 Καὶ

1097 811 1180 837 τοῦτο
1207 810 1254 846 μὶν
1276 809 1388 845 ἤνυστο,
1402 812 1446 839 καὶ
1470 811 1658 850 αὐτοκράτορα
1688 812 1765 839 αὐτὸν
1784 813 1798 840 ὁ
1821 811 1934 850 κλῆρος

1097 857 1148 889 τῆς
1173 854 1335 890 Ἐκκλησίας
1362 856 1457 894 γνώμῃ
1484 856 1528 884 καὶ
1561 859 1610 884 τοῦ
1634 854 1835 895 ἀρχιποιμίνος
1866 857 1933 892 ἀνη-

1099 898 1234 936 γόρευσεν.
1250 903 1279 928 ‘0
1307 898 1336 927 δὲ
1363 901 1431 938 πρὸς
1458 901 1521 932 τοὺς
1564 901 1723 939 Βαράγγους
1762 900 1930 938 ἐσταλμένος

1098 943 1192 979 ἠρώτα
1221 943 1348 978 ἐκείνους,
1375 945 1439 972 ὅτου
1474 945 1556 984 χάριν
1586 945 1724 974 κωλύουσι
1753 948 1794 982 τῷ
1819 946 1929 984 βασιλεῖ

1096 989 1147 1022 τήν
1163 988 1201 1019 είς
1220 989 1253 1016 τὰ
1271 988 1393 1026 βασίλεια
1406 989 1536 1027 πάροδον·
1551 991 1577 1018 οἳ
1592 989 1621 1018 δὲ
1643 992 1680 1026 μή
1707 1000 1773 1018 ποτε
1792 1001 1925 1028 παραχω-

219 1036 325 1064 ctanda
341 1039 419 1064 esset
432 1040 536 1070 mater,
552 1038 666 1070 fratres,
695 1045 879 1073 sororesque,
895 1040 923 1065 et
947 1038 1034 1065 Caesa:

1097 1036 1178 1070 ρῆσαι
1205 1035 1258 1060 τῶν
1295 1033 1442 1071 βασιλείων
1471 1034 1566 1072 ἑτέρῳ,
1594 1037 1694 1069 ζῶντος
1718 1036 1768 1062 τοῦ
1797 1035 1923 1073 αὐτοκρά-

221 1080 380 1116 Bryenius:
398 1080 463 1108 illos
479 1081 555 1108 enim
573 1081 669 1109 adhuc
697 1082 857 1114 metuebat,
873 1084 1041 1118 suspectos-

218 1133 275 1161 que
291 1125 426 1159 habebat,
455 1133 490 1152 ne
520 1134 565 1153 res
591 1134 680 1153 novas
703 1126 886 1154 molirentur.
909 1127 944 1154 At
959 1128 1041 1162 pater

215 1171 308 1197 totum
326 1170 420 1198 adhuc
436 1170 514 1197 diem
531 1171 672 1206 spirabat,
690 1170 905 1206 difﬁculterque
935 1171 1039 1198 morie-

216 1214 314 1248 batur,
331 1214 386 1242 sub
402 1222 552 1250 vesperam
569 1216 688 1242 demum
704 1215 877 1242 exstinctus.
895 1214 972 1242 Vixit
989 1223 1039 1242 an-

215 1267 268 1286 nos
284 1259 480 1295 septuaginta,
497 1262 549 1286 aut
578 1259 702 1293 circiter,
722 1259 851 1294 regnavit
879 1261 991 1293 septem
1011 1262 1040 1288 et

213 1303 345 1339 triginta,
363 1311 480 1331 menses
493 1306 608 1338 quater,
625 1306 653 1330 et
681 1303 744 1330 dies
763 1303 884 1338 aliquot.
897 1303 975 1330 Obiit
990 1312 1039 1331 an-

213 1356 250 1375 no
261 1347 361 1375 mundi
377 1347 472 1376 sexies
486 1347 655 1380 millesimo,
672 1348 883 1375 sexcentesimo
900 1347 1037 1386 vigesimo

212 1395 303 1426 sexto,
319 1392 442 1428 imperio
468 1392 589 1420 feliciter
611 1392 827 1426 administrate,
843 1391 908 1420 vitae
927 1392 1036 1421 exitum

212 1445 269 1464 non
286 1445 370 1473 teque
397 1445 570 1472 prosperum
593 1437 725 1464 sortitus.
742 1440 766 1463 Α
786 1437 929 1464 ministris
957 1438 1036 1465 enim

215 1481 274 1509 fere
294 1481 432 1509 omnibus
454 1483 499 1509 est
514 1481 658 1513 desertus,
676 1483 708 1508 ut
724 1489 812 1517 prope
828 1481 900 1509 nulli
927 1485 1035 1516 essent,

216 1527 265 1562 qui
291 1526 414 1554 cadaver
443 1526 507 1562 ejus
532 1526 688 1562 postremis
714 1525 836 1555 lavacris
860 1530 1035 1564 purgarent:

214 1579 309 1606 neque
325 1573 447 1598 ornatus
470 1571 676 1606 imperatoriue
692 1573 797 1606 priesto
817 1571 859 1599 eis
874 1574 961 1605 esset,
979 1580 1036 1607 quo

213 1616 336 1643 cadaver
351 1615 416 1650 ejus
432 1623 482 1650 pro
499 1614 641 1650 dignitate
658 1618 820 1648 ornaretur,
837 1623 931 1651 neque
947 1616 1036 1643 funus

209 1660 236 1688 ei
268 1661 377 1687 factum
403 1661 446 1686 est
462 1659 629 1695 imperatori
653 1661 838 1688 conveniens.
865 1660 954 1695 quue
978 1669 1036 1688 non

210 1704 317 1739 alieno,
334 1704 385 1731 sed
408 1703 467 1731 ﬁlio
498 1703 611 1739 imperii
637 1712 824 1732 successore:
854 1707 882 1732 et
910 1713 943 1732 eo
963 1704 1033 1738 filio,

208 1757 294 1785 quem
312 1749 374 1784 ipse
389 1748 511 1783 imperio
527 1748 704 1776 ornarat.Sic
714 1756 812 1776 rerum
823 1749 1032 1777 humamarum

208 1793 281 1821 nihil
298 1792 402 1820 stabile
418 1794 446 1818 et
472 1792 590 1819 ﬁrmum
615 1795 670 1824 est,
687 1793 736 1820 sed
768 1792 859 1820 infida
881 1793 989 1826 omnia,
1004 1796 1033 1820 et

209 1840 322 1865 tessera
337 1835 534 1863 mutabiliora.
555 1836 619 1863 Fuit
633 1838 728 1863 autem
747 1836 796 1864 ille
806 1837 860 1870 vir,
876 1840 908 1864 ut
926 1840 953 1864 et
969 1846 1030 1865 mo-

209 1890 255 1909 res
271 1882 336 1916 ejus
352 1888 506 1915 expressos
523 1881 557 1908 ad
575 1881 754 1916 posteritatis
777 1883 947 1910 memoriam
968 1891 1031 1918 pro-

209 1933 361 1961 pagemus,
379 1933 473 1960 neque
489 1925 568 1953 ferox
582 1928 610 1952 et
634 1934 786 1961 arrogans,
806 1935 899 1962 neque
914 1927 1029 1955 iracun-

207 1970 273 2002 dus,
291 1977 384 2004 neque
399 1977 516 2004 avarus,
533 1978 585 1997 nec
609 1970 736 2006 pecuniis
753 1970 877 1998 nimium
893 1972 1029 2008 cupidus,

206 2015 239 2040 ut
252 2021 315 2041 eam
331 2013 481 2048 conﬂaret,
493 2016 521 2042 et
537 2014 565 2041 in
593 2016 747 2042 thesauros
771 2015 900 2044 occultos
915 2019 944 2044 et
959 2017 1029 2044 sub-

205 2059 353 2086 terraneae
368 2066 436 2094 opes
450 2059 628 2087 reconderet.
642 2059 723 2087 Unde
735 2068 828 2095 neque
839 2063 904 2096 post
915 2061 1028 2088 obitum

203 2101 267 2136 ejus
296 2102 324 2130 in
354 2103 455 2131 aerario
483 2111 589 2139 magna
616 2104 740 2139 pecunia
769 2107 814 2132 est
841 2108 974 2140 reperta:
991 2106 1027 2133 ad

204 2146 435 2175 misericordiam
453 2156 630 2183 propensus,
643 2148 677 2175 ad
691 2149 848 2176 sumendas
860 2153 1027 2185 pmnastar-

203 2191 269 2226 dus,
282 2191 413 2220 moribus
440 2192 607 2226 moderatis,
624 2200 743 2220 accessu
773 2193 876 2227 facilis,
892 2193 921 2220 in
951 2195 1026 2222 victu

206 2244 263 2264 non
281 2236 492 2272 intemperans,
509 2244 566 2264 non
584 2235 648 2263 vino
665 2236 802 2271 deditus;
820 2237 927 2265 virtute
955 2247 1026 2274 prse-

201 2281 288 2308 distis
304 2281 470 2309 auscultare
485 2283 514 2308 et
531 2281 671 2308 honorem
685 2281 792 2309 habere
819 2281 935 2309 solitus.
953 2283 1024 2310 Eru-

202 2325 343 2352 ditionem
373 2334 430 2353 non
448 2327 480 2352 ut
494 2325 695 2358 conveniebat,
718 2326 768 2353 sed
785 2328 933 2362 utcunque
947 2327 1024 2354 colo-

202 2369 270 2396 bnt:
287 2370 471 2404 commodus,
490 2369 567 2397 310
579 2378 636 2397 non
667 2369 800 2397 insolens
815 2378 884 2406 erga
899 2379 948 2399 eos
964 2372 1026 2408 qui-

1095 1087 1185 1114 τορος,
1212 1075 1321 1116 ἔφασαν.
1354 1078 1471 1110 Ἐκεῖνος
1502 1077 1530 1106 δὲ
1558 1079 1713 1114 τεθνηκέναι
1737 1076 1915 1106 διεϐεϐαιοῦτο

1094 1122 1140 1149 τὸν
1175 1123 1374 1160 αὐτοκράτορα.
1406 1123 1455 1150 Καὶ
1492 1123 1518 1150 οἱ
1554 1124 1688 1161 Βάραγγοι
1722 1123 1798 1159 ὅρκῳ
1827 1123 1916 1151 τουτον

1095 1167 1309 1206 πληροφορῆσαι
1335 1167 1434 1198 αὐτοὺς
1463 1168 1614 1204 ἀπῄτησαν.
1642 1168 1692 1196 Καὶ
1717 1168 1746 1199 ὃς
1768 1166 1876 1204 ὤμοσεν
1903 1169 1920 1202 ἦ

1096 1212 1149 1247 μὴν
1179 1213 1301 1239 τεθνάναι
1327 1212 1372 1239 τὸν
1406 1211 1529 1250 βασιλέα,
1558 1213 1679 1240 κάκεῖνοι
1708 1211 1843 1246 ἐνέδοσαν,
1877 1213 1921 1240 καὶ

1093 1259 1142 1290 τῆς
1171 1255 1292 1293 παρόδου
1320 1259 1360 1293 τῷ
1391 1256 1499 1294 βασιλεῖ
1520 1257 1732 1295 παρεχώρησαν.
1748 1257 1777 1284 ’0
1794 1256 1822 1284 δὲ
1837 1257 1921 1294 ἀπῄει

1092 1301 1160 1338 πρὸς
1187 1301 1221 1328 τὰ
1250 1301 1382 1338 βασίλεια,
1399 1302 1444 1328 καὶ
1473 1301 1575 1329 τούτων
1602 1301 1676 1334 ἐντὸς
1703 1302 1833 1340 γεγονὼς,
1860 1304 1921 1333 πῶς

1092 1344 1121 1372 ἂν
1143 1346 1278 1383 χρήσαιτο
1306 1345 1341 1383 τῇ
1372 1346 1455 1383 μητρὶ
1483 1345 1529 1374 καὶ
1556 1349 1615 1377 τοῖς
1639 1346 1792 1383 ὁμογνίοις,
1808 1346 1853 1373 καὶ
1882 1348 1922 1382 τῷ

1091 1392 1145 1417 τῶν
1174 1389 1313 1425 κηδεστῶν
1349 1390 1386 1418 ἑνὶ
1427 1393 1467 1426 τῷ
1499 1390 1631 1428 Βρυενίῳ,
1662 1391 1729 1426 μετὰ
1764 1393 1819 1417 τῶν
1858 1391 1922 1428 περὶ

1092 1434 1171 1462 αὐτὸν
1197 1432 1367 1463 ἐϐουλεύετο.
1396 1436 1454 1462 Ἔτι
1483 1435 1533 1474 γὰρ
1563 1433 1692 1463 ἐδεδοίκει
1720 1434 1844 1470 τούτους,
1877 1435 1922 1463 καί

1092 1479 1118 1506 οἱ
1147 1479 1216 1513 ἦσαν
1253 1479 1279 1506 ἐν
1308 1479 1447 1516 ὑποψίαις,
1477 1479 1614 1514 ἱλπίζοντι
1647 1479 1815 1517 νεωτερίσειν
1854 1479 1924 1511 ίσως

1091 1525 1198 1556 αὐτούς.
1227 1526 1256 1552 '0
1285 1524 1314 1552 ὃὶ
1341 1524 1440 1552 τούτου
1473 1526 1563 1561 πατὴρ
1592 1525 1654 1562 παρ’
1684 1523 1752 1558 ὅλην
1789 1524 1837 1561 μὶν
1867 1535 1920 1559 την

1091 1569 1194 1607 ἡμέραν
1225 1569 1344 1606 ἐμπνέων
1370 1569 1417 1605 ἦν,
1441 1569 1485 1596 καὶ
1512 1568 1692 1603 δυσθανατῶν,
1717 1568 1779 1605 περὶ
1809 1567 1837 1596 δὶ
1865 1569 1919 1604 τήν

1092 1613 1202 1652 ίσπέραν
1229 1613 1352 1650 ἐξέλιπε·
1383 1615 1464 1649 ζήσας
1495 1614 1543 1650 μὶν
1572 1610 1618 1649 ἔτη
1649 1611 1838 1650 ἑϐδομήκοντά
1864 1624 1920 1641 που

1090 1659 1124 1686 τὰ
1151 1660 1237 1686 πάντα
1260 1659 1277 1693 ἢ
1307 1658 1347 1686 ὅτι
1378 1658 1524 1697 ἐγγυτάτω,
1540 1658 1701 1696 βασιλεύσας
1714 1656 1737 1685 δ’
1752 1658 1782 1685 ἐκ
1808 1658 1917 1685 τούτων

1090 1703 1226 1735 ἐνιαυτοὺς
1253 1703 1320 1730 ἔπτὰ
1347 1703 1390 1730 καὶ
1419 1703 1574 1739 τριάκοντα,
1603 1702 1648 1730 ἐπὶ
1688 1702 1756 1739 μησὶ
1789 1703 1918 1741 τέσσαρσι

1088 1749 1132 1775 καὶ
1148 1748 1262 1785 ἡμέραις
1277 1747 1357 1776 τισίν.
1369 1749 1463 1776 Ἐθανε
1479 1747 1508 1775 δὲ
1532 1747 1601 1775 κατὰ
1621 1747 1653 1775 τὸ
1678 1746 1917 1785 ἐξακισχιλιοστόν

1087 1792 1274 1828 ἂξακοσιοστὸν
1292 1793 1411 1820 είκοστὸν
1434 1791 1510 1820 ἵκτον
1534 1791 1604 1823 ἔτος’
1620 1792 1670 1826 τὴν
1697 1792 1744 1828 μὶν
1770 1791 1914 1829 βασιλείαν

1086 1836 1221 1872 διηνυκὼς
1237 1837 1408 1876 εὐτυχῶς,τὸ
1419 1836 1448 1865 δέ
1460 1848 1491 1874 γε
1500 1835 1580 1868 τέλος
1593 1836 1646 1874 οὐχ
1660 1836 1757 1873 ὅμοιον
1771 1836 1914 1874 ἐσχηκώς.

1085 1881 1288 1910 Καταλέλιιπτο
1324 1882 1376 1920 γὰρ
1409 1882 1478 1919 πρὸς
1517 1883 1571 1908 τῶν
1612 1881 1782 1919 θεραπόντων
1811 1879 1913 1918 σχεδὸν

1085 1927 1220 1962 ἁπάντων,
1237 1927 1274 1958 ὡς
1301 1925 1365 1963 μηδ’
1385 1926 1451 1954 εἶναι
1475 1926 1549 1963 τάχα
1571 1926 1657 1960 τινὰς,
1673 1925 1737 1957 τοὺς
1764 1926 1810 1953 τὸν
1840 1925 1913 1953 lust-

1084 1981 1131 1997 νου
1160 1971 1254 2008 νεκρὸν
1277 1973 1335 2002 τοῖς
1367 1970 1498 2002 λοισθίοις
1531 1969 1658 2008 λουτροῖς
1691 1969 1914 2008 ἀποῤῥύψαντας,

1083 2015 1126 2042 καὶ
1154 2013 1215 2042 οὔτε
1238 2015 1342 2052 κόσμος
1360 2014 1496 2053 βασίλειος
1511 2018 1616 2051 προσῆν
1640 2017 1699 2045 τοῖς
1733 2014 1795 2051 περὶ
1817 2014 1912 2048 αὐτὸν,

1080 2058 1117 2086 ’ἶν’
1145 2059 1218 2096 αύτῷ
1247 2059 1278 2087 τὸ
1302 2062 1381 2097 σῶμα
1403 2059 1556 2096 κοσμηθείη
1583 2058 1742 2097 βασιλικῶς,
1766 2057 1827 2086 οὔτε
1853 2059 1911 2095 μὴν

1083 2104 1198 2144 ἐκφορᾶς
1219 2101 1299 2142 ἔτυχε
1323 2103 1430 2142 βασιλεῖ
1452 2103 1640 2139 καταλλήλου.
1666 2103 1717 2132 Καὶ
1744 2105 1828 2131 ταῦτα
1858 2104 1913 2131 οὐκ

1082 2147 1241 2187 ἀλλοτρίου,
1271 2148 1334 2176 ἀλλ’
1373 2149 1452 2180 υἱέως
1494 2147 1639 2185 δεξαμένου
1680 2149 1730 2182 τήν
1767 2147 1908 2187 βασιλείαν

1082 2194 1166 2230 αύτῷ,
1191 2194 1235 2221 καὶ
1255 2194 1347 2227 υῗίως,
1363 2193 1392 2221 ὃν
1413 2193 1513 2225 ἐκεῖνος
1535 2197 1584 2228 τῆς
1615 2192 1754 2231 βασιλείας
1779 2192 1907 2229 ἠξίωσεν.

1081 2239 1174 2270 Οὕτως
1191 2238 1267 2266 οὐδὲν
1291 2241 1344 2266 τῶν
1369 2238 1544 2276 ἀνθρωπίνων
1563 2237 1691 2275 μόνιμον,
1708 2236 1770 2266 οὐδὲ
1797 2238 1906 2275 πάγιον,

1081 2282 1143 2310 οὐδὲ
1166 2283 1260 2311 πιστόν
1284 2293 1314 2310 τε
1334 2282 1379 2310 καὶ
1406 2279 1527 2320 βέϐαιον,
1542 2280 1606 2309 ἀλλ’
1627 2282 1725 2309 ἄπιστα
1749 2281 1845 2318 πάντα,
1861 2282 1906 2309 καὶ

1079 2325 1164 2355 κύϐου
1194 2326 1300 2364 μᾶλλον
1331 2327 1394 2365 ῥᾷον
1425 2326 1619 2364 μετατιθέμενα
1633 2326 1677 2354 καὶ
1706 2326 1905 2364 μεταῤῥεπτού-

1082 2383 1157 2409 μενα.
1187 2375 1235 2399 Ἦν
1261 2370 1283 2399 δ’
1313 2373 1328 2399 ὁ
1357 2371 1425 2408 ἀνὴρ
1450 2370 1504 2408 (ἵνα
1525 2371 1570 2398 καὶ
1597 2371 1642 2398 τὸν
1671 2370 1772 2407 τρόπον
1801 2371 1902 2398 ἐκείνου

200 2413 325 2441 buscum
339 2413 455 2449 vivibat,
480 2414 571 2442 comis
601 2416 629 2442 et
653 2414 816 2450 jucundus,
847 2416 929 2451 quasi
957 2425 1023 2444 cum

1089 2416 1166 2452 ἲῆλον
1194 2415 1304 2453 θείημεν
1345 2419 1404 2447 τοῖς
1443 2416 1595 2453 μετέπειτα,
1623 2415 1668 2442 καὶ
1692 2415 1724 2443 τὰ
1752 2416 1820 2450 ἦθος
1847 2418 1905 2448 τοῖς

201 2457 363 2493 aequalibus
379 2459 496 2487 viveret.
512 2458 593 2487 Unde
608 2458 650 2486 illi
672 2458 783 2487 securis
798 2463 882 2488 erant
906 2462 1023 2497 animis,

200 2509 295 2537 neque
311 2505 388 2530 metu
398 2503 565 2531 attonitiilli
578 2503 889 2538 astabant,pr£esertim
904 2506 1025 2534 absente

200 2545 396 2584 imperatrice,
412 2556 476 2584 quae
491 2547 684 2584 imperiosum
701 2547 814 2583 aliquid
839 2551 867 2576 et
891 2558 1024 2579 severum

201 2599 259 2627 pres
275 2600 305 2620 se
321 2592 441 2628 ferebat,
457 2595 485 2621 et
507 2592 655 2620 modestia:
685 2591 791 2621 oblitos
812 2594 909 2622 acrius
928 2594 1025 2624 incre-

200 2637 299 2673 pabat.
325 2639 365 2666 Ac
392 2638 515 2674 pulchra
541 2638 659 2673 quidem
675 2637 733 2666 ista
747 2641 836 2667 sunt:
854 2640 920 2676 quis
944 2641 1023 2668 enim

201 2683 306 2717 neget?
319 2691 442 2718 quaque
458 2682 562 2718 privati
577 2682 706 2710 hominis
732 2682 835 2712 laudes
859 2684 1022 2720 absolvant,

200 2734 258 2753 non
275 2728 372 2754 tamen
403 2726 559 2762 ejusmodi,
577 2735 642 2762 qua
665 2727 872 2763 imperatorem
903 2730 1022 2758 omnino

199 2769 312 2799 bonum
341 2771 555 2800 demonstrent.
584 2771 655 2800 Nam
684 2771 797 2800 homini
823 2773 934 2809 privato
949 2774 1022 2803 satis

200 2816 245 2843 est
258 2816 431 2852 moderatio,
457 2816 590 2853 equites,
619 2815 814 2854 placabilius,
843 2820 872 2848 et
896 2817 927 2847 in
942 2820 1022 2850 omni

1080 2461 1218 2499 ὀψιγόνοις
1241 2460 1500 2499 χαρακτηρίσωμεν)
1523 2459 1579 2488 οὗθ’
1604 2460 1784 2498 ὑπεροπτικός
1810 2471 1839 2488 τε
1859 2461 1904 2488 καὶ

1079 2504 1199 2540 ἀλαζὼν,
1214 2503 1275 2533 οὕτε
1304 2506 1358 2542 μὴν
1389 2505 1450 2542 ὀξὺς
1472 2505 1510 2537 είς
1534 2505 1631 2542 θυμὸν,
1655 2503 1719 2532 ἀλλ’
1739 2503 1802 2533 οὐδὲ
1830 2515 1905 2543 χρη-

1082 2551 1173 2587 μάτων
1198 2549 1300 2586 ἥττων,
1316 2549 1372 2578 οὗθ’
1397 2550 1463 2588 ἄγαν
1488 2550 1722 2588 ἐρασιχρήματος,
1740 2549 1810 2578 ὥστε
1840 2550 1904 2588 βού-

1079 2594 1173 2627 λεσθαι
1200 2594 1401 2633 καταχωννύειν
1430 2595 1499 2623 αὐτὰ
1533 2594 1577 2622 καὶ
1610 2594 1760 2631 ταμιεύειν,
1786 2594 1822 2622 ἵν’
1852 2596 1903 2623 εἶεν

1078 2639 1151 2676 αὐτῷ
1175 2639 1306 2678 θησαυροὶ
1329 2638 1526 2678 κεκρυμμένοι,
1545 2639 1590 2667 καὶ
1618 2639 1733 2677 ὑπόγαια
1760 2641 1903 2678 χρήματα,

1078 2683 1137 2712 ὅθεν
1172 2684 1234 2712 οὐδὲ
1271 2685 1399 2715 Θανόντος
1441 2683 1557 2712 πλεῖστα
1593 2684 1666 2722 παρᾶ
1693 2687 1751 2715 τοῖς
1778 2685 1904 2721 ταμείοις

1078 2728 1241 2766 εὑρέθησαν·
1272 2729 1340 2767 πρὸς
1369 2728 1444 2757 ἔλεον
1473 2729 1666 2767 εὖκατάφορος,
1692 2729 1760 2767 πρὸς
1786 2729 1902 2758 κύλασιν

1077 2773 1127 2801 οὐκ
1155 2774 1315 2813 ὀξύρροπος,
1334 2773 1442 2812 μέτριος
1469 2774 1500 2802 τὸ
1529 2774 1608 2809 ἦθος,
1637 2774 1808 2812 εὐπρόσιτος,
1837 2775 1902 2814 περῖ

1076 2819 1126 2854 τὴν
1154 2818 1256 2849 δίαιταν
1287 2819 1336 2848 οὐκ
1364 2817 1528 2856 ἀκόλαστος,
1554 2815 1604 2847 οὐκ
1626 2817 1700 2847 οἴνου
1729 2819 1902 2857 ἡττώμενος,
