2032 3167
108 169 184 200 325

764 165 970 198 ANNALIUM
996 167 1069 197 LIB.
1093 167 1203 200 XVIII.

1767 171 1828 201 326

107 238 178 266 τοῖς
193 234 325 272 ἐναρὲτως
351 234 439 272 βιοῦσι
462 233 608 270 προσέχων
630 232 675 260 καὶ
688 232 833 269 ἀπονέμων
846 231 942 268 τιμήν,

1007 233 1080 261 δυηυ
1096 237 1125 262 et
1139 235 1216 263 victu
1232 237 1349 264 modus.
1368 237 1541 273 Imperatori
1557 245 1623 264 vero
1647 238 1752 271 prater
1767 236 1827 264 haec

111 280 223 318 λόγους
239 279 296 317 ούχ
310 279 347 310 ὡς
372 276 425 306 ἔδει
446 279 546 314 τιμῶν,
560 277 628 308 τέως
655 275 683 304 δέ
697 287 727 314 γε
749 278 849 313 τιμῶν,
863 276 946 303 ἐπιει-

112 325 174 361 κής
197 335 226 352 τε
249 323 294 352 καὶ
314 326 373 354 τοῖς
395 322 458 360 περὶ
482 321 560 349 αὐτὸν
582 321 613 349 οὐ
638 319 762 360 σοϐαρῶς
785 321 948 359 προσφερό-

116 380 215 407 μενος,
228 368 292 396 ἀλλ’
317 367 346 395 ἐκ
368 369 416 394 τοῦ
441 365 501 394 ἴσου
528 365 625 404 σχεδὸν
651 365 758 402 ὁμιλῶν
783 376 812 393 τε
835 365 881 393 καὶ
895 375 947 403 χα-

115 413 344 451 ριεντιζόμενος.
368 412 448 444 ’Όθεν
473 411 606 442 κάκείνοις
636 410 744 448 θαρῤεἷν
779 409 867 447 ἐπῄει,
903 409 948 437 καὶ

116 459 156 487 οὐ
186 459 253 496 μιτᾶ
282 456 357 488 δέους
386 455 459 492 αὐτῷ
489 455 652 493 παρεστάναι
670 477 677 490 ,
700 455 745 482 καὶ
777 453 884 491 μᾶλλον
910 453 949 481 ὅτ’

115 503 228 538 ἀπῆν-ἡ
254 501 408 540 βασίλισσα.
426 499 640 528 Ἐπεστέλλοντο
670 499 721 537 γὰρ
748 498 853 534 ἐκείνης
879 508 948 536 παρ-

116 547 208 583 ούσης
259 543 373 584 ἀρχικόν
423 555 452 572 τε
493 545 536 572 καὶ
577 542 705 582 ἐμϐριθὲς
746 543 950 580 ἐνδεικνυμένης

119 591 241 628 ἰδίωμα,
275 590 321 618 καὶ
353 591 412 621 τοῖς
446 589 604 616 ἀτακτοῦσιν
634 588 804 625 ἐπιτιμώσης
833 587 950 627 σφοδρό-

117 646 217 676 τερον,
246 636 276 663 '0
306 634 353 671 μὲν
370 634 416 662 οὗν
441 635 566 664 τοιοῦτος
581 634 623 668 ἧν.
640 634 732 662 Τάῦτα
758 631 787 660 δὲ
806 633 875 660 κακὰ
891 632 950 669 μὶν,

119 681 171 709 καὶ
213 682 273 711 πῶς
309 679 360 717 γὰρ
400 677 456 712 οὕ,
486 676 583 715 ἰδιώτῃ
623 677 644 705 δ’
683 677 850 715 ἀποχρῶντα
883 676 952 714 πρὸς

119 725 246 759 ἶπαινον,
275 723 307 751 οὐ
335 723 390 760 μήν
415 733 445 760 γε
459 722 504 750 καὶ
522 721 635 759 βασιλέα
663 720 802 749 δεικνύντα
818 720 853 748 τὰ
866 721 952 748 πάντα

122 768 261 808 χρηστόν.
277 767 314 795 Οὐ
338 767 389 805 γὰρ
412 767 439 794 αἱ
455 766 533 794 αὐταὶ
557 767 604 793 καὶ
628 765 761 803 βασιλέως
780 767 826 792 καῖ
838 764 952 792 ’ίδιώτου

122 814 241 852 γένοιντ’
270 812 299 840 ἃν
328 811 443 849 ἀρεταί.
470 810 576 848 ’ἰδιώτῃ
606 811 653 847 μὲν
680 810 732 848 γὰρ
761 809 872 847 ἀπόχρη
908 809 952 836 καὶ

128 859 237 896 μέτριον
253 858 329 891 ἦθος,
351 855 398 883 καὶ
419 854 558 890 ἐπιείκεια,
581 854 626 881 καὶ
651 854 682 882 τὸ
704 854 771 892 πρὸς
798 854 882 890 θυμὸν
903 853 954 881 οὐκ

127 902 268 936 εὐκίνητον
287 923 294 935 ,
324 900 370 928 καὶ
398 900 429 927 τὸ
455 901 563 937 σῶφρον
592 899 624 927 τὸ
649 899 718 937 πρὸς
745 899 795 933 τὴν
826 897 928 926 δίαιταν
945 920 952 927 .

127 945 243 975 Βασιλεῖ
270 944 300 972 δὶ
324 944 393 983 πρὸς
421 943 550 978 τούτοις,
579 943 624 971 καὶ
652 944 670 978 ἡ
699 946 750 978 τῆς
779 941 953 978 δικαιοσύνης

129 990 251 1030 φροντὶς,
266 990 310 1017 καὶ
327 990 345 1024 ἡ
373 991 426 1016 τῶν
457 986 585 1023 ὑπηκόων
609 988 778 1026 προμήθεια,
805 986 850 1014 καὶ
866 988 884 1021 ἡ
898 989 952 1030 τῶν

129 1029 255 1062 παλαιῶν
280 1033 347 1061 ἐθῶν
376 1035 425 1060 τοῦ
453 1031 655 1068 πολιτεύματος
681 1033 817 1069 τήρησις.
848 1033 896 1067 Τῷ
926 1029 955 1058 δὲ

134 1078 247 1116 μέλημα
270 1077 388 1115 μᾶλλον,
413 1078 430 1112 ὴ
454 1079 508 1104 τῶν
536 1077 661 1114 ἀρχαίων
685 1076 752 1108 ἐθῶν
780 1076 877 1113 γέγονε
904 1079 955 1110 τῆς

130 1122 272 1154 πολιτείας
301 1121 464 1156 ἀλλοίώσις,
492 1121 536 1149 καὶ
561 1121 592 1148 τὸ
618 1121 759 1157 μετατάξαι
780 1122 863 1147 ταῦτα
878 1119 954 1158 ἔργον

129 1169 164 1203 ἦν
186 1167 260 1204 αὐτῷ
294 1165 506 1194 σπουδαιότατον
523 1187 530 1201 ,
557 1165 603 1193 καὶ
630 1168 690 1196 τοῖς
716 1164 869 1203 πράγμασιν
899 1163 956 1192 οὐδ’

128 1214 167 1244 ὡς
182 1215 294 1248 κοινοῖς,
308 1211 367 1240 οὐδ’
393 1212 429 1243 ὡς
453 1210 598 1248 δημοσίοις
623 1210 768 1249 ἐκέχρητο,
794 1210 838 1238 καὶ
862 1209 955 1237 ἐαυτὸν

128 1258 182 1285 οὐκ
196 1257 340 1294 οἰκονόμον
367 1256 450 1293 μόνον
474 1255 562 1292 ἤγητο
587 1254 702 1289 τούτων,
723 1254 796 1282 ἀλλὰ
811 1253 955 1289 δεσπότην,

129 1302 175 1329 καὶ
191 1303 265 1329 οἷκον
292 1301 393 1328 οίκεῖον
419 1299 528 1336 ἐνόμιζε
553 1299 598 1327 καὶ
623 1299 747 1336 ὡνόματε
760 1299 795 1327 τὰ
821 1296 954 1327 ϐασίλεια.

131 1346 181 1375 Καὶ
207 1346 271 1378 τοὺς
298 1347 348 1378 τῆς
378 1344 535 1383 συγκλήτου
570 1343 674 1382 βουλῆς
699 1342 760 1372 οὔτε
787 1347 871 1380 τιμῆς
889 1364 896 1377 ,
921 1344 955 1378 ἧς

132 1391 229 1429 ἐχρῆν,
246 1390 334 1426 ἠξίου,
361 1388 422 1417 οὔτε
446 1389 576 1427 πρόνοιαν
600 1389 687 1416 αὐτῶν
714 1387 813 1416 ἐτίθετο
835 1387 902 1415 κατὰ
924 1387 956 1415 τὸ

133 1435 265 1473 ἀνάλογον
284 1456 290 1464 .
315 1433 430 1463 Μᾶλλον
461 1433 552 1469 μέντοι
583 1433 629 1461 καὶ
656 1431 766 1460 ἔσπευσε
791 1434 956 1460 ταπεινῶσαι

132 1479 258 1511 τούτους
273 1479 337 1507 ἀλλ’
360 1477 417 1506 οὐδ’
445 1478 470 1505 ἐν
487 1478 570 1506 ἅπασι
594 1478 644 1512 τὴν
657 1480 707 1512 τῆς
732 1476 906 1512 δικαιοσύνης
921 1477 954 1511 ἦν

133 1527 224 1562 τηρῶν
250 1523 359 1561 ἀρετήν.
384 1522 488 1558 Ταύτης
511 1522 562 1560 γὰρ
586 1521 668 1557 ἴδιον,
690 1522 721 1549 τὸ
744 1523 793 1548 τοῦ
807 1522 866 1548 κατ’
882 1521 954 1555 ἀξίαν

133 1568 236 1604 ἑκάστῳ
258 1567 460 1604 διανεμητικόν.
485 1567 515 1595 Ὁ
540 1565 569 1593 δὲ
593 1568 654 1597 τοῖς
682 1566 729 1602 μὶν
757 1565 893 1602 συγγενέσι
910 1563 956 1592 καί

130 1614 184 1640 τῶν
208 1603 379 1650 θεραπόντων
403 1611 474 1639 τισὶν
497 1610 611 1647 ἀμάξαις
631 1609 712 1642 ὅλαις
725 1612 841 1648 παρεῖχε
854 1609 888 1637 τὸ.
903 1608 951 1644 δη-
967 1603 989 1636 ί]

131 1657 212 1693 μόσια
227 1656 368 1694 χρήματα,
393 1656 437 1683 καὶ
462 1654 599 1693 χορηγίας
621 1654 733 1684 ἐκείνοις
748 1653 831 1692 ἀδρᾶς
846 1653 954 1689 ἐτησίας

125 1701 280 1737 ἀπένειμεν,
296 1701 334 1731 ὡς
360 1699 404 1728 καὶ
430 1699 549 1728 πλοῦτον
575 1697 768 1737 περιϐαλέσθαι
796 1698 890 1736 βαθὺν,
908 1699 953 1726 καὶ

125 1745 276 1783 ὑπηρεσίαν
307 1745 414 1775 ἑαυτοῖς
448 1743 578 1780 ἀποτάξαι
595 1765 604 1777 ,
633 1743 684 1771 οὐκ
723 1741 856 1776 ἲδιώταις,
881 1741 954 1770 ἀλλὰ

124 1788 264 1828 βασιλεῦσι
292 1788 481 1824 κατάλληλον,
508 1788 553 1815 καὶ
583 1786 680 1818 οἷ’κους
707 1788 950 1825 προσκτήσασθαι,

125 1833 231 1871 μεγέθει
265 1833 312 1869 μὲν
342 1832 453 1860 πόλεσιν
485 1832 616 1867 ἐοικότας,
633 1830 800 1867 πολυτελείᾳ
823 1830 852 1858 δὶ
874 1832 951 1868 βασι-

125 1876 205 1906 λείων
220 1877 381 1908 ἀπεοικότας
410 1876 498 1904 οὐδέν·
524 1879 585 1908 τοῖς
609 1875 638 1904 δὶ
663 1875 773 1907 λοιποῖς
793 1878 847 1903 τῶν
864 1876 892 1903 εὗ
906 1886 951 1913 γε-

127 1922 246 1960 γονότων
279 1922 333 1960 οὐχ
363 1921 460 1958 ὁμοίαν
495 1920 663 1949 ἐνεδείκνυτο
689 1921 740 1955 τὴν
770 1920 950 1959 προαίρεσιν,

125 1965 171 1994 ’ίνα
189 1967 226 2003 μή
249 1977 275 1994 τι
303 1964 393 2004 (ἕτερον
421 1964 524 2005 φαῦλον
554 1965 618 2003 ἐρῶ,
646 1963 806 2004 φειδόμενος
831 1966 880 1992 τοῦ
903 1964 951 1992 ἀν-

129 2009 203 2049 δρός.
222 2009 341 2039 Βασιλέα
365 2010 413 2047 μὶν
439 2009 484 2037 οὖδ
511 2011 569 2038 οἷον
583 2009 613 2037 τὸ
639 2007 749 2048 ἀκριϐὲς
763 2010 881 2043 ἀπαιτεῖ,
899 2010 953 2037 οὐκ

129 2055 192 2084 ἐῶσι
223 2055 257 2083 τὰ
294 2054 423 2093 εἲρημένα
460 2054 561 2082 ἐκεῖνον
591 2054 767 2091 νομίζεσθαι·
797 2053 862 2081 ἀλλ’
890 2053 952 2082 οὐδὲ

1003 280 1031 305 et
1042 278 1159 313 justitia
1172 282 1221 318 est»
1246 281 1378 315 colenda,
1394 284 1423 308 et
1438 281 1511 309 ratio
1539 281 1647 309 civium
1676 280 1824 314 habenda,

1003 324 1031 350 et
1042 324 1138 350 vetera
1154 324 1289 352 instituta
1304 328 1374 352 sunt
1389 326 1508 353 tuenda.
1525 326 1575 353 Ille
1589 333 1656 352 vero
1673 325 1767 360 magis
1796 324 1825 352 in

1002 375 1036 395 eo
1051 367 1220 402 elaboravit,
1235 377 1352 397 summo
1367 369 1498 397 adhibito
1526 370 1635 403 studio,
1662 372 1694 396 ut
1719 372 1830 397 veteres

1004 419 1100 439 mores
1116 412 1286 440 immutaret
1299 416 1327 441 et
1343 414 1507 450 abrogaret,
1521 417 1549 442 et
1564 423 1609 442 res
1635 422 1693 441 non
1710 416 1742 440 ut
1753 421 1831 441 com-

1004 465 1110 484 munes
1126 459 1153 484 et
1169 457 1302 493 publicas
1318 458 1461 491 tractavit,
1478 467 1572 495 neque
1587 467 1618 486 se
1633 458 1751 486 illarum
1778 458 1829 485 ad-

1004 501 1246 535 ministratorem,
1263 502 1313 529 sed
1329 501 1480 529 dominum
1498 511 1561 530 esse
1576 503 1699 536 censuit,
1728 511 1761 530 uc
1787 510 1829 530 re-

1005 546 1081 580 giam
1098 554 1168 573 suas
1192 547 1269 574 aedes
1298 548 1326 573 et
1351 546 1463 582 putavit.
1484 549 1513 574 et
1536 547 1701 583 appellavit.
1729 549 1831 575 Patres

1005 590 1186 626 conscriptos
1198 591 1341 626 necjusto
1353 593 1526 626 prosecutus
1539 594 1584 619 est
1594 591 1714 625 honore,
1736 599 1832 628 neque

1006 642 1071 662 eam
1087 634 1205 662 illorum
1222 635 1327 662 habuit
1350 635 1504 669 rationem,
1536 643 1622 670 quam
1651 638 1731 663 recta
1756 635 1831 664 ratio

1007 679 1186 714 postulabat,
1216 679 1266 707 sed
1297 679 1394 715 potius
1422 678 1587 714 deprimere
1615 679 1681 707 illos
1706 681 1831 708 studuit.

1006 722 1239 758 Nequejustitiis
1261 723 1390 759 regulam
1421 723 1450 750 in
1480 722 1618 751 omnibus
1650 723 1831 752 observavit:

1008 767 1092 802 cujus
1108 767 1258 804 proprium
1275 771 1330 801 est,
1345 767 1374 795 id
1391 768 1492 803 cuique
1508 767 1647 803 tribuere,
1665 768 1740 803 quod
1772 775 1834 795 me-

1008 815 1098 839 retur.
1114 811 1163 840 Ille
1177 820 1243 840 vero
1265 811 1398 848 cognatis
1427 815 1455 840 et
1483 812 1627 840 ministris
1654 811 1833 848 quibusdam

1009 859 1067 885 tota
1083 856 1214 892 plaustra
1230 856 1354 893 publica)
1369 857 1508 893 Ipecuniae
1534 856 1666 892 priebuit,
1692 859 1720 884 et
1741 865 1835 885 annos

1009 904 1147 937 sumptus
1162 901 1344 936 largissimos
1374 901 1583 937 suppeditavit,
1615 903 1647 929 ut
1672 903 1700 929 et
1720 903 1835 938 magnis

1009 945 1114 982 opibus
1129 945 1324 979 abundarent,
1341 949 1370 973 et
1384 946 1556 973 comitatum
1569 945 1691 980 alerent,
1705 954 1762 973 non
1776 946 1833 981 pri-

1008 990 1084 1017 vatis
1100 989 1280 1021 hominibus,
1298 990 1348 1017 sed
1361 990 1589 1026 imperatoribus
1601 990 1834 1023 convenientem,

1009 1036 1098 1069 atque
1113 1034 1189 1061 tEdBS
1205 1037 1417 1069 compararent,
1434 1037 1467 1061 ut
1483 1035 1687 1070 magnitudine
1711 1035 1835 1063 urbibus

1010 1086 1107 1114 pares,
1123 1078 1164 1105 ita
1172 1078 1390 1114 magniﬁcentia
1401 1078 1489 1113 regiis
1496 1078 1614 1114 palatiis
1626 1088 1682 1107 non
1694 1079 1834 1115 impares.

1010 1122 1084 1158 Erga
1099 1122 1243 1158 reliquam
1261 1130 1329 1150 vero
1351 1122 1534 1150 nobilitatem
1558 1131 1616 1150 non
1645 1123 1766 1160 perinde
1790 1123 1838 1151 be-

1011 1168 1134 1203 nignum
1152 1175 1183 1194 se
1199 1166 1334 1202 praebuit,
1351 1175 1387 1194 ne
1402 1168 1472 1202 quid
1489 1167 1567 1195 aliud
1585 1168 1621 1195 de
1640 1168 1702 1196 viro
1728 1168 1835 1202 dicam,

1011 1212 1096 1248 cujus
1112 1211 1214 1239 honori
1231 1211 1399 1239 consultum
1417 1211 1490 1239 volo.
1506 1212 1573 1244 Quae
1585 1220 1631 1240 res
1653 1212 1835 1240 Comnenum

1010 1257 1216 1292 imperatorem
1230 1256 1390 1292 perfectum
1403 1256 1530 1292 judicari
1546 1265 1603 1284 non
1615 1257 1835 1293 sinunt.Neque

1010 1301 1099 1329 etiam
1115 1300 1225 1328 malum
1242 1303 1423 1328 Comnenum
1440 1301 1646 1336 imperatorem
1673 1301 1832 1337 quisquam

1011 1347 1134 1374 dixerit:
1151 1355 1220 1374 nam
1237 1346 1287 1383 qui
1309 1346 1440 1374 severius
1464 1347 1493 1374 in
1518 1347 1710 1382 imperatores
1736 1348 1835 1383 inqui-

1011 1391 1103 1425 sierit,
1119 1391 1255 1426 equidem
1271 1399 1328 1418 non
1360 1391 1486 1419 arbitror
1512 1391 1605 1419 ullum
1637 1391 1836 1420 Romanorum

1011 1437 1176 1472 principatu
1201 1436 1365 1472 antiquitus
1390 1437 1514 1472 potitum
1542 1436 1728 1464 inventurum
1758 1445 1834 1471 esse,

1011 1481 1040 1508 in
1057 1489 1114 1516 quo
1130 1480 1203 1508 nihil
1215 1481 1249 1508 ad
1267 1482 1500 1508 consummatam
1513 1479 1629 1508 laudem
1642 1480 1835 1509 desideretur.

1011 1525 1072 1557 Quo
1089 1525 1131 1560 ﬁt,
1149 1526 1180 1552 ut
1194 1525 1368 1560 cujusquam
1398 1524 1571 1561 gubernatio
1600 1532 1634 1552 ex
1665 1533 1779 1552 morum
1809 1527 1838 1552 et

1011 1569 1159 1597 actionum
1174 1569 1238 1604 eius
1260 1569 1364 1604 majori
1389 1572 1470 1605 parte
1495 1569 1655 1604 judicetur.
1683 1569 1752 1597 Sine
1777 1569 1834 1596 cri-

1009 1612 1088 1640 mine
1102 1615 1179 1640 certe
1194 1613 1324 1648 quidem,
1341 1613 1415 1640 8|]
1441 1615 1469 1641 et
1497 1613 1672 1641 deteriorum
1702 1612 1832 1641 affectio—

1009 1665 1080 1684 num
1097 1665 1218 1693 prorsus
1241 1665 1344 1693 expers
1373 1665 1458 1684 nemo
1488 1657 1667 1693 reperietur:
1694 1657 1723 1684 id
1752 1657 1839 1685 enim‘

1008 1702 1112 1730 divina:
1128 1702 1275 1729 felicitatis
1297 1702 1444 1737 proprium
1463 1702 1559 1734 fuerit,
1576 1710 1629 1730 nec
1646 1710 1777 1738 unquam
1802 1703 1832 1730 in

1010 1745 1136 1773 hominis
1147 1748 1282 1773 naturam
1297 1745 1446 1773 cadot.Hic
1458 1746 1606 1774 scribendi
1620 1747 1707 1774 finem
1716 1746 1832 1780 faciam,

1007 1792 1034 1817 et
1051 1790 1178 1818 historiae
1194 1798 1313 1818 cursum
1332 1790 1482 1824 inhibebo,
1517 1790 1602 1826 longe
1630 1798 1832 1826 progressum.

1006 1835 1079 1863 Nam
1093 1843 1127 1863 ea
1143 1836 1282 1862 mandare
1295 1834 1401 1862 lilteris
1418 1843 1481 1870 quae
1510 1837 1623 1862 restant
1648 1834 1755 1868 adhuc,
1781 1842 1833 1862 nec

1007 1879 1086 1913 utile,
1104 1887 1156 1907 nec
1171 1879 1380 1915 tempestivum
1394 1879 1534 1914 judicavi.
1551 1880 1631 1911 Quod
1649 1879 1672 1907 si
1689 1887 1762 1916 opus
1778 1878 1833 1906 hoc

1007 1924 1093 1952 alicui
1109 1924 1258 1952 videbitur
1273 1924 1354 1958 utile,
1370 1924 1465 1960 gratia
1480 1924 1517 1952 sit
1533 1925 1601 1958 Deo,
1618 1925 1703 1960 cujus
1726 1922 1833 1952 auxilio

1007 1968 1084 1996 bona
1099 1968 1199 1996 omnia
1214 1968 1420 1996 conﬁciuntur.
1438 1968 1489 1996 Sin
1507 1976 1833 2004 supervacaneum,mea

1006 2013 1101 2048 culpa,
1117 2011 1167 2039 illa
1184 2011 1280 2046 fuerit,
1297 2014 1327 2040 et
1341 2012 1376 2039 ad
1389 2019 1435 2039 me
1451 2014 1599 2039 auctorem
1614 2012 1713 2039 redeat
1732 2011 1832 2045 fcetus,

1006 2057 1092 2092 cujus
1108 2056 1280 2084 memoriam
1296 2055 1420 2084 excitare
1435 2058 1532 2091 queat.

128 2100 220 2137 μέντοι
249 2097 353 2138 φαῦλον
383 2097 455 2126 εἷ’-ποι
481 2108 522 2129 τις
549 2098 595 2125 τὸν
623 2098 764 2134 Κομνηνὸν
794 2098 989 2135 αὐτοκράτορα.
1020 2099 1053 2126 Ei’
1082 2097 1111 2126 δὲ
1137 2099 1186 2133 τήν
1215 2098 1279 2135 ἄγαν
1307 2097 1443 2135 ἀκρίοειαν
1461 2098 1557 2133 ζητοίη
1579 2108 1621 2128 τις
1637 2097 1664 2124 ἐν
1678 2099 1736 2128 τοῖς
1753 2096 1832 2124 αύτο-

124 2145 280 2182 κράτορσιν,
321 2142 371 2170 οὐκ
404 2142 482 2179 οἶμαί
517 2153 578 2170 τινα
613 2144 667 2169 τῶν
705 2142 828 2174 ἀνέκαθεν
867 2146 917 2177 τῆς
957 2143 1099 2180 Ῥωμαίων
1138 2140 1342 2178 ἐπιϐεϐηκότων
1381 2142 1528 2180 ἡγεμονίας
1562 2141 1588 2169 ἐν
1621 2144 1697 2169 πᾶσιν
1727 2140 1829 2168 εὐδοκι-

129 2187 236 2225 μηκότα
264 2187 449 2225 κριθήσεσθαι,
479 2185 544 2214 ἀλλ’
570 2186 601 2215 ἐκ
627 2188 675 2214 τοῦ
704 2186 903 2218 πλεονάσοντος
931 2186 957 2214 ἐν
986 2190 1045 2218 τοῖς
1073 2186 1150 2222 ἤθεσι
1179 2189 1253 2226 σφῶν
1281 2187 1327 2214 καὶ
1352 2189 1411 2218 ταῖς
1437 2186 1560 2225 πράξεσιν
1586 2186 1690 2222 ἑκάστῳ
1713 2186 1731 2220 ἡ
1751 2184 1832 2212 πολι-

127 2232 184 2260 τεία
211 2233 458 2270 κεχαρακτήρισται
475 2251 482 2258 .
514 2229 694 2269 Ἀνέγκλητος
720 2230 770 2268 γὰρ
801 2229 889 2262 οὐδεὶς
917 2230 947 2258 ἄν
973 2242 1039 2259 ποτε
1066 2230 1129 2270 δόξῃ
1162 2230 1220 2259 οὐδ’
1247 2231 1349 2268 ἀμιγὴς
1376 2235 1427 2266 τῆς
1454 2231 1580 2269 ’χείρονος
1607 2229 1698 2265 ἓξεως³
1730 2229 1833 2261 θειοτέ-

130 2287 175 2316 ρας
202 2277 253 2316 γὰρ
278 2278 360 2305 τοῦτο
388 2275 498 2313 μοίρας,
527 2274 591 2303 ἀλλ’
621 2275 672 2303 οὐκ
701 2275 875 2314 ἀνθρωπίνης
905 2274 947 2310 εἴη
977 2274 1008 2303 ἄν
1041 2286 1108 2303 ποτε
1135 2275 1239 2314 φύσεως
1258 2297 1264 2303 .
1295 2275 1425 2302 Ἐνταῦθοὶ
1454 2286 1501 2311 μοι
1528 2274 1560 2302 τὸ
1587 2274 1670 2312 πέρας
1697 2273 1756 2308 ’ἤτω
1784 2275 1834 2308 τῆς

129 2324 299 2359 συγγραφῆς,
327 2320 373 2348 καὶ
401 2320 415 2347 ὁ
445 2318 550 2358 δρόμος
574 2320 665 2355 στήτω
692 2323 743 2354 τῆς
770 2320 903 2358 ἱστορίας,
930 2320 958 2351 ὃς
990 2330 1036 2357 μοι
1065 2320 1133 2358 πρὸς
1160 2319 1262 2357 μακρὸν
1292 2319 1513 2356 ἐκμεμήκισται,
1543 2318 1639 2346 Δοῦναι
1665 2318 1715 2356 γὰρ
1741 2319 1834 2356 γραφῇ

131 2364 188 2392 νυνὶ
215 2364 260 2391 καὶ
287 2365 321 2392 τὰ
346 2364 485 2398 λείποντα,
515 2362 546 2391 οἷς
574 2374 621 2401 μοι
653 2363 792 2395 λυσιτελὲς
819 2363 877 2392 οὐδ’
903 2362 1027 2401 εὔκαιρον
1056 2364 1177 2402 κέκριται
1194 2385 1201 2392 .
1232 2363 1263 2392 Εἰ
1304 2363 1351 2400 μὶν
1381 2363 1427 2391 οὖν
1465 2363 1596 2400 ὀνήσιμόν
1620 2374 1676 2390 τισι
1705 2361 1775 2400 δόξει
1801 2362 1833 2390 τὸ

133 2407 255 2445 πόνημα,
283 2410 322 2444 τῷ
350 2410 409 2445 Θεῷ
437 2409 517 2446 χάρις
535 2431 542 2445 ,
573 2406 608 2436 δι’
647 2407 731 2447 οὗπερ
760 2409 830 2436 ἅπαν
863 2409 1042 2446 κατορθοῦται
1068 2408 1151 2436 καλόν
1169 2418 1176 2425 ·
1205 2407 1228 2435 εἰ
1261 2407 1283 2435 δ’
1312 2407 1477 2444 ἀσυντελὲς,
1508 2406 1549 2444 εἶίη
1579 2407 1609 2436 ἃν
1638 2409 1775 2446 ἡμέτερον
1801 2407 1833 2435 τὸ

133 2452 257 2489 αΐτίαμα,
285 2451 330 2479 καὶ
346 2451 464 2480 ἐπανίτω
479 2452 548 2490 πρός
565 2463 598 2490 με
613 2452 659 2480 τὸν
674 2453 786 2481 τεκόντα
800 2453 832 2481 τὸ
847 2452 1008 2490 ἀποκύημα,
1025 2452 1151 2490 ἐσόμενύν
1170 2463 1215 2490 μοι
1234 2453 1346 2490 μνήμης
1361 2452 1530 2490 ἐμπύρευμα.
