2032 3167
95 181 167 212 329

97 248 245 287 Ἀναρχία
259 247 304 276 καὶ
320 246 415 290 εἲρήνη
427 247 476 276 τοῦ
487 245 600 286 Ἰσραὴλ
616 245 663 283 ἐτη
681 247 724 286 λβ¹

95 292 186 321 Ἠλεὶ
204 294 218 320 6
232 292 319 329 ἱερεὺς
334 292 419 329 ἔκρινε
433 293 479 320 τὸν
495 291 606 331 Ἰσραὴλ
619 290 667 328 ἐτη
683 292 706 319 κ’

859 244 935 284 δτιβ

858 289 936 328 ,δυιβί

140 351 223 380 Κατα
239 350 267 379 δὲ
280 349 344 382 τοὺς
358 351 476 389 χρόνους
487 349 565 380 Ἠλεὶ
588 353 637 378 τοῦ
653 349 747 387 ἱερέως
762 349 776 376 ὁ
791 349 861 387 πρὸς
875 347 937 379 τοὺς

96 398 205 434 Τρῶας
222 395 345 432 πόλεμος
359 395 468 430 συνέστη
486 397 544 427 τοῖς
567 394 714 430 Ἕλλησιν*
741 394 800 422 καθ’
822 392 869 425 οὕς
892 392 937 420 καὶ

96 441 237 480 Ὅμηρος
251 439 382 478 ἤκμαζεν.

100 498 247 536 Σαμουὴλ
262 496 351 536 έκρινε
366 497 410 525 τὸν
427 497 539 536 Ἰσραὴλ
550 495 597 533 ἔτη
610 498 635 525 κ’

100 543 205 572 Σαοὺλ
219 541 375 571 ἐϐασίλευσε
385 544 435 570 τοῦ
450 542 560 581 Ἰσραὴλ
575 541 623 578 ἕτη
640 542 663 569 κ’

101 585 197 616 Δαϐὶδ
213 585 368 615 ἐϐασίλευσε
383 586 431 614 τοῦ
447 586 557 625 Ἰσραὴλ
569 586 617 622 ’ἐτη
636 586 661 623 μ’

851 494 909 530 ,δυλ
914 495 937 532 β’

855 539 908 578 ¹δυν

852 583 938 622 βυέβ

143 647 207 676 Απὸ
224 644 253 673 δὲ
266 649 316 680 τῆς
334 644 473 682 βασιλείας
489 643 572 673 Δαϐῗὸ
586 644 638 676 ἓως
653 647 703 679 τῆς
718 645 771 671 τῶν
792 642 934 680 Ῥωμαίων

105 690 255 728 βασιλείας
271 690 318 727 ἔτη
334 689 408 727 δέ,
425 689 478 717 ἀπὸ
491 688 520 717 δὲ
532 688 645 720 κτίσεως
660 688 765 724 κόσμου
780 686 827 722 ἔτη
843 696 936 714 πεντα-

106 736 243 774 κισχίλια
255 737 292 764 υν¹

877 784 939 822 lsuv'

874 829 936 868 βφξ

146 895 192 930 Τῷ
205 892 303 920 τούτου
317 892 364 931 μβ¹
378 889 430 919 ἔτει
453 894 504 925 τῆς
528 888 669 928 βασιλείας
694 890 817 926 γεννᾶται
842 888 856 915 6
882 887 936 916 Κύ-

108 947 173 975 ριος
197 938 278 974 ἡμῶν
300 937 405 973 Ἰησοῦς
427 935 543 973 Χριστὸς
567 933 636 962 κατὰ
659 934 744 971 σάρκα
766 933 791 960 ἐν
811 931 938 968 Βηθλεέμ

106 985 164 1017 τῆς
190 980 319 1013 Ἰουδαίας
342 980 372 1008 ἐκ
394 983 443 1015 τῆς
466 978 661 1016 Ἀειπαρθένου
686 976 803 1015 Μαρίας,
817 976 861 1004 καὶ
890 975 938 1003 πά·

109 1036 176 1064 σχει
197 1026 229 1053 τὸ
250 1024 373 1053 ἑκούσιον
395 1025 481 1056 πάθος
500 1023 525 1051 ἐν
550 1024 589 1059 τῷ
617 1025 651 1058 ιη’
665 1021 718 1050 ἔτει
731 1024 783 1056 τῆς
799 1019 939 1064 βασιλείας

108 1062 241 1108 Τιϐερίου
265 1069 408 1108 Καίσαρος·
431 1070 471 1105 τῷ
490 1068 541 1107 γὰρ
566 1070 594 1094 ιε’
614 1069 662 1094 τοῦ
687 1067 772 1094 αὐτοῦ
810 1062 937 1103 Τιϐερίοῦ

108 1112 263 1150 ἐϐαπτίσθη
268 1136 275 1144 .

103 789 192 822 Γαίος
207 789 322 822 Ἰούλιος
338 787 509 818 ἐϐασίλευσεν
526 786 572 823 ἔτη
590 785 611 815 δ’

103 833 269 874 Αὔγουστος
283 832 456 863 ἐϐασίλευσεν
473 830 518 868 ἔτη
531 832 570 864 νς¹

107 1170 241 1210 Τιϐέριος
257 1169 427 1200 ἐϐασίλευσεν
442 1168 489 1207 ἔτη
505 1170 548 1208 κβ’

110 1216 194 1250 Γαίος
209 1215 294 1248 ἄλλος
311 1214 481 1244 ἐϐασίλευσεν
497 1213 543 1250 ἔτη
561 1213 582 1242 δ’

110 1261 249 1293 Κλαύδιος
265 1258 434 1289 ἐϐασίλευσεν
449 1258 496 1295 ἔτη
514 1258 545 1287 ιδ’

110 1308 209 1345 Νέρων
225 1307 239 1334 6
255 1306 313 1339 υἱὸς
327 1305 409 1334 αὑτοῦ
425 1303 596 1334 ἐϐασίλευσεν
611 1302 658 1339 ἔτη
676 1301 708 1330 ιδ’

111 1350 223 1383 Γάλϐας
241 1355 330 1389 μῆνας
346 1352 366 1386 ζ’

112 1398 203 1425 ’Ὄθων
222 1400 309 1433 μῆνας
320 1396 343 1434 γ’

112 1440 277 1473 Οὐϊτέλλιος
296 1444 385 1478 μῆνας
400 1452 417 1476 η

112 1486 312 1518 Οόεςπασιανὸς
328 1482 500 1513 ἐϐασίλευσεο
514 1483 560 1518 ἔτη
577 1486 592 1510 t’

112 1530 191 1562 Τίτος
207 1528 376 1558 ἐϐασίλευσεν
392 1528 438 1565 ἔτη
454 1531 476 1566 γ’

855 1177 938 1206 ιεφκτγ

853 1211 937 1251 re}?

852 1256 938 1296 βφμέ

876 1301 938 1340 se?

859 1481 938 1520 ,εφοοί

860 1524 938 1564 ιεφοδ¹

152 1588 212 1617 Ἐπὶ
236 1587 335 1615 τούτου
358 1587 403 1615 καὶ
428 1588 446 1622 ἠ
470 1588 524 1614 τῶν
548 1584 746 1623 Ἰεροσολύμων
772 1583 874 1615 ἅλωσις
893 1583 938 1621 γέ·

115 1643 190 1671 γονε,
205 1633 250 1660 καὶ
265 1633 284 1668 ἡ
299 1631 436 1666 παντελὴς
458 1633 512 1658 τῶν
538 1628 676 1658 Ἰουδαίων
702 1628 852 1668 ἐρήμωσις.
869 1627 939 1656 Ἀπὸ

116 1677 146 1705 δὲ
168 1681 218 1713 τῆς
240 1676 369 1712 τοιαύτης
392 1675 521 1707 ἁλώσεως
541 1673 594 1707 ἕως
620 1673 669 1710 τῆς
697 1672 836 1711 βασιλείας
862 1677 939 1701 Κων-

116 1722 257 1750 σταντίνου
280 1723 329 1749 τοῦ
357 1720 496 1758 Μεγαλου,
523 1718 586 1755 ἤτοι
611 1722 661 1754 τῆς
688 1720 741 1746 τῶν
771 1720 936 1756 Χριστιανῶν

119 1766 271 1804 βασιλείας,
297 1763 343 1800 ἔτη
367 1765 433 1799 σλζ¹,
460 1764 513 1791 ἀπὸ
543 1762 572 1791 δὲ
602 1763 715 1794 κτίσεως
747 1763 853 1800 κόσμου
890 1762 937 1798 ἔτη

113 1814 218 1848 ,ιωμα’,
243 1810 296 1838 ἀπὸ
322 1809 351 1837 δὲ
371 1813 421 1845 τῆς
445 1810 493 1837 τοῦ
517 1810 632 1847 Χριστοῦ
651 1808 813 1845 ἀνακήψεως
826 1807 879 1840 “unc
889 1811 940 1842 τῆς

118 1856 248 1887 ἁλώσεως
262 1854 462 1893 Ἱεροσολύμων
479 1852 526 1890 ἔτη
544 1857 600 1891 μη’.

680 179 885 212 ANNALIUM
908 179 1194 213 CH‘RONOLOGIA.
1217 181 1253 212 X.

1755 181 1814 212 330

991 248 1190 285 Interregnum
1206 258 1254 279 an.
1270 250 1305 278 32
1743 249 1813 276 4392

991 293 1053 321 Heli
1069 295 1204 322 sacerdos
1215 295 1332 331 judioat
1343 303 1392 323 an.
1407 295 1443 322 20
1742 293 1813 320 4412

1026 352 1109 380 Circa
1123 354 1254 389 tempora
1279 353 1343 381 Heli
1367 354 1532 382 Grecorum
1558 353 1699 380 adversus
1712 351 1813 387 Troja-

993 405 1046 425 nos
1058 396 1168 425 bellum
1183 397 1297 432 accidit,
1320 406 1376 434 quo
1402 397 1489 426 etiam
1514 400 1646 434 tempore
1669 397 1813 426 Homerus

992 441 1100 469 ﬂoruit.

992 499 1110 527 Samuel
1123 499 1236 535 judicat
1251 499 1386 527 lsraelem
1403 508 1449 528 an.
1464 501 1500 527 20
1742 498 1813 526 4432

992 544 1061 572 Saul
1077 546 1180 580 regnat
1193 543 1223 572 in
1239 543 1328 572 Israel
1344 553 1392 572 an.
1406 545 1442 572 20
1742 544 1814 571 4452

993 588 1079 616 David
1097 590 1199 625 regnat
1213 588 1242 616 in
1263 589 1352 618 Israel
1369 597 1416 617 an.
1433 589 1467 616 40
1743 588 1813 616 4492

1026 647 1049 674 Α
1067 647 1158 675 David
1175 655 1268 683 usque
1294 647 1330 675 ad
1357 649 1502 675 Romanos
1528 646 1718 682 imperatores
1742 646 1812 674 anni

991 695 1062 720 sunt
1073 692 1135 719 940.
1152 693 1176 719 Α
1188 692 1291 720 mundi
1303 692 1422 720 conditu
1438 691 1508 720 anni
1521 691 1592 718 5450

1742 787 1814 816 5450

1743 833 1816 860 5506

1027 893 1122 929 Hujus
1146 893 1262 930 imperii
1278 901 1326 921 an.
1343 892 1378 920 42
1401 891 1534 921 nascitur
1559 891 1699 920 Dominus
1715 892 1815 919 noster

990 937 1076 966 Jesus
1091 937 1224 966 Christus
1240 938 1402 966 secundum
1417 945 1536 965 carnem
1551 936 1581 964 in
1598 935 1745 965 Bethleem
1760 936 1814 964 Ju-

992 981 1035 1009 d:s
1051 982 1086 1010 de
1102 982 1217 1018 Virgine
1232 982 1332 1015 Maria,
1348 984 1376 1010 et
1389 981 1571 1010 voluntarias
1582 989 1683 1017 pmnas
1693 988 1812 1017 perpes-

992 1034 1044 1054 sus
1058 1027 1103 1054 est
1117 1035 1154 1054 an
1170 1026 1285 1062 imperii
1300 1026 1407 1054 Tiberii
1421 1025 1675 1055 Cesaris18.Nam
1691 1025 1725 1053 15
1734 1025 1814 1061 ejus-

992 1071 1059 1099 dem
1075 1079 1152 1098 anno
1167 1070 1332 1106 baptizatus
1347 1072 1401 1099 est.

991 792 1020 818 C.
1037 789 1135 819 Julius
1150 789 1276 827 imperat
1289 799 1337 818 an.
1353 790 1369 818 4

990 836 1142 871 Augustus
1158 835 1283 872 imperat
1297 843 1346 863 an.
1362 835 1397 863 56

992 1174 1126 1203 Tiberius
1138 1174 1263 1210 imperat
1277 1182 1325 1202 an.
1340 1174 1376 1201 22
1743 1174 1815 1201 5528

992 1220 1078 1248 Caius
1092 1219 1166 1248 alter
1179 1219 1302 1255 imperat
1316 1227 1362 1247 an.
1379 1219 1396 1246 4
1743 1219 1816 1247 8532

991 1264 1129 1293 Claudius
1144 1264 1270 1301 imperat
1284 1272 1332 1292 an.
1350 1264 1383 1291 14
1743 1263 1816 1292 5546

992 1309 1066 1338 Nero
1082 1309 1171 1345 hujus
1187 1309 1265 1337 filius
1281 1308 1408 1345 imperat
1423 1316 1471 1336 an.
1489 1308 1523 1335 14
1743 1308 1815 1336 5560

994 1354 1086 1383 Galba
1103 1362 1195 1382 mens.
1209 1354 1228 1381 7

994 1399 1068 1427 Otho
1085 1408 1179 1427 mens.
1194 1399 1211 1427 3

993 1443 1131 1472 Vitellius
1147 1451 1239 1472 mens.
1256 1443 1273 1470 8

994 1488 1190 1525 Vespasianus
1204 1488 1330 1525 imperat
1345 1497 1393 1517 an.
1410 1488 1444 1516 10
1746 1488 1814 1516 5571

992 1534 1076 1561 Titus
1091 1533 1218 1570 imperat
1232 1542 1280 1561 an.
1295 1533 1313 1559 3
1746 1533 1818 1561 5574

1029 1591 1090 1619 Sub
1106 1591 1160 1619 hoc
1181 1590 1450 1627 Hierosolymorum
1472 1590 1618 1619 excidium
1644 1590 1767 1626 contigit
1791 1595 1819 1618 at

995 1635 1165 1664 omnimodo
1179 1636 1347 1664 Judesorum
1363 1635 1515 1664 desolatio.
1537 1637 1622 1663 Porro
1638 1635 1674 1664 ab
1699 1635 1753 1664 hoc
1769 1644 1818 1664 ex-

994 1680 1070 1708 cidio
1087 1681 1122 1708 ad
1134 1679 1316 1708 Constantini
1331 1682 1367 1707 M.
1385 1680 1446 1708 sive
1467 1679 1699 1708 Christianorum
1724 1680 1818 1716 impe—

994 1726 1071 1753 rium
1087 1734 1134 1753 an.
1160 1727 1230 1753 sunt
1249 1725 1311 1752 237.
1335 1725 1375 1753 Ab
1400 1724 1432 1752 Ο.
1457 1725 1488 1752 C.
1504 1725 1584 1753 5841.
1602 1726 1621 1753 Α
1637 1725 1743 1754 Christi
1760 1725 1818 1754 Do—

996 1770 1068 1798 mini
1088 1770 1259 1798 ascensione
1288 1770 1324 1798 ad
1353 1771 1497 1799 excidium
1521 1769 1816 1806 Hierosolymitanum

995 1824 1042 1843 an.
1060 1815 1106 1844 48,

116 1920 321 1949 Κωνσταντῖνος
338 1918 352 1945 6
369 1917 462 1955 Μέγας
476 1914 523 1952 ἔτη
539 1915 580 1954 λγ¹
850 1915 937 1952 ,εωμα¹

998 1922 1205 1950 Constantinus
1219 1923 1255 1949 M.
1271 1930 1318 1949 an'
1334 1922 1369 1949 33
1743 1921 1812 1949 5851

117 1964 305 1994 Κωνστάντιος
320 1962 334 1989 6
350 1962 408 1994 υἱὸς
422 1961 507 1989 αὐτοῦ
521 1960 568 1997 ἔτη
585 1959 624 1988 κδ’
861 1959 937 1996 ¹ιωξε¹

998 1966 1182 1995 Constantius
1196 1967 1261 2002 ejus
1275 1966 1355 1994 ﬁlius
1367 1975 1415 1995 an.
1429 1967 1464 1994 24
1742 1967 1814 1994 5865

116 2007 263 2039 Ἰουλιανὸς
278 2007 292 2034 6
308 2003 469 2044 παραϐάτης
485 2002 532 2040 ἔτη
551 2005 574 2042 β’
859 2004 937 2041 γεωξζ⁴

998 2011 1128 2039 luiianus
1143 2011 1284 2047 Apostata
1299 2019 1347 2039 an.
1362 2012 1380 2038 2
1743 2010 1814 2038 5867

118 2050 250 2084 Ἰοϐιανὸς
264 2049 325 2082 ἱίτος
337 2053 359 2078 α’
856 2048 937 2085 γεωξη¹

998 2055 1134 2084 Iovianus
1150 2063 1198 2084 an.
1215 2056 1228 2083 1
1744 2055 1816 2082 5868

118 2095 354 2131 Οὖαλεντινιανὸς,
369 2092 416 2130 ἔτη
435 2095 470 2132 ιβ’
870 2094 937 2130 Isum‘

998 2099 1217 2128 Valentinianus
1232 2107 1280 2127 an.
1297 2100 1332 2128 12
1745 2099 1817 2126 5880

120 2140 231 2176 Οὐάλης
247 2141 261 2168 6
274 2138 392 2179 ἀδελφὸς
406 2138 489 2167 αὐτοῦ
504 2137 551 2173 ἔτη
567 2139 589 2175 γ’
852 2140 937 2175 leum-7‘

998 2144 1101 2172 Valens
1115 2144 1205 2180 hujus
1219 2144 1309 2172 frater
1323 2152 1370 2173 an.
1387 2144 1405 2171 3
1747 2142 1819 2171 5883

121 2185 266 2224 Γρατιανὸς
282 2183 328 2220 ἔτη
343 2184 367 2221 γ’
853 2184 937 2219 ,εωπςέ

998 2189 1153 2218 Gratianus
1168 2197 1216 2216 an.
1230 2189 1247 2216 3
1748 2187 1820 2215 5886

121 2229 264 2261 Θεοδόσιος
280 2230 295 2257 6
308 2228 398 2266 Μέγας
415 2224 462 2264 ἔτη
480 2228 511 2264 ιζ
877 2227 937 2264 '37!)

998 2233 1179 2262 Theodosius
1194 2235 1231 2261 Μ.
1248 2241 1295 2261 an.
1314 2233 1347 2261 17
1747 2232 1820 2259 5900

122 2274 262 2313 Ἀρκάδιος
278 2274 292 2301 6
307 2273 364 2304 υίὸς
379 2272 463 2300 αὐτοῦ
478 2270 524 2308 ἔτη
542 2272 574 2309 ιγ’
846 2272 937 2310 ,ετθιγ

998 2278 1141 2306 Arcadius
1156 2278 1220 2314 ejus
1232 2277 1312 2306 ﬁlius
1327 2286 1374 2306 an.
1389 2278 1422 2305 13
1749 2276 1821 2304 5913

124 2318 268 2350 Θεοδόσιος
282 2319 296 2346 6
311 2318 417 2356 Μικρὸς
432 2316 479 2353 ἔτη
497 2317 542 2354 μβ¹
849 2317 937 2354 γε’Ῑθνε

998 2322 1179 2351 Theodosius
1195 2323 1290 2351 Minor
1304 2331 1351 2351 an.
1368 2323 1404 2350 42
1749 2321 1822 2348 5955

125 2363 279 2401 Μαρκιανὸς
295 2362 341 2398 ἔτη
357 2363 379 2395 ς’
846 2361 937 2399 γε7ξ>ξα

998 2367 1162 2396 Marcianus
1177 2376 1224 2396 an-
1236 2368 1254 2395 6
1750 2366 1820 2394 5961

125 2407 199 2436 Λέων
214 2407 228 2434 6
243 2407 336 2444 Μέγας
350 2404 397 2442 ἔτη
415 2409 446 2441 ιζ’
842 2406 936 2443 βῆ)οη

999 2416 1053 2441 Leo
1068 2414 1104 2440 M.
1120 2421 1168 2440 an.
1186 2413 1220 2440 17
1751 2411 1822 2438 5978

126 2452 199 2479 Λέων
215 2451 229 2478 ὁ
244 2451 345 2487 Μικρὸς
359 2449 420 2482 hoc
435 2453 456 2478 of
844 2451 936 2488 [c7900

999 2460 1054 2485 Leo
1071 2457 1166 2485 Minor
1179 2466 1228 2485 an.
1241 2458 1254 2485 1
1752 2456 1824 2484 5979

126 2497 217 2532 Ζήνων
231 2492 401 2523 ἐϐασίλευσεν
416 2492 461 2530 ἔτη
480 2495 511 2527 ις’
846 2495 945 2534 ¹ε791ιό
999 2502 1075 2530 Zeno
1095 2510 1143 2530 an.
1159 2501 1194 2530 46
1752 2501 1824 2528 5996

125 2540 300 2570 ιΔναοτάσιος
316 2536 486 2566 ἐϐασίλευσεν
501 2537 547 2575 ἕτη
562 2540 601 2574 κζ’
881 2541 937 2579 rc“

1000 2547 1174 2575 Anastasius
1189 2555 1237 2575 an.
1253 2547 1288 2574 27
1753 2546 1824 2574 6023

124 2587 269 2616 Ἰουσ-εῖνος
287 2584 301 2611 6
318 2583 407 2622 Γέρων
424 2581 470 2619 ἔτη
485 2586 505 2615 θ’
877 2584 937 2624 ιςλβ

1000 2592 1132 2620 Justinus
1148 2591 1251 2620 Senior
1265 2599 1313 2620 an.
1327 2592 1345 2619 9
1754 2590 1826 2619 6032

126 2629 315 2660 Ἰουστινιανὸς
331 2629 345 2656 6
357 2627 449 2665 Μέγας
467 2624 512 2663 ἔτη
530 2627 571 2660 λθ¹
885 2633 947 2667 Ιςοα¹
1001 2637 1154 2665 Justianus
1169 2638 1205 2664 Μ.
1222 2636 1257 2663 3g
1754 2635 1823 2664 5071

125 2677 270 2706 -ιουστῖνος
285 2674 299 2701 6
315 2674 386 2704 Νέος
399 2671 444 2708 ἔτη
465 2676 498 2710 ιγ’
881 2675 937 2707 ’ςπδ

1001 2681 1138 2710 Justinus
1153 2681 1245 2709 Minor
1260 2689 1308 2709 an.
1326 2682 1360 2709 13
1755 2679 1827 2708 6084

126 2719 246 2758 Τιϐέριος
261 2716 308 2754 ἔτη
325 2717 346 2745 δ’
878 2731 937 2758 Ιςπη

1003 2725 1139 2754 Tiberius
1155 2734 1201 2754 an.
1224 2726 1241 2753 4
1755 2723 1828 2751 6098

129 2765 278 2801 Μαυρίκιος
291 2760 338 2798 ἔτη
352 2762 375 2790 κ’
885 2767 937 2804 γςρε

1003 2771 1160 2799 Mauricius
1175 2779 1223 2799 an.
1238 2771 1274 2798 20
1756 2768 1828 2796 6109

128 2813 225 2842 Φωκᾶς
238 2810 253 2836 6
267 2808 397 2846 τύραννος
408 2805 455 2843 ἔτη
472 2806 498 2842 η’
875 2813 937 2849 ,ςριζ

1003 2816 1115 2844 Phocas
1131 2818 1275 2852 tyrannus
1289 2824 1336 2844 an.
1352 2816 1369 2843 8
1757 2813 1829 2841 6117

126 2854 284 2895 Ἡράκλειος
300 2852 346 2889 ἔτη
362 2852 405 2880 λα’
858 2866 937 2894 Spw

1004 2860 1156 2889 Heraclius
1170 2869 1217 2890 an.
1231 2860 1261 2888 31
1757 2858 1829 2888 6148

265 2919 399 2950 Panos.
422 2917 479 2948 Gn.
499 2916 644 2948 CXXXV.

1652 2924 1687 2954 11
