1973 3154
82 174 135 205 389

747 171 800 202 DE
821 170 1012 204 ΗΕΒΒοΜο
1033 172 1094 203 GP.

1709 176 1770 207 390

110 239 232 278 (edi/icio,
247 241 328 278 atque
340 240 370 266 in
449 238 629 278 Tribuna‘luet
648 238 790 265 Palatium
814 238 885 278 lteb-
900 239 928 272 Α
942 239 1018 278 XVlI.
1036 238 1237 278 Αμπροάατεια
1262 248 1308 267 seu
1336 241 1497 269 suburbana
1511 242 1619 277 oppidis
1634 243 1768 278 proxima

109 276 191 304 domi.
209 276 240 302 In
256 275 402 302 Tn’bunati
416 276 502 302 levari
524 274 599 301 soliti
618 275 798 309 imperatores
813 274 886 301 Con-

108 311 351 346 slantinopolitani,
375 311 434 346 qui,
460 309 532 346 quod
551 309 631 346 urbis
650 309 787 346 moenibus
816 309 888 337 illud

107 333 255 381 ἷιῶὶὶὲἐὲἓῗξ
260 333 473 374 ἓᾶἱᾛέὗίιὲἱῆιιῖ
480 333 629 373 liuida;
641 333 784 373 ἀὲᾶιὶὶὶἱιῖῖ

79 380 157 425 [Χηιὴ
184 382 326 425 Tribunali
353 386 378 410 et
406 383 436 410 in
464 381 564 416 Campo
594 382 758 415 inaugurati
785 380 887 416 passim

265 453 401 495 tribunal
421 457 448 480 et
472 451 616 494 Palatium
638 452 703 495 urbi
722 451 888 495 'adjunclum

105 487 253 526 promiscue
272 489 401 516 Hebdomi
414 489 548 526 nomini
558 495 576 526 (ξ
592 487 777 526 scriptoribus
799 487 887 526 dona-

106 523 155 553 tur.
180 525 308 552 Hebdomi
329 533 378 552 seu
403 524 502 559 Campi
525 523 709 551 Hebdomiam’
728 531 796 559 pars
811 524 886 551 intra

106 562 198 588 urbem
213 560 331 588 subinde
345 561 465 588 inclusa.

76 598 113 625 XI.
129 597 354 624 Promontorium
377 595 506 624 Hebdomi
527 595 686 631 proximum
709 594 795 630 fuisse
811 594 886 622 urbis

106 632 234 660 manibus
249 632 409 659 ostenditur.

74 668 119 695 XII.
146 668 311 695 Hebdomum
335 675 389 694 non
417 666 452 694 ad
482 665 683 702 Propontidem,
716 665 763 693 sed
792 673 886 692 versus

105 703 226 731 Ceratini
239 705 318 731 sinus
331 707 413 738 caput
429 703 545 730 exstitit.

76 739 136 767 XIII.
150 739 180 767 Id
198 740 338 766 astruitur
358 735 524 774 scriptorum
546 739 640 766 allatis
666 735 884 774 auctoritatibus.

76 775 130 803 XIV.
155 775 191 802 De
220 775 340 809 Palatii,
366 772 438 810 quod
460 773 532 801 nude
552 774 695 802 interdum
720 772 887 810 llebdomum

105 810 236 846 appellari
260 809 397 846 dicimus,
420 810 487 844 situ,
511 813 538 846 et
558 818 596 837 an
619 809 693 837 idem
711 809 798 843 fuerit
823 816 886 835 olim

105 845 265 874 Consistorio
282 845 412 874 Gratiani
420 847 446 873 et
459 845 625 873 Iustiniani.

76 882 119 909 XV.
147 881 314 910 Hebdomum
338 884 533 916 nuncupatum
554 881 627 909 istud
651 880 793 908 Palatium
820 886 884 914 pro-

107 917 186 945 batur
198 925 234 945 ca:
244 919 437 953 scriptoribus.

76 953 131 982 XVI.
145 953 210 981 Huic
225 948 363 982 Tribunal
386 952 525 988 vestibuli,
550 960 598 980 seu
621 948 785 987 προαυλίου,
801 950 890 978 vicem

107 989 236 1025 priebuit.

105 1043 126 1069 Ι.
143 1043 287 1070 Hactenus
298 1041 428 1078 quidem,
448 1041 477 1069 ni
494 1041 590 1076 fallor,
608 1040 798 1077 praestitimus
813 1038 891 1075 quod

77 1086 102 1113 in
115 1086 234 1122 hujusce
249 1087 348 1122 operis
362 1086 536 1114 Praefatione
549 1093 654 1113 sumus
669 1083 801 1121 polliciti,
818 1083 891 1111 nihil

77 1139 121 1159 nos
136 1131 189 1159 nisi
203 1139 289 1164 nova,
306 1139 339 1159 ac
353 1131 383 1158 in
401 1131 486 1159 hocce
501 1138 607 1166 genere
622 1129 789 1165 argumenti
806 1128 891 1156 nobis

77 1175 184 1208 indicta,
200 1176 236 1203 de
252 1175 291 1203 iis
316 1184 379 1211 quas
405 1176 439 1203 ad
466 1175 548 1203 urbis
563 1172 890 1209 Constantinopolitanm

76 1219 113 1247 vel
139 1219 261 1247 nidiﬁcia
284 1219 329 1247 vel
351 1220 484 1255 regiones
509 1219 663 1255 pertinent,
688 1218 719 1246 in
743 1217 825 1246 Notis
853 1218 889 1245 ad

75 1263 178 1292 Zonaras
202 1264 336 1292 Annales
360 1264 576 1292 observaturos.
601 1263 709 1291 Verum
735 1264 768 1290 ut
784 1262 889 1289 faciam

75 1307 137 1335 satis
161 1308 221 1336 viro
246 1307 413 1344 pererudito
436 1307 584 1336 Hadriano
600 1307 724 1341 Valesio,
742 1306 788 1334 cui
811 1305 889 1334 Petri

76 1352 150 1388 Gyllii
174 1352 261 1388 longe
287 1351 464 1385 doctissimi,
488 1354 517 1379 et
541 1353 671 1380 nostram
695 1351 731 1379 de
744 1349 889 1378 Hebdomi

76 1396 126 1424 situ
144 1396 321 1424 sententiam
348 1396 469 1424 minime
485 1396 599 1431 probari
614 1395 804 1429 advertimus,
821 1394 890 1422 huic

78 1449 181 1468 rursom
197 1441 376 1475 asserenda,
398 1449 491 1476 pauca
505 1448 538 1468 ex
553 1439 590 1468 iis
606 1449 669 1476 quas
686 1439 716 1467 in
731 1440 888 1467 Constanti-

76 1485 158 1520 nopoli
184 1485 345 1513 Christiana
364 1485 479 1520 copiose
505 1484 577 1512 satis
602 1493 619 1512 a
641 1484 725 1512 nobis
741 1483 890 1519 descripta

79 1533 148 1563 sunt,
167 1529 214 1557 hic
230 1537 353 1557 rursum
375 1529 498 1557 delibari
522 1529 600 1557 haud
625 1529 771 1564 ingratum
788 1527 888 1556 lectori

76 1572 185 1602 fortasse
199 1574 298 1608 fuerit,
314 1574 361 1602 cui
372 1574 409 1602 de
418 1573 473 1601 hac
485 1573 675 1609 diiudicanda
690 1572 888 1601 controversia

981 275 1097 308 fuerint.

941 310 1028 373 ΧΗμέ
1046 310 1213 338 Suburbana
1227 312 1316 339 etiam
1339 311 1477 340 interdum
1503 313 1579 340 intra
1601 313 1697 342 urbem
1721 322 1768 342 eto-

979 354 992 373 s
1006 354 1016 372 ι
1030 354 1087 372 ere.

979 346 1087 373 stitere.

976 381 1035 408 XIX.
1046 384 1089 419 In
1103 382 1244 419 Hebdomo,
1255 391 1302 410 seu
1317 384 1347 410 in
1363 383 1461 418 Campo
1478 384 1517 411 ita
1534 385 1764 419 appellato,varia

977 418 1107 480 exstitere
1132 418 1261 453 aediﬁcia,
1286 423 1345 446 tum
1371 421 1444 448 ades
1466 418 1573 453 sacrae,
1589 428 1652 456 quae
1670 429 1764 449 recen-

977 461 1025 480 sen
1040 461 1081 480 ur.

977 461 1081 480 sentur.

942 488 990 515 XX.
1011 489 1093 516 (Edes
1120 488 1161 525 5.7
1177 489 1291 518 Joannis
1320 491 1461 522 Baptistae,
1487 499 1569 525 quam
1593 491 1763 520 Hebdomum

976 524 1210 587 nuttteleinierdum
1232 530 1326 553 vocant
1348 524 1505 562 scriptores,
1521 535 1558 554 an
1572 527 1646 554 intra
1663 528 1763 556 urbem

977 568 1023 587 cazs
1039 569 1048 587 ι
1076 569 1102 587 rt
1118 579 1124 586 .

977 561 1111 588 exstiterit
1118 579 1124 586 .

941 596 1003 623 XXI.
1021 597 1057 623 De
1079 597 1144 623 aliis
1161 597 1237 623 intra
1261 597 1355 624 urbem
1382 597 1471 625 eidem
1484 602 1577 626 sancto
1592 599 1765 627 Przoursori

976 631 1077 659 dicatis
1098 631 1238 659 Ecclesiis.

940 667 1014 694 XXII.
1031 667 1072 704 An
1086 667 1244 695 dissertator
1258 667 1456 696 Hebdomianus
1470 676 1532 696 vere
1555 669 1662 704 primus
1680 671 1765 698 situm

979 703 1112 730 Hebdomi
1127 704 1302 737 explicuerit.

941 738 1028 766 XXIII.
1046 739 1076 766 In
1092 739 1243 766 litterariis
1257 740 1451 767 controversiis
1467 740 1526 767 sine
1536 741 1628 768 nostro
1643 741 1762 768 invicem

975 773 1068 801 dolore
1083 775 1147 801 licet
1173 775 1276 808 ludere,
1300 775 1328 802 id
1352 777 1390 803 est
1418 775 1573 803 urbanitate
1593 784 1625 803 ac
1641 776 1764 804 modera-

982 810 1052 837 tione
1066 812 1182 837 seruata.

940 845 1022 872 XXIV.
1049 845 1150 873 Auctor
1187 845 1259 873 nihil
1282 846 1347 873 novi
1375 846 1486 874 docetur
1513 854 1549 874 ex
1575 846 1767 875 dissertataris

977 882 1187 909 Dissertatione.

910 919 932 954 α
946 917 1018 944 XXV.
1036 917 1181 945 Conclusio
1201 917 1314 952 hujusce
1341 918 1553 954 Disceptationis
1575 917 1608 946 de
1630 919 1680 946 hac
1695 918 1768 945 Con-

983 954 1123 987 troversia,
1157 961 1240 989 quam
1278 953 1438 988 impeditam
1475 954 1649 982 existimabat
1677 957 1766 982 Henr.

986 989 1117 1016 Valesius.

983 1041 1030 1069 III.
1050 1041 1177 1069 Tametsi
1201 1041 1292 1077 igitur
1315 1041 1497 1069 Hebdomum
1521 1041 1562 1070 ita
1585 1041 1764 1078 appellatum

947 1088 1070 1119 constet,
1087 1086 1162 1121 quod
1191 1087 1317 1121 septimo
1341 1086 1376 1114 ab
1401 1086 1472 1114 urbe
1494 1086 1612 1114 milliari
1633 1087 1767 1123 distaret,

946 1131 1104 1159 difﬁcultas
1120 1134 1217 1159 tamen
1233 1132 1268 1158 de
1286 1131 1427 1159 Hebdomi
1444 1131 1541 1166 istius,
1556 1133 1642 1167 cujus
1657 1132 1768 1167 passim

947 1175 1056 1204 mentio
1071 1176 1148 1212 apud
1164 1175 1321 1211 scriptores
1339 1175 1475 1209 occurrit,
1493 1176 1685 1210 situ,minime
1701 1177 1769 1205 inde

945 1219 1078 1254 solvitur,
1088 1228 1153 1247 cum
1162 1219 1240 1248 aliud
1247 1221 1277 1247 et
1286 1219 1433 1247 diversum
1448 1219 1486 1247 sit
1497 1229 1514 1248 a
1523 1220 1649 1256 septimo
1659 1220 1767 1256 lapide,

944 1263 1012 1292 licet
1030 1265 1135 1298 eidem,
1160 1266 1191 1292 ut
1205 1266 1233 1291 et
1249 1264 1313 1291 urbi
1330 1264 1656 1301 Constantinopolitanm
1672 1265 1765 1293 conti-

944 1317 1046 1344 guum,
1062 1317 1129 1336 cum
1146 1309 1220 1336 inter
1244 1309 1402 1344 septimum
1419 1309 1545 1345 lapidem
1561 1312 1590 1337 et
1605 1310 1706 1338 urbem
1720 1310 1767 1337 in-

945 1353 1066 1381 tersitus
1083 1361 1161 1390 ager,
1178 1353 1221 1381 vel
1237 1354 1374 1389 Campus,
1391 1354 1529 1381 llebdomi
1548 1354 1656 1390 pariter
1671 1354 1770 1391 appel-

944 1396 1083 1424 lationem
1108 1396 1240 1428 habcret.
1263 1397 1340 1431 quod
1366 1405 1422 1424 non
1449 1397 1534 1425 modo
1557 1397 1586 1424 in
1603 1397 1657 1425 hac
1673 1398 1768 1426 Disce-

944 1441 1072 1476 ptatione
1083 1441 1267 1477 probandum
1278 1441 1402 1477 suscepi,
1419 1441 1470 1469 sed
1486 1445 1512 1468 et
1523 1441 1664 1478 Campum
1675 1442 1766 1470 istum

944 1485 1176 1513 Hebdomianum
1201 1493 1257 1512 non
1279 1485 1314 1512 ad
1330 1485 1548 1521 Propontidem,
1564 1486 1614 1513 sed
1630 1486 1665 1513 ad
1682 1487 1766 1514 sinus

943 1529 1079 1562 Ceratini,
1096 1537 1198 1557 versus
1221 1529 1301 1556 illius
1326 1532 1424 1565 caput,
1443 1529 1551 1562 littora,
1576 1530 1716 1564 extitisse,
1733 1533 1766 1558 ut

942 1575 972 1601 et
985 1573 1114 1601 tribunal
1131 1576 1158 1601 et
1173 1572 1315 1609 palatium
1331 1574 1484 1606 Hebdomi,
1502 1573 1652 1602 ecclesiam
1666 1575 1763 1602 Sancti

77 1616 189 1646 liberum
213 1618 271 1647 erit
291 1603 459 1646 arbitrium.
477 1603 524 1646 In"
533 1625 566 1645 ea
589 1625 654 1645 vero
670 1617 885 1652 pertractanda,
902 1603 924 1637 ο
941 1617 1064 1645 Joannis
1076 1603 1221 1652 Baptista,
1242 1619 1402 1653 ceteraque
1423 1603 1566 1646 recensita
1581 1626 1598 1646 a
1612 1618 1763 1655 scriptori-

78 1665 105 1689 ut
117 1663 203 1690 sancti
220 1662 380 1699 Augustini
404 1662 498 1690 verbis
522 1661 594 1689 mihi
617 1661 731 1698 praefari
745 1661 831 1689 liceat
846 1662 889 1696 (in

79 1707 151 1741 Epist.
166 1707 201 1735 ad
215 1707 244 1735 S.
262 1706 388 1743 Hieron.)
404 1716 413 1734 :
429 1706 460 1735 Si
467 1707 550 1734 aliter
561 1714 643 1742 quam
654 1706 676 1733 is
686 1705 801 1733 sensisse
810 1713 887 1740 repe-

77 1752 139 1784 riar,
154 1759 207 1780 non
223 1753 325 1780 contra
340 1751 421 1779 illum
431 1752 547 1783 dictum,
559 1750 607 1778 sed
615 1751 690 1786 quod
699 1750 770 1778 mihi
782 1750 890 1778 videba-

76 1800 115 1823 tur
127 1805 143 1824 α
163 1805 206 1824 me
226 1798 363 1832 scriptum
382 1804 440 1824 esse
462 1797 554 1831 putem
577 1795 702 1823 lectorem
725 1794 822 1822 debere
847 1802 890 1822 co-

76 1848 190 1873 gnoscere
203 1850 213 1868 :
229 1846 279 1869 aut
295 1842 321 1868 si
335 1841 461 1876 cognosci
475 1848 531 1868 non
543 1844 639 1875 potest,
654 1839 767 1867 credere
781 1839 887 1867 debere.

107 1884 138 1912 ll.
153 1886 245 1920 Atque
262 1888 296 1912 ut
311 1884 435 1920 hujusce
450 1884 671 1920 disceptationis
687 1883 812 1910 ducatur
830 1883 888 1910 ini-

76 1928 149 1962 tium,
165 1929 193 1957 in
207 1930 346 1957 confesso
366 1929 470 1956 debere
492 1937 556 1956 esse
571 1928 757 1963 agnoscimus
773 1927 887 1955 Hebdo-

77 1979 146 2000 mum
162 1973 201 2001 ita
216 1973 410 2010 appellatum,
427 1973 504 2008 quod
521 1972 645 2009 septimo
654 1972 690 2000 ab
704 1972 775 1999 urbe
787 1971 888 2008 (veteri

75 2016 172 2044 scilicet
199 2017 339 2054 Byzantio
368 2017 405 2045 ad
442 2017 676 2052 promontorium
706 2016 886 2052 Ceratinum)

76 2060 182 2089 milliari
207 2062 358 2090 distaret:
393 2061 495 2090 indevc
519 2061 596 2097 quod
621 2061 711 2089 Graeci
736 2057 886 2096 Ἕϐδομον,

77 2105 159 2133 Latini
185 2106 339 2142 Septimum
367 2108 481 2142 vocant,
511 2106 654 2142 quosdam
693 2106 888 2142 septimilliara

78 2157 257 2186 nuncupare:
284 2151 534 2185 quemadmodum
562 2151 591 2178 in
617 2153 741 2186 utroque
766 2150 886 2183 isthmo,

78 2193 194 2222 Thraciis
222 2195 397 2224 Chersonesi
428 2197 457 2223 et
485 2195 679 2228 Corinthiaco,
710 2203 727 2222 δ.
752 2194 824 2222 mari
850 2194 886 2222 ad

82 2245 152 2266 mare
176 2239 301 2268 deducto
328 2248 412 2268 muro
438 2239 615 2268 llexamiliia
635 2248 686 2267 sex
714 2239 886 2266 milliarium

943 1662 998 1690 bus
1010 1662 1039 1689 in
1054 1662 1205 1690 Hebdomo
1225 1662 1357 1695 ediﬁcia,
1383 1662 1414 1689 in
1439 1662 1494 1690 hoc
1509 1662 1600 1690 fuisse
1616 1666 1762 1699 postremo

943 1707 1101 1740 Hebdomo,
1129 1715 1180 1734 seu
1206 1707 1235 1734 in
1260 1707 1369 1742 Campo
1395 1706 1547 1741 Hebdomi,
1571 1715 1628 1734 non
1650 1715 1715 1736 vero
1727 1708 1763 1736 ad

943 1751 1102 1787 septimum
1120 1751 1156 1779 ab
1173 1751 1243 1779 urbo
1268 1750 1402 1785 milliare,
1424 1751 1501 1787 quod
1515 1750 1578 1778 vult
1592 1751 1766 1780 dissertator

942 1795 1172 1824 Hebdomianus.
1191 1795 1364 1831 Priusquam
1387 1803 1453 1823 vero
1474 1804 1535 1823 rem
1552 1795 1716 1832 aggrediar,
1733 1798 1765 1824 ut

943 1849 989 1868 res
1005 1839 1119 1876 planior
1138 1839 1278 1876 deinceps
1302 1840 1364 1875 flat,
1389 1848 1530 1875 ponemus
1551 1841 1581 1868 in
1597 1840 1764 1877 exemplum

942 1885 1143 1913 suburbanum
1162 1884 1336 1919 Parisiense,
1354 1892 1406 1912 seu
1423 1884 1500 1920 regis
1519 1886 1610 1913 nostri
1627 1885 1766 1914 Christia-

942 1929 1057 1958 nissimi
1087 1928 1239 1964 palatium,
1277 1929 1355 1964 quod
1393 1929 1537 1957 Versalias
1570 1930 1764 1966 appellamus,

942 1974 1031 2002 simili
1048 1973 1106 2001 fere
1122 1973 1157 2001 ab
1174 1974 1245 2001 urbe
1260 1973 1420 2001 Galliarum
1432 1973 1571 2009 primaria
1581 1975 1765 2010 disparatum

941 2018 1046 2054 spatio,
1068 2025 1125 2053 quo
1151 2017 1336 2046 Hebdomum
1362 2026 1378 2045 a
1401 2018 1547 2053 Byzantio.
1575 2020 1636 2051 Quo
1659 2020 1764 2055 posito,

942 2062 1036 2099 primo
1052 2061 1167 2096 quidem
1184 2070 1240 2089 non
1253 2062 1412 2098 septimum
1427 2062 1571 2090 duntaxat
1585 2062 1720 2095 milliare,
1735 2063 1764 2089 id

941 2109 986 2135 est
998 2106 1157 2142 septimum
1172 2106 1209 2133 ab
1230 2106 1302 2134 urbe
1325 2105 1464 2142 lapidem,
1481 2103 1618 2142 Ἑϐδόμου
1634 2106 1763 2142 appella-

942 2151 1051 2179 tionem
1068 2150 1218 2183 habuisse,
1236 2151 1303 2178 sed’
1313 2150 1402 2178 etiam
1419 2150 1495 2178 inter
1514 2151 1672 2186 septimum
1687 2151 1764 2179 istud

942 2195 1067 2223 milliare
1091 2197 1120 2222 et
1141 2195 1243 2222 urbem
1268 2195 1621 2231 Constantinopolitanam
1647 2195 1764 2231 inlerje-

941 2242 1020 2268 ctum
1037 2240 1189 2275 Campum,
1201 2239 1229 2267 in
1242 2248 1300 2275 quo
1313 2240 1438 2268 aedificia
1450 2240 1550 2267 omnia
1560 2248 1686 2276 quorum
1700 2248 1760 2268 me-

79 2282 160 2316 spatio
177 2292 282 2312 nomen
299 2285 425 2312 inditum
440 2286 493 2312 est.
512 2285 543 2312 id
558 2287 588 2312 at
599 2284 700 2312 multis
710 2283 740 2312 in
756 2292 789 2312 ea
804 2283 888 2311 lucu-
903 2287 927 2320 D
943 2284 1082 2312 minerint
1092 2284 1241 2320 Byzantini
1253 2285 1421 2321 scriptores,
1433 2284 1573 2320 nullaque
1583 2285 1611 2312 in
1628 2285 1690 2319 ipso
1702 2284 1766 2312 mil-

79 2325 194 2355 bratione
218 2328 391 2362 docuimus,
422 2328 517 2357 allatis
546 2330 698 2357 auctorum
728 2328 800 2357 locis
828 2328 888 2357 fere

79 2372 214 2408 omnibus,
231 2375 336 2409 praeter
356 2381 430 2409 quos
454 2373 491 2401 ab
514 2373 616 2401 eodem
639 2373 700 2401 viro
716 2373 800 2401 docto
816 2372 888 2401 alios

82 2415 189 2449 proferri
214 2425 272 2445 non
301 2417 491 2451 advertimus,
514 2417 585 2445 adeo
613 2420 644 2445 ut
669 2418 777 2453 pudeat
803 2417 889 2445 toties

81 2460 202 2489 cramben
227 2464 367 2497 repetere,
392 2466 473 2498 atque
502 2462 597 2490 eadem
627 2465 743 2491 cantare
767 2462 891 2490 versibus

83 2503 177 2533 iisdem.
192 2506 248 2534 Sed
271 2514 338 2534 cum
360 2506 421 2535 hinc
446 2507 569 2542 quaestio
593 2507 709 2535 deﬁniri
732 2507 780 2535 vix
801 2509 890 2543 queat

81 2547 180 2584 absque
194 2549 315 2586 prolatis
329 2554 358 2579 et
372 2551 401 2578 in
420 2551 551 2579 medium
567 2551 703 2579 adductis
719 2552 889 2580 eorumdem

83 2596 242 2628 scriptorum
257 2595 494 2630 auctoritatibus,
512 2604 545 2623 ac
565 2596 602 2624 iis
625 2596 798 2632 praesertim,
815 2605 890 2633 quas

84 2640 126 2664 aut
151 2646 205 2666 non
230 2640 411 2675 observasse,
443 2643 495 2668 aut
519 2641 555 2668 de
581 2640 726 2670 industria
754 2641 890 2669 omisisse

83 2680 193 2716 videtur,
210 2687 242 2711 ut
256 2692 319 2720 quas
343 2685 494 2713 sententiis
519 2694 606 2720 quam
629 2686 768 2713 tuendam
787 2694 888 2714 susce-

87 2729 156 2758 perat
169 2728 398 2763 adversarentur,
423 2729 549 2757 breviter
572 2734 715 2766 quantum
739 2730 846 2766 licebit,
864 2735 891 2758 et

87 2769 188 2799 selectis
215 2773 354 2802 duntaxat
375 2774 425 2809 qui
450 2775 486 2802 ad
513 2775 587 2802 hanc
607 2774 802 2803 dirimendam
818 2784 890 2803 con-

87 2814 237 2844 troversiam
262 2819 430 2847 conducunt
442 2818 527 2854 locis,
544 2827 608 2855 quas
624 2820 654 2847 in
670 2819 746 2848 hanc
760 2828 822 2849 rem
839 2821 890 2848 ha-

87 2855 146 2886 bent
159 2861 286 2896 expedire
300 2871 391 2899 opem
407 2863 533 2900 pretium
550 2864 675 2893 videtur.

941 2329 1006 2357 liari
1023 2329 1147 2365 septimo
1167 2329 1286 2357 stetisse
1310 2329 1405 2357 ausim
1430 2329 1551 2357 omnino
1566 2330 1740 2357 contendere
1756 2336 1764 2357 :

944 2374 1021 2410 quod
1037 2373 1110 2401 mihi
1127 2374 1287 2409 praesertim
1299 2373 1482 2409 probandum
1492 2373 1646 2407 incumbit,
1658 2376 1690 2401 ut
1705 2373 1765 2401 dis-

945 2418 1103 2454 putationis
1118 2417 1208 2446 totius
1225 2417 1451 2446 fundamentum
1469 2426 1475 2445 :
1493 2418 1569 2453 quod
1593 2418 1670 2445 haud
1691 2426 1766 2454 aegre

945 2463 1073 2498 fecerim,
1088 2463 1112 2491 si
1127 2462 1168 2490 ita
1193 2462 1372 2499 appellatum
1399 2463 1436 2490 ab
1451 2462 1554 2490 iisdem
1572 2463 1766 2499 scriptoribus

944 2508 1134 2536 ostenderim.

979 2552 1025 2580 IV.
1043 2551 1158 2580 Primus
1175 2551 1266 2587 igitur
1280 2560 1315 2579 ex
1338 2551 1375 2580 iis
1398 2552 1520 2587 prodeat
1531 2551 1768 2587 Theophylactns

945 2597 1114 2630 Simocatta,
1140 2596 1188 2632 qui
1214 2596 1288 2624 libro
1313 2605 1374 2630 vm,
1400 2605 1464 2632 cap.
1489 2597 1531 2631 l3,
1558 2597 1660 2625 scribit
1674 2597 1768 2624 deﬁxa

945 2643 980 2670 ad
996 2640 1196 2677 spectaculum
1213 2649 1230 2668 a
1245 2643 1369 2676 tyranno
1385 2640 1491 2673 Phoca,
1508 2641 1637 2669 Mauricii
1654 2643 1682 2669 et
1697 2641 1769 2668 lilio-

945 2695 1010 2714 rum
1027 2685 1123 2722 capita
1137 2684 1205 2722 πρὸς
1220 2685 1251 2712 τὸ
1267 2683 1361 2712 πεδὶον
1376 2685 1422 2712 τὸν
1439 2685 1612 2722 ἀνακείμενον
1630 2684 1655 2711 ἐν
1672 2687 1711 2720 τῷ
1727 2683 1770 2711 λε-

944 2730 1055 2767 γομένῳ
1079 2727 1217 2765 Ἑϐδόμῳ,
1250 2728 1279 2756 ὃν
1317 2729 1429 2766 Κάμπην
1456 2730 1589 2766 Ῥωμαῖοι
1621 2728 1770 2764 κατονομά-

946 2778 1047 2810 ζουσιν.
1065 2774 1118 2802 Ubi
1135 2774 1317 2803 observanda
1338 2783 1392 2803 vox
1412 2775 1599 2810 ἀνακείμενον,
1612 2783 1673 2809 quae
1688 2782 1769 2801 cam-

945 2829 1016 2857 pum
1046 2819 1110 2847 urbi
1139 2818 1305 2854 adjaouisse
1335 2820 1407 2848 salis
1429 2820 1550 2856 prodit:
1576 2826 1670 2854 neque
1690 2818 1769 2847 enim

945 2867 1070 2901 Campus
1086 2863 1116 2892 in
1131 2863 1195 2900 ipso
1211 2864 1337 2900 septimo
1353 2864 1490 2893 milliario
1505 2871 1570 2892 esse
1580 2862 1686 2900 potuit,
1697 2863 1769 2893 alio-
