2021 3176
222 162 277 192 391

792 162 1028 198 DlSOUlSITlO
1049 161 1352 193 TOPOGRAPHIGA

222 227 272 263 qui
289 229 415 263 Campus
429 228 457 255 in
471 228 646 256 suburbano
655 237 706 256 seu
732 228 761 256 in
775 229 842 257 villa
855 237 920 256 esse
948 229 1045 255 dicere
1060 228 1087 262 Α
1139 229 1172 255 V.
1188 227 1295 256 Verum
1303 230 1335 256 ut
1351 228 1572 264 disceptationis
1583 228 1688 256 seriem
1704 236 1939 264 prosequamur,

220 274 279 306 tur,
289 273 366 308 quod
378 272 540 300 absurdum
553 275 638 301 esset.
652 273 760 300 Deinde
768 273 1045 301 Hebdomum.Gam-

220 325 291 352 pum
301 317 390 344 fuisse
400 317 579 352 appellatum
592 318 697 345 diserte
708 318 748 345 ait
757 318 932 350 Simocatta;
949 318 1044 353 proin-

221 361 256 389 de
280 361 358 389 idem
375 365 419 388 est
437 361 619 389 llebdomum
637 371 702 390 cum
717 365 833 396 Campo.
851 362 1042 397 Theophanes

218 406 304 433 etiam
313 409 451 440 Campum
463 407 498 433 ad
512 407 611 434 urbem
622 406 974 442 Constantinopolitanam
984 409 1042 433 sta-

217 455 355 486 tuit,cum
366 455 405 482 ait
412 455 448 482 ad
457 463 525 482 ann.
536 455 571 482 30
579 455 733 483 Theodosii
744 455 1042 490 Junioris,Byzantios

216 506 299 530 terras
312 506 392 531 motu
403 507 602 531 consternatos
618 513 650 531 ac
667 505 792 536 territos.
805 501 855 538 ἔξω
869 507 918 538 τῆς
933 502 1040 534 πόλεως

217 546 243 574 ἰν
259 549 298 582 τῷ
315 548 454 584 Λεγομὲνῳ
470 547 574 584 Κάμπῳ
590 549 747 576 secessisse
761 558 767 582 ;
785 550 870 584 cujus
886 552 967 576 terrm
984 557 1042 576 mo-

216 594 264 620 tus
277 593 447 620 memoriam
461 594 619 628 quotannis
630 593 674 627 agi
686 593 721 620 26
733 593 878 623 Januarii.
891 601 948 628 quo
960 593 984 620 is
994 601 1041 620 ac-

215 636 286 663 cidit
301 636 330 663 in
340 638 459 672 Campo,
471 637 574 664 scribit
585 639 686 664 auctor
697 638 828 666 Chroaici
839 637 1040 665 Alexandrini:

213 683 291 711 Ὅθεν
307 683 352 710 καί
364 685 381 718 ἡ
399 685 495 720 μνήμη
512 685 570 711 κατ’
586 684 644 715 ἔτος
661 684 823 712 ἐπιτελεῖται
839 689 888 719 τῆς
916 684 1039 716 λιτανίας

214 727 297 764 μέχρι
313 727 357 755 καὶ
373 729 416 754 νῦν
433 728 460 754 ἐν
474 730 514 764 τῷ
538 728 648 764 Κάμπῳ
671 729 736 766 ὑπὲρ
752 733 802 764 τῆς
817 731 865 756 τοῦ
882 728 1037 767 φιλανθρώ-

211 782 263 798 που
279 774 346 798 Θεοῦ
364 771 563 808 μακροθυμίας.
577 774 606 800 ln
619 782 677 808 qua
688 774 805 809 quidem
822 773 1038 809 supplicatione

212 817 431 852 imperatorem,
445 821 592 851 senatum,
602 818 744 853 populum
753 821 781 845 et
791 818 902 846 clerum
915 818 1037 852 pedibus

212 860 301 887 nudis
331 861 509 896 processisse
537 862 625 889 tradit
653 862 729 890 idem
764 863 914 898 seriptor:
941 862 992 889 Καὶ
1022 863 1036 888 ὁ

214 904 342 942 βασιλεὺς
357 904 507 933 ἐλιτάνενσε
523 906 590 942 μετᾶ
617 910 666 941 τῆς
692 907 858 944 συγκλήτου,
874 907 919 934 καὶ
935 905 1035 945 ὄχλου,
1052 911 1075 944 Β

210 949 315 976 καὶτοῦ
337 948 455 987 κλήρου,
482 949 645 981 ἀνύπόδετος
670 951 774 988 ἡμέρας
798 951 914 983 πολλάς.
940 952 1032 980 Theo-

210 994 300 1022 dorus
317 997 416 1022 Lector
431 995 483 1022 ecl.
500 1003 519 1027 ι,
546 998 574 1022 et
597 1004 631 1023 ex
656 1004 689 1023 eo
706 996 783 1024 idem
800 996 992 1033 Theophanes
1006 999 1034 1024 et

209 1040 332 1074 Symeon
348 1039 506 1074 Logotheta
519 1039 548 1067 in
565 1039 670 1067 Chron.
690 1049 744 1067 ms.
762 1041 896 1068 scribunt
916 1041 1034 1069 Marcia-

209 1091 281 1110 num
297 1082 324 1109 ἐν
349 1084 408 1112 ταῖς
436 1081 526 1113 λιταῖς
551 1083 708 1120 γενομέναις
723 1082 748 1109 ἐν
768 1085 808 1118 τῷ
830 1084 936 1119 Κάμπῳ
952 1083 1031 1117 πεζόν

209 1125 400 1164 ἐξερχόμενον,
418 1127 526 1155 multas
541 1129 679 1163 pecunias
690 1129 868 1164 pauperibus
878 1136 1030 1164 erogasse:

208 1175 376 1203 Anatolium
403 1184 470 1202 vero
499 1176 708 1212 patriarcham,
737 1185 802 1204 cum
833 1185 849 1204 a
876 1177 970 1205 Tauro
996 1178 1030 1204 ad

207 1219 362 1254 Campum,
375 1220 459 1253 juxta
476 1228 586 1246 morem
605 1220 808 1256 episcoporum
833 1221 915 1248 urbis
936 1221 1030 1257 regim,

205 1263 309 1290 lectica
333 1266 433 1290 vectus
461 1265 496 1291 ad
522 1264 768 1299 supplicationem
799 1266 976 1300 procederet,
1004 1268 1032 1293 et

206 1308 386 1334 Marcianum
418 1308 542 1344 pedibus
571 1308 753 1336 incedentem
778 1309 907 1342 vidisset,
933 1309 1029 1345 ipsum

207 1364 323 1392 quoque
335 1354 479 1390 πεζεύοντι
498 1356 683 1392 processisse.
701 1357 770 1389 Quis
792 1365 876 1392 porro
901 1357 1030 1384 Theodo-

207 1401 284 1428 sium
301 1401 452 1428 Juniorem
469 1398 644 1435 ἀνυπόδετον,
661 1409 726 1428 cum
751 1401 886 1428 universa
902 1401 984 1437 plebe
1003 1404 1032 1429 et

207 1445 293 1479 clero,
310 1444 351 1472 vel
370 1445 545 1472 Marcianum
564 1445 688 1480 pedibus
711 1454 803 1481 usque
824 1447 858 1472 ad
875 1446 1029 1480 septimum

206 1489 331 1517 milliare
359 1490 490 1525 quotidie
516 1490 694 1525 processisse
725 1489 832 1525 putet?
856 1490 956 1526 Neque
985 1491 1030 1518 hic

205 1541 334 1575 opponat
348 1539 392 1566 vir
411 1539 556 1574 eruditus,
584 1539 662 1574 quod
688 1539 857 1575 patriarcha
873 1540 1029 1568 Anatolius

1099 272 1280 308 Nicephorus
1310 273 1475 308 patriarcha
1509 273 1873 309 Constantinopolitanus,
1907 274 1937 301 in

1098 316 1236 348 Historia,
1253 324 1343 353 agens
1360 317 1395 344 de
1412 317 1555 344 Avaribus
1566 317 1644 345 circa
1656 318 1759 345 urbem
1773 318 1938 353 dispersis,

1100 367 1229 395 Heraclio
1243 367 1404 403 imperante
1418 375 1423 394 :
1440 366 1491 394 Καὶ
1505 365 1570 403 μόλι
1584 367 1652 404 πρὸς
1661 367 1692 394 τὸ
1708 365 1804 394 πεδίον
1819 368 1854 394 τὸ
1878 368 1935 405 πρὸ

1097 413 1146 445 τῆς
1175 410 1294 444 πόλεως,
1332 411 1346 438 ’ὸ
1383 408 1522 447 Ἕϐδομον
1560 410 1686 445 καλοῦσι,
1724 409 1934 442 καταλαϐόγτες

1097 453 1248 492 ἱδρῦςαντο,
1280 454 1348 482 ἔνθεν
1377 453 1405 482 δέ
1433 465 1462 483 τε
1492 454 1681 486 σκεδαννόντις
1711 455 1778 493 ἄχρι
1810 456 1860 483 καὶ
1892 456 1934 486 εἷς

1095 501 1144 526 τοῦ
1175 499 1328 534 Βαρνύσσου
1365 502 1490 535 ποταμοῦ
1527 500 1653 538 γὲιρυραν.
1685 503 1724 528 Ex
1752 501 1808 528 hoc
1841 502 1938 529 unico

1097 547 1236 580 prmterea
1252 544 1314 572 loco
1326 547 1405 580 patet
1419 545 1539 572 omnino
1551 553 1619 572 voce
1630 545 1774 573 Hebdomi
1791 554 1854 573 non
1867 554 1939 581 sep-

1095 589 1201 616 timum
1222 589 1257 616 ab
1282 589 1355 616 urbe
1382 589 1516 622 milliare,
1534 589 1581 616 sed
1602 589 1744 625 Campum
1769 590 1807 617 ad
1824 589 1936 617 urbem

1094 632 1254 668 indigitari,
1271 641 1358 668 quem
1383 641 1559 669 occupavere
1582 637 1689 661 Avares
1706 634 1808 661 urbem
1827 634 1934 662 obses-

1094 677 1168 710 suri,
1185 685 1277 713 usque
1293 678 1327 705 ad
1340 677 1477 712 Barnyssi
1492 677 1573 706 ﬂuvii
1585 681 1704 714 pontem
1722 687 1729 705 :
1746 679 1798 713 qui
1816 678 1936 706 scilicet

1094 720 1201 748 ﬂuvius
1216 723 1322 757 Campo
1339 722 1489 749 Hebdomo
1514 720 1659 757 appellato
1680 722 1847 756 adjacebat.
1874 722 1932 749 Sed

1093 765 1163 800 quin
1180 765 1256 793 idem
1280 766 1409 801 Campus
1436 765 1578 794 llebdomi
1604 765 1735 801 proxime
1759 766 1826 793 urbi
1844 767 1933 801 adja-

1092 809 1197 843 cuerit,
1228 810 1402 845 scrupulum
1431 818 1548 837 omnem
1580 810 1681 837 eximit
1708 809 1930 845 Euchologium

1091 853 1189 888 Goari,
1220 863 1248 889 p.
1277 855 1340 887 810,
1369 854 1417 881 ubi
1444 854 1619 882 describitur
1643 852 1712 890 εὐχή
1739 853 1883 891 λεγομένη
1900 854 1926 880 ἐν

1091 896 1154 933 λιτῇ
1170 897 1300 934 γενομένῃ
1315 896 1359 924 διὰ
1374 895 1457 936 φόϐον
1475 897 1514 929 εἷς
1529 898 1574 925 τὸν
1592 897 1716 934 Κάμπον,
1734 898 1771 928 εἷς
1782 898 1831 925 τὸν
1849 899 1926 935 ἅγιον

1091 940 1231 977 Διομήδην
1262 941 1410 978 ἐξώπορτα,
1441 942 1486 969 καὶ
1516 942 1556 973 εἰς
1584 943 1633 976 τήν
1663 941 1784 970 παλαιὰν
1812 943 1924 979 πέτραν.

1087 990 1267 1026 Supplicatio
1283 991 1373 1026 igitur
1388 991 1476 1019 {lebat
1491 999 1507 1018 a
1522 993 1627 1021 Tauro.
1643 999 1693 1018 seu
1711 1000 1728 1018 a
1743 991 1807 1019 foro
1819 991 1917 1023 Tauri,

1088 1035 1123 1062 ad
1139 1036 1230 1062 eadem
1255 1038 1282 1062 S.
1306 1035 1452 1063 Diomedis
1480 1038 1560 1063 extra
1584 1038 1710 1071 portam,
1735 1038 1764 1063 et
1783 1036 1824 1063 ad
1840 1039 1914 1064 vete-

1088 1087 1149 1106 rem
1173 1079 1295 1112 Petram,
1322 1087 1410 1115 quam
1433 1083 1604 1116 Anonymus
1626 1080 1867 1108 Combefisianus
1887 1080 1909 1107 in

1087 1123 1270 1151 Constantini
1291 1124 1532 1160 Porphyrogeniti
1552 1124 1626 1157 Vita,
1637 1124 1668 1151 τὸ
1684 1123 1803 1151 παλαιὸν
1822 1125 1909 1160 πετρὶν

1086 1171 1180 1196 vocat.
1200 1168 1297 1203 Neque
1313 1168 1371 1195 alia
1385 1172 1430 1196 est
1445 1168 1531 1204 εὐχὴ,
1548 1177 1612 1204 quas
1627 1177 1691 1204 pag.
1700 1177 1761 1204 seq.
1774 1169 1803 1196 in
1817 1170 1917 1197 eodem

1086 1212 1264 1248 Euchologio
1290 1213 1425 1245 habetur,
1453 1213 1539 1241 hocce
1562 1213 1700 1241 lemmate
1715 1223 1724 1241 :
1748 1212 1827 1247 τάξις
1841 1222 1918 1249 γινο-

1088 1255 1162 1291 μέμη
1192 1255 1217 1282 ἐν
1237 1258 1277 1291 τῷ
1301 1254 1496 1293 Τριϐυυναλιῳ
1520 1257 1546 1284 ἐν
1570 1260 1630 1287 ταῖς
1650 1256 1675 1293 ἐξ
1691 1255 1771 1288 ξ’θους
1786 1257 1914 1294 ἀπερχο-

1088 1299 1179 1335 μὲναις
1195 1299 1281 1326 ἆκιῖσι
1305 1299 1405 1331 λιταῖς.
1433 1300 1485 1329 Ubi
1513 1302 1666 1329 observare
1688 1302 1755 1329 licet
1779 1301 1913 1336 litanias,

1086 1348 1251 1383 promiscue
1267 1348 1323 1376 dici
1341 1349 1432 1376 factas
1448 1350 1477 1376 in
1503 1350 1611 1385 Campo
1634 1351 1662 1376 et
1684 1349 1842 1376 tribunali.
1859 1349 1915 1376 Sed

1085 1400 1180 1428 neque
1196 1393 1283 1420 etiam
1298 1393 1413 1421 diversa
1427 1394 1542 1421 videtur
1554 1393 1611 1421 ista
1626 1393 1801 1429 supplicatio
1819 1394 1857 1421 ab
1869 1402 1915 1425 ea,

1085 1437 1170 1472 cujus
1189 1438 1347 1472 quotannis
1364 1438 1536 1465 memoriam
1552 1438 1693 1465 celebrari
1708 1437 1735 1464 ἐν
1749 1439 1788 1473 τῷ
1804 1437 1913 1473 Κάμπῳ

1086 1479 1272 1511 λιτανεῦοντος
1301 1483 1350 1508 τοῦ
1379 1481 1458 1514 λαοῦ,
1488 1483 1524 1509 ob
1552 1488 1635 1509 terra
1660 1484 1772 1509 motum
1801 1483 1854 1514 qui
1881 1483 1915 1509 15

1085 1525 1209 1561 Augusti
1225 1534 1301 1553 anno
1324 1527 1359 1553 27
1381 1527 1542 1554 Justiniani
1567 1527 1685 1559 accidtt,
1701 1527 1804 1553 scribit
1818 1526 1912 1554 Theo-

205 1569 291 1612 curru
308 1586 408 1612 vectus
424 1569 668 1620 supplicationem
686 1569 860 1618 instituerit,
876 1585 944 1612 inde
957 1585 1030 1612 satis
1045 1586 1066 1620 C
1086 1569 1197 1620 Phanis
1213 1572 1245 1620 et,
1261 1578 1295 1597 ex
1317 1578 1350 1598 eo
1376 1571 1523 1598 Cadmum
1548 1573 1576 1598 et
1598 1570 1911 1620 εγωθοηξιοεοξίῖειέ·

205 1631 303 1664 patere
319 1628 433 1663 longius
450 1629 539 1656 luisse
555 1628 618 1661 iter,
635 1636 722 1664 quam
749 1631 781 1656 ut
806 1629 840 1656 ad
864 1630 1026 1665 proximum

204 1673 270 1700 urbi
286 1681 422 1709 campum
439 1673 526 1701 fuerit
540 1681 741 1709 processurus.
753 1673 824 1701 Nam
836 1676 1028 1710 praeterquam

204 1717 282 1753 quod
297 1717 325 1745 id
342 1718 451 1746 factum
469 1726 541 1746 more
567 1719 754 1754 episcoporum
778 1718 855 1745 urbis
870 1719 954 1753 regia
968 1721 1027 1746 tra-

204 1762 278 1789 dunt
292 1761 381 1790 iidem
397 1762 563 1797 scriptores,
580 1762 668 1789 etiam
685 1763 714 1790 in
732 1763 803 1790 urbe
820 1762 873 1789 hoc
884 1765 1026 1798 apparatu

203 1805 320 1834 litanias
330 1806 495 1834 instituisse
507 1806 686 1842 patriarchas
695 1806 829 1843 colligere
836 1809 919 1834 estex
925 1807 1024 1834 eodem

202 1855 377 1890 Theophane
394 1864 442 1883 un.
461 1856 490 1882 11
519 1855 679 1883 Justiniani
697 1864 703 1882 :
728 1854 776 1882 Καὶ
801 1854 911 1889 ἐξῆλθεν
926 1856 943 1889 ἡ
961 1854 1024 1890 λιτή

203 1901 254 1931 τῆς
270 1898 322 1925 ἀπὸ
338 1898 429 1936 Ἀγίας
446 1899 630 1933 Ἀναστασίας,
647 1899 802 1935 καθημένου
818 1902 898 1934 Μηνᾶ
911 1898 959 1926 tofi
975 1910 1024 1927 πα-

201 1943 336 1980 τριάρχου
352 1942 377 1970 ἐν
393 1946 432 1979 τῷ
461 1943 595 1982 βασιλικῷ
616 1943 750 1982 ὀχήματι,
767 1944 810 1971 καὶ
826 1947 874 1971 τοῦ
891 1943 1024 1982 βασιλέως

205 1986 446 2019 συλλιτανεύοντος
472 1991 510 2025 τῷ
534 1988 602 2025 λαῷ.
633 1990 666 2017 Et
682 1998 728 2017 an.
745 1990 798 2016 23:
817 1989 867 2016 Καὶ
884 1987 992 2024 διῆλθεν
1010 1990 1023 2017 ὁ

201 2032 348 2065 ἐπίσκοπος
358 2035 450 2066 Μηνᾶς
470 2033 537 2070 μετὰ
552 2036 605 2061 τῶν
624 2033 704 2071 ἁγίων
721 2032 856 2070 λειψάνων
873 2035 1023 2071 κατήμενος

199 2077 225 2104 ἐν
253 2077 376 2116 ὀχήμαυι
400 2077 496 2116 χρῦσῷ
527 2079 662 2116 βασιλικῷ
692 2077 818 2115 διαλίθῳ,
850 2081 954 2116 κρατῶν
975 2080 1022 2111 τὰς

198 2125 270 2158 τρεῖς
296 2123 380 2158 θήκας
410 2126 462 2150 τῶν
491 2123 574 2160 ἁγίων
601 2122 775 2152 Ἀποστόλων
800 2123 838 2154 εἰς
863 2124 895 2150 τὰ
924 2123 1023 2161 γόνατα

199 2166 291 2201 αὑτοῦ,
308 2166 353 2194 καί
375 2167 463 2198 οὕτως
489 2167 601 2203 ἐποίησε
625 2168 659 2195 τὰ
682 2167 810 2205 ἰγκαένια,
828 2169 938 2196 scilicet
952 2170 1022 2197 tedis

196 2217 245 2245 SS.
263 2217 481 2252 Apostolorum.
500 2218 578 2245 Idem
604 2217 796 2253 Theophanes
822 2226 868 2245 an.
884 2219 920 2246 25
941 2219 1021 2253 ejus-

196 2262 262 2289 dem
290 2262 436 2297 Augusti:
477 2261 603 2298 Γεγόνασι
639 2261 674 2288 τὰ
706 2261 828 2298 ἐγκαίνια
855 2265 905 2296 τῆς
943 2261 1058 2305 ἀγίαςο

197 2304 316 2342 Εἰρήνης
331 2307 412 2342 πέραν
430 2305 454 2332 ἰν
471 2308 581 2338 Συκαῖς,
597 2305 641 2332 καὶ
651 2305 761 2340 ἐξῆλθεν
775 2305 808 2332 τὰ
832 2305 892 2342 ἅγια
908 2305 1022 2342 λείψανα

196 2348 226 2375 ἐκ
249 2352 298 2383 τῆς
317 2349 449 2386 Μεγάλης
474 2349 619 2384 ἐκκλησίας
646 2349 712 2385 μετὰ
735 2351 788 2376 τῶν
817 2347 864 2376 δύο
888 2360 1021 2387 πατριαρ‹

197 2395 256 2429 χῶν
278 2394 358 2428 Μηνᾶ
371 2397 421 2428 τῆς
438 2396 495 2421 ΚΙΙ.
518 2394 561 2421 καὶ
590 2393 807 2431 ἈποΛλιναριου
830 2397 879 2428 τῆς
896 2393 1021 2429 Ἀλεξαν-

199 2435 299 2474 δρείας,
332 2437 377 2464 καὶ
416 2437 540 2469 ἐκάθισαν
577 2438 722 2474 ἀμσότεροι
758 2437 784 2465 ἐν
817 2438 857 2474 τῷ
886 2436 1022 2475 ϐασιλικῷ

199 2480 333 2518 ὀχήματι,
358 2482 518 2519 κατέχοντες
544 2483 570 2509 ἐν
597 2485 655 2513 τοῖς
678 2482 787 2520 γόνασιν
812 2482 900 2510 αὐτῶν
915 2483 945 2510 τὸ
960 2483 1021 2521 ἅγια

198 2529 322 2566 λείψανα,
338 2533 393 2558 etc.
414 2531 545 2568 Denique
564 2531 642 2559 idem
657 2531 787 2568 Scriptor
803 2540 878 2560 anno
894 2533 928 2560 36
944 2534 1021 2568 ejus-

198 2575 262 2603 dem
280 2574 476 2610 imperatoris,
504 2577 552 2604 ubi
576 2577 611 2604 de
636 2576 768 2604 fecundis
794 2577 929 2605 Enceniis
950 2577 1020 2606 aedis

196 2619 349 2655 Sophiana!
373 2628 380 2647 :
409 2620 441 2647 Ἡ
464 2618 492 2646 δὲ
520 2620 654 2657 παννυχὶς
678 2622 731 2647 τῶν
766 2620 853 2647 αὐτῶν
876 2620 1018 2658 ἐγκαινίων

196 2665 305 2703 γέγονεν
322 2664 361 2695 εἰς
382 2665 428 2691 τὸν
454 2663 529 2702 ἅγιον
552 2665 694 2698 Πλάτωνα,
720 2665 764 2692 καὶ
791 2665 900 2700 ἐξῆλθεν
919 2666 1018 2698 ἐκεῖθεν

197 2715 211 2741 ὁ
226 2714 402 2752 πατριάρχης
419 2715 480 2742 ΚΠ.
498 2714 633 2752 lio-rixae;
646 2715 713 2752 μετᾶ
727 2719 777 2750 τῆς
794 2715 883 2749 λιτῆς,
896 2726 1018 2752 συμπαρ-

197 2759 274 2791 όντος
288 2759 333 2786 καὶ
358 2761 406 2786 τοι]
438 2758 581 2796 βασιλέως,
611 2759 788 2795 καθεζόμενος
820 2759 845 2786 ἐν
876 2762 914 2795 τῷ
948 2760 1017 2798 ὀχή-

199 2813 272 2838 ματι,
288 2804 332 2830 καὶ
359 2805 450 2841 φορῶν
471 2803 503 2830 τὸ
526 2803 707 2831 ἁποστολικὸν
731 2807 838 2841 σχῆμα,
851 2804 895 2831 καὶ
910 2815 1015 2842 κρατων

195 2847 226 2874 τὸ
239 2848 316 2884 ἅγιον
332 2847 512 2886 Εὐαγγέλιαν.

1084 1618 1128 1646 Sic
1156 1619 1185 1646 in
1214 1619 1349 1647 Chronico
1379 1619 1576 1653 Alexandrino,
1602 1627 1650 1646 an.
1681 1620 1693 1645 1
1727 1618 1853 1646 Heraclii
1882 1619 1913 1646 in

1082 1665 1165 1691 terra:
1182 1667 1262 1690 motu
1284 1663 1334 1699 qui
1357 1663 1464 1690 accidit.
1485 1664 1520 1690 20
1549 1663 1667 1699 Aprilis,
1690 1661 1770 1696 λιτὴν
1787 1663 1912 1700 γενεσθαι

1082 1706 1120 1738 εἷς
1135 1707 1181 1734 τὸν
1197 1707 1323 1743 Κάμπον,
1352 1707 1398 1734 καὶ
1423 1705 1563 1746 ψαλφῆναι
1589 1707 1622 1734 τὸ
1649 1707 1790 1744 Τρισάγιον
1814 1708 1914 1735 decre-

1081 1753 1143 1779 tum
1172 1752 1287 1788 legitur.
1319 1753 1472 1780 Enimvero
1508 1760 1594 1779 nemo
1621 1752 1685 1784 erit,
1715 1752 1829 1788 opinor,
1861 1753 1911 1788 qui

1082 1797 1158 1832 quod
1182 1797 1260 1824 nuda
1287 1796 1394 1824 dicitur
1418 1804 1483 1824 esse
1505 1799 1585 1823 extra
1611 1799 1735 1831 portam,
1753 1797 1788 1823 ad
1816 1796 1908 1832 septi-

1081 1849 1161 1868 mum
1183 1841 1305 1869 milliare
1321 1841 1468 1869 exstitisse
1487 1841 1557 1868 velit
1580 1849 1722 1875 asserere,
1739 1841 1795 1868 nisi
1817 1841 1908 1868 etiam

1080 1889 1148 1917 velit
1163 1892 1284 1917 Romam
1301 1890 1356 1917 dici
1373 1891 1522 1918 exstitisse
1538 1893 1618 1918 extra
1634 1890 1716 1917 urbis
1740 1890 1907 1917 Constanti.

1079 1934 1256 1969 nopolitanze
1273 1937 1380 1970 portas.
1409 1935 1540 1962 Meminit
1563 1934 1690 1970 denique
1714 1934 1791 1961 idem
1813 1935 1906 1962 Theo-

1079 1978 1190 2014 phanes
1206 1987 1282 2006 anno
1293 1979 1328 2006 36
1338 1979 1495 2006 Justininni
1508 1978 1732 2014 supplicationis
1748 1979 1782 2006 ad
1801 1979 1830 2006 S.
1842 1978 1908 2006 Dio-

1079 2023 1172 2050 medis
1181 2024 1283 2056 mitem,
1292 2023 1422 2050 scribens
1431 2023 1603 2058 Eutychium
1620 2023 1828 2058 patriarcham,
1840 2031 1906 2050 cum

1078 2075 1178 2095 mense
1192 2069 1335 2104 Augusto,
1352 2068 1414 2095 solo
1430 2067 1544 2103 vigente
1555 2067 1646 2094 Borea
1659 2075 1691 2094 ac
1708 2067 1807 2099 ﬂante,
1824 2067 1906 2094 navi-

1076 2112 1123 2148 gia
1140 2113 1174 2140 ad
1194 2114 1294 2140 urbem
1312 2121 1368 2140 non
1387 2114 1506 2147 possent
1521 2112 1668 2145 accedere,
1685 2109 1763 2142 λιτὰς
1779 2108 1904 2138 ἐκϐαλεῖν

1077 2155 1115 2186 εἰς
1140 2156 1331 2193 Ὶερόυσαλήμ,
1355 2157 1428 2184 τοῦτ’
1448 2153 1504 2183 ἔστι
1529 2155 1567 2186 εἷς
1590 2155 1634 2182 τὸν
1650 2155 1727 2192 ἅγιον
1750 2153 1903 2191 Διομήδην,

1075 2206 1117 2235 Ex
1133 2207 1240 2242 quibus
1257 2207 1396 2234 docemur
1411 2206 1490 2234 hunc
1505 2207 1533 2233 S.
1551 2205 1699 2233 Diomedis
1720 2204 1823 2238 azdem,
1840 2213 1903 2240 qua

1077 2256 1157 2281 extra
1174 2254 1288 2288 portam
1319 2251 1401 2278 urbis
1424 2253 1495 2286 erat,
1517 2249 1682 2278 Jerusalem
1711 2248 1899 2285 appellatam,

1078 2302 1226 2336 aliamque
1244 2300 1334 2327 fuisse
1351 2300 1386 2327 ab
1409 2300 1469 2326 inde
1483 2301 1510 2326 S.
1539 2298 1700 2332 Diomedis,
1726 2306 1790 2334 qure
1815 2300 1901 2326 antea
1938 2307 1949 2316 ι

1077 2348 1105 2373 8.
1123 2345 1189 2372 Elite
1215 2344 1451 2379 nuncupabatur,
1480 2345 1511 2370 ut
1536 2345 1661 2370 testatur
1676 2342 1799 2378 Symeon
1817 2344 1903 2378 [οεο-

1077 2389 1159 2418 theta
1189 2389 1218 2416 in
1246 2387 1383 2415 Michaele
1412 2390 1440 2415 et
1468 2387 1629 2420 Theodore,
1645 2389 1673 2414 et
1697 2387 1774 2414 intra
1796 2386 1898 2414 urbem

1077 2441 1150 2472 erat,
1167 2438 1201 2465 ad
1229 2440 1341 2473 portam
1374 2436 1454 2464 urbis
1479 2437 1613 2464 Auream.
1629 2435 1798 2464 Monasterii
1817 2444 1899 2471 porro

1076 2483 1241 2512 Jerusalem
1272 2481 1409 2518 appellati
1433 2481 1555 2509 abbates
1583 2481 1714 2509 conciliis
1737 2480 1901 2508 Constanti-

1076 2527 1175 2564 nopoli
1202 2527 1371 2555 interfuisse
1400 2525 1469 2554 alibi
1498 2527 1710 2554 observamus:
1738 2533 1806 2553 nam
1835 2533 1900 2553 cum

1075 2577 1159 2614 prius
1181 2575 1324 2604 catholica
1338 2577 1416 2603 esset
1429 2574 1563 2608 ecclesia,
1579 2583 1630 2603 seu
1648 2573 1784 2610 plebeiis,
1800 2582 1900 2602 mena.

1075 2622 1138 2649 chis
1162 2624 1207 2649 est
1231 2620 1383 2648 attributa.
1409 2619 1582 2648 Consimilcs
1607 2619 1680 2647 alias
1700 2619 1730 2646 in
1755 2620 1898 2654 Campum

1075 2666 1217 2694 Hebdomi
1244 2666 1394 2693 institutos
1423 2664 1541 2692 litanias
1566 2663 1602 2692 ob
1621 2667 1704 2691 terrae
1727 2665 1838 2697 motus,
1855 2662 1898 2690 vel

1073 2712 1110 2739 ob
1139 2711 1210 2738 alias
1240 2709 1359 2746 quasvis
1387 2708 1578 2742 calamitates,
1598 2708 1704 2736 hvbent
1727 2708 1898 2744 scriptores,

1073 2769 1106 2789 ac
1123 2759 1282 2796 praesertim
1294 2758 1374 2785 illam
1391 2758 1426 2785 de
1437 2766 1495 2793 qua
1509 2758 1656 2785 Cedrenus
1666 2757 1728 2793 agit
1738 2756 1767 2783 in
1777 2755 1896 2784 Justino

1073 2805 1198 2839 seniore,
1219 2812 1306 2840 quem
1327 2805 1461 2839 percepto
1483 2805 1566 2830 terra
1583 2805 1663 2829 motu
1679 2808 1784 2829 eversa:
1799 2800 1898 2829 Antio-

1072 2850 1146 2877 chiae
1173 2848 1276 2876 nuntio
1302 2848 1441 2884 lugubres
1462 2849 1556 2875 vestes
1577 2845 1711 2874 induisse
1731 2845 1848 2879 scribit,
1867 2848 1895 2873 et
