2021 3176
95 200 163 231 393

771 191 823 223 DE
846 190 1036 222 HEBDOMO
1057 190 1115 221 GP.

1744 192 1804 221 39].

97 266 258 303 Byzantios
289 273 341 302 per
363 266 474 301 septem
503 264 565 292 dies
595 262 633 293 εἰς
664 261 717 298 πρὸ
746 262 795 294 τῆς
820 258 927 290 πόλεως

994 260 1115 286 Romano
1143 260 1310 295 Lacapeno,
1347 261 1488 295 Symeone
1518 258 1710 295 Bulgarorum
1741 267 1807 295 rege

97 308 197 337 πεδίον
225 308 292 336 ἑπτὰ
317 307 444 344 σημείοις
475 307 578 344 ἀπέχον
607 306 727 333 litanias
751 303 926 332 instituisse.

97 357 166 390 Qua
180 354 300 391 quidem
316 353 455 389 loquendi
480 352 606 380 formula
631 359 702 378 usus
724 351 768 378 est
781 349 928 376 Cedrenus

97 401 221 435 recepta
250 398 326 434 apud
353 397 466 425 Graecos
491 398 520 424 et
547 395 664 424 Latinos
692 393 851 428 scriptores
880 391 929 426 qui

99 443 216 479 linguis
230 441 378 470 venustati
405 441 565 469 studebant
580 448 586 466 :
613 440 692 475 quod
716 437 788 466 satis
803 436 846 464 vel
862 435 929 463 inde

98 487 253 524 percipere
268 489 324 521 est,
339 486 417 521 quod
443 484 542 513 statim
568 484 658 512 addat
680 489 818 517 campum
840 479 928 508 exsti-

98 532 174 560 tisse
189 530 241 567 πρὸ
256 533 306 564 τῆς
320 528 440 560 πόλεως.
464 531 561 564 Neque
586 528 664 555 enim
679 534 802 562 campus
818 525 846 552 in
863 532 929 560 pro-

99 577 206 612 spectu
217 574 298 603 urbis
311 581 376 601 esse
385 573 480 609 potuit
494 572 519 600 si
535 572 571 600 ab
584 580 618 600 ea
632 573 744 607 septem
754 569 930 597 militaribus

101 620 231 648 dissitas
246 619 312 653 fuit,
326 626 379 646 nec
394 617 483 646 indici
501 619 551 645 aut
569 617 631 644 ﬁeri
649 618 768 652 potuere
780 612 930 649 supplica-

103 664 211 699 tiones,
228 671 322 699 neque
344 663 426 699 plebs
451 661 598 690 continuis
621 662 732 696 septem
747 659 851 686 diebus
867 665 930 685 ora-

102 708 195 737 tionis
219 708 313 745 gratia
327 708 363 736 ad
380 706 539 743 septimum
555 706 591 733 ab
606 705 678 733 urbe
693 703 817 732 milliare
832 709 931 738 prooe‘

104 754 175 782 dere
190 753 281 789 (quod
296 752 384 780 velim
400 751 476 780 serio
497 751 630 779 attendat
651 749 694 777 vir
717 747 842 783 doctus),
859 753 931 783 quo-

103 797 177 826 tidie
193 797 230 825 ad
260 797 362 825 urbem
384 796 427 824 vel
453 796 490 823 ad
514 795 597 823 urbis
622 794 755 830 proxima
769 799 930 820 reversura.

104 842 183 870 Urbs
201 841 379 870 Parisiorum
396 843 478 869 terrea
496 841 575 868 motu
587 846 732 867 concussa
742 836 840 869 fuerit,
856 835 933 863 cives

106 895 143 915 ne
159 886 266 914 mdium
284 886 369 914 ruina
389 885 563 917 obruantur,
589 882 733 912 Versalias
757 889 822 909 sese
837 879 932 908 confe-

105 933 172 958 rent
188 938 194 958 :
212 932 240 958 et
253 930 279 957 si
294 929 418 966 publica:
445 928 614 956 indicantur
637 925 879 962 supplicationes,
896 923 931 951 ad

105 977 170 1002 tres
185 977 237 1002 aut
251 977 378 1009 quatuor
407 974 506 1000 leucas
530 971 661 1008 quotidie
688 969 825 998 secedent
844 975 935 996 rever-

106 1018 195 1047 suri?
211 1027 247 1046 an
262 1017 372 1053 aliquis
392 1024 469 1044 sanas
494 1016 602 1043 mentis
621 1015 650 1042 id
666 1014 723 1042 sibi
737 1011 936 1049 persuadeat?

110 1068 142 1095 In
159 1067 241 1094 urbis
256 1068 332 1094 certe
346 1065 451 1093 vicinis
466 1065 538 1092 locis
553 1064 678 1092 tentoria
692 1061 867 1099 explicuisse
878 1068 935 1088 non

110 1111 265 1139 abnuerim
285 1111 315 1138 in
329 1110 476 1145 ejusmodi
498 1111 583 1137 terra:
601 1111 732 1136 motuum
749 1105 910 1134 terroribus
927 1113 935 1139 ;

110 1156 248 1191 civesque
259 1157 340 1182 extra
350 1155 465 1188 urbem,
478 1162 535 1181 non
547 1161 614 1180 vero
625 1153 660 1180 ad
670 1151 829 1188 septimum
843 1157 936 1185 usque

111 1199 247 1234 milliare,
259 1198 446 1235 prorupisse,
469 1199 560 1226 donec
585 1197 604 1224 ii
629 1197 820 1224 desinerent:
846 1197 877 1222 ut
905 1193 935 1221 in

111 1247 195 1272 terris
217 1246 311 1276 motu,
336 1243 387 1278 qui
412 1242 518 1270 accidit
544 1242 562 1268 9
586 1240 745 1275 Februarii,
771 1239 874 1267 indici.
892 1238 935 1273 13,

111 1297 190 1317 anno
205 1289 240 1316 10
254 1287 437 1316 Constantini
452 1289 481 1315 et
495 1287 603 1320 lrenes,
620 1294 689 1321 quo,
705 1286 738 1313 ut
754 1284 796 1312 ait
812 1286 936 1320 Symeon

112 1333 270 1370 Logotheta
285 1333 315 1359 in
340 1332 448 1366 Chron,
475 1339 531 1359 ms.
553 1333 582 1358 et
605 1329 810 1366 Theophanes,
825 1327 935 1363 σεισμὸς

111 1377 208 1414 γὲγονι
234 1373 436 1413 φοϐερώτατος,
460 1374 529 1402 ὥστε
556 1374 601 1402 καὶ
626 1374 664 1410 μή
685 1372 846 1409 τολμῶντός
867 1381 937 1402 τινος

113 1421 139 1449 ἂν
157 1421 226 1457 οίκῳ
253 1418 425 1454 ualitudini,
451 1418 524 1447 ἀλλὰ
548 1419 649 1449 πάντας
672 1417 709 1448 είς
732 1417 795 1448 τοὺς
820 1417 937 1452 κήπους,

110 1465 157 1493 γαὶ
185 1465 220 1492 τὰ
244 1464 338 1501 ἐξάερα
366 1464 465 1499 σκηνὰς
503 1464 668 1498 ποιήσαντας
705 1461 807 1498 διάγειν
825 1471 831 1476 ·
862 1462 880 1495 ἡ
909 1459 937 1487 δὲ

115 1508 259 1547 βασίλισσα
287 1509 344 1544 ἅμα
365 1510 405 1544 τῷ
429 1507 482 1544 υἷῷ
504 1508 588 1542 αὐτῆς
614 1506 723 1542 ἐξήλθεν
751 1506 777 1534 ἐν
799 1507 839 1541 τῷ
857 1505 938 1542 Ἃγίῳ

115 1554 254 1589 Mamurri,
285 1554 322 1581 ad
352 1552 495 1588 palatium
525 1552 646 1587 scilicet,
674 1551 751 1587 quod
791 1551 826 1578 ad
858 1550 939 1578 urbis

116 1606 216 1626 muros
232 1605 334 1625 versus
349 1598 448 1625 sinum
469 1596 636 1624 Ceratinum
661 1597 732 1629 erat,
749 1594 870 1623 secessit
883 1594 938 1622 im-

117 1642 247 1678 peratrix
263 1649 269 1668 :
287 1649 344 1677 quo
359 1640 447 1669 etiam
463 1649 527 1668 sese
548 1640 692 1676 recepisse
717 1640 842 1667 Leonem
857 1640 893 1665 Μ.
911 1638 939 1665 in
955 1626 976 1660 (ἶ

117 1686 206 1714 simili
222 1688 304 1713 terra:
329 1688 410 1713 motu
426 1685 527 1713 scribit
542 1684 697 1712 Chronicon.
711 1684 940 1712 Alexandrinum.

154 1739 199 1766 VI.
214 1739 334 1773 Deinde,
348 1738 528 1772 utdiximus,
544 1738 592 1773 qui
606 1738 765 1773 ﬁeripotest
774 1739 806 1764 ut
815 1739 942 1773 Campus

120 1783 175 1820 πρὸ
189 1783 240 1815 τῆς
264 1781 372 1812 πόλεως
396 1782 496 1815 fuerit,
521 1783 546 1810 si
569 1783 605 1810 ab
630 1790 664 1809 ea
686 1785 796 1818 septem
810 1781 942 1809 millibus

119 1827 242 1856 dissitus
267 1827 349 1856 fuit?
375 1827 428 1854 hac
453 1829 529 1854 certe
558 1826 695 1862 loquendi
725 1825 850 1854 formula
877 1833 940 1861 quis

121 1872 265 1900 mcenibns
280 1871 412 1907 proxima
427 1873 498 1899 sunt
512 1873 541 1899 et
554 1871 584 1898 in
600 1871 679 1898 illius
687 1873 842 1907 prospectu
854 1870 942 1906 vulgo

121 1916 283 1952 intelligere
298 1916 456 1952 scriptorcs
477 1915 574 1952 palam
601 1918 657 1943 est.
683 1917 778 1952 Atque
793 1918 824 1942 ut
839 1915 867 1942 id
884 1923 942 1942 uno

121 1963 172 1989 aut
196 1960 287 1988 altero
315 1961 429 1988 ﬁrmem
461 1959 535 1992 loco,
564 1958 668 1987 scribit
691 1962 792 1988 auctor
815 1959 944 1988 Chronici

121 2004 303 2033 Alexandrini
317 2004 540 2032 Constantinum
555 2006 592 2032 M.
610 2004 775 2032 instaurata
800 2007 942 2040 Drepane,

121 2049 262 2085 Bithyniae
285 2048 367 2082 urbe,
392 2047 485 2084 ea'que
508 2048 675 2084 Helenopoli
702 2049 738 2076 de
767 2048 868 2076 matris
893 2057 943 2076 no-

123 2095 199 2122 mine
215 2093 371 2130 appellats,
387 2093 462 2120 hanc
486 2092 671 2129 vectigalium
696 2092 881 2121 immunitate
896 2093 944 2121 do-

123 2146 208 2166 nasse
248 2135 300 2167 ἓως
340 2138 455 2174 φανερᾶς
498 2139 633 2173 περιοχῆς
674 2135 728 2173 πρὸ
753 2137 802 2170 τῆς
824 2135 944 2172 πόλεως,

122 2190 256 2219 quousque
268 2184 343 2218 patet
367 2185 430 2210 ante
447 2181 551 2209 ‘urbem
574 2184 743 2217 prospectus,
759 2181 789 2208 in
805 2181 943 2209 honorem

125 2229 152 2255 Β.
169 2226 288 2255 Luciani
305 2226 453 2262 martyris.
474 2226 556 2253 Unde
579 2228 660 2262 patet
674 2225 815 2261 quidquid
831 2225 861 2253 in
878 2233 945 2261 pro-

125 2274 223 2308 spectu
249 2273 293 2299 est
322 2270 460 2304 civitatis,
488 2270 546 2298 dici
574 2277 639 2298 esse
668 2269 721 2306 πρὸ
744 2272 794 2304 τῆς
825 2269 945 2301 πόλεως.

983 303 1018 330 ad
1047 303 1149 330 urbem
1178 312 1244 330 cum
1275 304 1371 331 valido
1407 303 1532 331 exercitu
1562 303 1711 338 tendente,
1741 311 1805 331 eam

983 350 1199 383 oppugnatum,
1229 350 1391 376 Romanum
1418 348 1636 384 imperatorem,
1677 356 1712 375 ne
1745 355 1808 383 qum

983 393 1050 420 ante
1065 391 1166 419 urbem
1182 394 1265 420 erant
1275 392 1459 420 amoenitates
1471 393 1506 420 ab
1518 392 1601 420 hoste
1609 394 1808 425 vastarentur,

984 435 1083 472 copias
1098 444 1168 464 suas
1191 438 1269 463 cxtl'u
1296 437 1401 464 moenia
1423 436 1558 464 eduxisse
1575 445 1582 464 :
1605 436 1635 464 Ὁ
1651 437 1764 473 Συμεὼν
1780 434 1810 462 δὲ

984 479 1052 506 κατὰ
1077 482 1128 514 τῆς
1157 478 1266 510 πόλεως
1302 479 1434 516 ἐκπέμπει
1470 481 1582 518 στρατόν
1601 489 1607 495 ·
1635 479 1682 507 (ίνα
1711 479 1739 507 δὶ
1770 480 1807 516 μὴ

984 523 1107 555 ἐλθόντες
1139 524 1186 555 τὰς
1225 527 1275 558 τῆς
1310 524 1363 561 πρὸ
1399 527 1448 558 τῆς
1481 524 1588 555 πόλεως
1617 523 1808 564 διαφθείρωσιν

984 566 1110 605 ἀγλαίας,
1128 566 1232 604 ἔπεμψε
1246 567 1291 595 καὶ
1307 568 1321 594 ὁ
1346 568 1486 604 Ῥωμανὸς
1504 568 1570 599 τοὺς
1585 569 1810 605 ἀντιταξαμένους

986 611 1066 648 αὐτῷ.
1082 615 1180 649 Neque
1190 613 1275 641 aliter
1282 612 1471 641 Continuator
1477 613 1609 649 ejusdem
1616 613 1810 649 Theophanis,

986 656 1037 685 lib.
1054 666 1098 693 ιιι⁷
1114 667 1142 685 n.
1160 658 1186 693 4,
1206 658 1276 685 dum
1298 658 1401 685 scribit
1415 657 1608 693 Theophilum
1627 658 1698 694 imp.
1711 653 1811 694 palatii

986 710 1088 730 muros
1102 701 1262 736 excedisse,
1279 704 1311 730 ut
1334 701 1408 730 liber
1431 704 1509 730 esset
1532 702 1562 729 in
1584 702 1665 730 urbis
1680 703 1813 738 proxima

987 748 1169 784 prospectus,
1192 748 1282 782 atque
1302 746 1373 774 adeo
1401 746 1430 774 in
1454 746 1550 782 ipsam
1575 746 1810 782 Propontidem:

985 797 1064 827 Ὅθεν
1078 794 1121 822 ἐπί
1135 805 1197 822 τινα
1224 797 1277 822 τῶν
1308 793 1459 833 ἀφθαλμῶν
1490 794 1604 822 ἑστίασιν
1629 795 1662 822 τὰ
1686 794 1739 831 πρὸ
1762 795 1813 828 τῆς

987 839 1096 870 πολεως
1122 837 1230 877 ἔχοντα,
1253 840 1290 870 ὡς
1317 838 1360 866 ἐπὶ
1389 839 1421 866 τὸ
1449 838 1577 866 πλεῖστον
1603 839 1641 871 εἷς
1669 838 1749 866 ἑαυτὰ
1764 849 1812 866 κα-

988 884 1066 912 λοῦσι
1081 884 1145 914 τοὺς
1162 883 1294 921 βασιλεῖς,
1317 883 1351 911 τὰ
1375 884 1444 921 πρὸς
1466 885 1515 918 τὴν
1540 883 1676 911 θάλασσαν
1702 885 1751 910 τοῦ
1766 893 1815 910 πα-

989 928 1083 957 λατίου
1111 928 1192 966 τείχη
1222 930 1275 956 τῶν
1298 928 1423 966 ἀρχαίων
1446 928 1580 965 θεμελίων
1608 929 1686 959 οὗτος
1714 938 1813 964 παρεκ-

989 971 1093 1009 ϐαλὼν,
1118 972 1162 999 καὶ
1190 973 1257 1010 πρὸς
1285 972 1318 1000 τὰ
1344 972 1447 1008 ἡλιακὰ
1466 990 1500 994 -
1528 972 1704 1011 παραδείσους
1734 972 1814 1010 ἐργα-

990 1018 1117 1053 σάμενος,
1133 1016 1232 1049 ἐκεῖθεν
1256 1017 1287 1044 τὸ
1313 1017 1409 1045 λοιπὸν
1438 1017 1468 1044 ἂν
1494 1017 1626 1055 ἐπλήρός,
1652 1017 1696 1045 καὶ
1720 1017 1812 1045 ἑαυτὸν

990 1059 1083 1098 ἔτερπε
1107 1061 1226 1096 τούτοις,
1252 1061 1298 1088 καὶ
1322 1060 1504 1100 ἐψυχαγώγει,
1535 1063 1572 1093 ὡς
1597 1062 1642 1093 τὸς
1664 1059 1747 1093 εἷκὸς.
1766 1063 1815 1090 Di-

990 1109 1089 1134 ruerat
1113 1109 1280 1142 Lacapenus
1307 1106 1407 1134 Palatii
1435 1115 1547 1141 muros,
1574 1109 1606 1135 ut
1631 1115 1732 1136 eorum
1749 1116 1813 1144 quas

990 1150 1042 1187 πρὸ
1056 1151 1106 1185 τὴς
1122 1149 1229 1181 πόλεως
1245 1153 1328 1178 erant
1348 1154 1506 1187 conspectu
1523 1151 1618 1180 visum
1633 1151 1790 1180 oblectaret
1805 1159 1813 1180 :

990 1196 1032 1223 ita
1057 1198 1168 1223 exserte
1196 1194 1243 1222 hic
1268 1195 1400 1231 scriptor.
1423 1196 1477 1223 Sed
1505 1198 1533 1224 et
1557 1195 1597 1224 ita
1622 1196 1695 1225 hanc
1715 1204 1814 1225 vocem

993 1242 1116 1276 usurpat
1128 1239 1337 1268 Constantinus
1353 1240 1620 1276 Porphyrogenitus
1636 1241 1665 1269 in
1681 1241 1726 1269 avi
1737 1241 1813 1275 Vita,

991 1293 1020 1312 ιι.
1036 1286 1072 1312 22
1086 1284 1224 1312 editionis
1237 1284 1413 1319 Combetisii,
1429 1287 1459 1313 ut
1474 1284 1547 1313 alios
1562 1285 1707 1314 omittam.

1027 1338 1089 1365 VII.
1106 1340 1169 1365 Non
1193 1337 1269 1365 alius
1293 1337 1384 1374 igitur
1410 1338 1465 1366 fuit
1485 1340 1613 1374 Campus
1639 1339 1694 1367 iste
1718 1339 1755 1368 ab
1782 1347 1815 1367 eo

992 1382 1042 1418 qui
1059 1382 1141 1410 urbis
1155 1382 1301 1410 mmnibus
1316 1383 1505 1410 terrestribus
1527 1391 1579 1410 seu
1602 1383 1815 1412 Theodosianis

993 1427 1211 1461 obversabatur,
1228 1427 1277 1461 qui
1292 1427 1433 1455 Hebdomi
1459 1436 1565 1455 nomen
1586 1428 1717 1463 retinuit,
1738 1429 1815 1464 quod

993 1472 1068 1499 inter
1085 1472 1186 1499 urbem
1208 1474 1236 1499 et
1259 1472 1419 1507 septimum
1442 1472 1567 1500 milliare
1584 1473 1815 1509 protenderetur,

993 1517 1242 1552 quemadmodum
1265 1516 1401 1551 planities
1423 1517 1500 1544 inter
1526 1517 1670 1545 Lutetiam
1697 1519 1726 1545 et
1747 1518 1819 1545 San-

993 1560 1198 1596 dionysianum
1216 1560 1368 1596 oppidum,
1386 1569 1444 1588 non
1460 1561 1622 1595 Lutetiana,
1633 1562 1684 1589 sed
1694 1561 1819 1589 Sandio-

995 1605 1118 1640 nysiana
1133 1604 1305 1640 appellatur.
1322 1605 1349 1632 ls
1364 1613 1431 1633 vero
1447 1605 1546 1640 Campi
1558 1606 1652 1633 Martii
1665 1605 1726 1634 vice
1737 1606 1818 1634 urbis

997 1648 1326 1684 Constantinopolitanae
1351 1650 1427 1676 fuit:
1458 1658 1525 1677 nam
1557 1651 1681 1685 majores
1716 1658 1818 1678 omnes

996 1693 1128 1721 civitates
1155 1693 1300 1728 ejusmodi
1326 1694 1361 1721 ad
1394 1694 1500 1722 mcnnia
1531 1702 1649 1730 campos
1678 1694 1818 1722 habuisse

996 1737 1066 1765 alibi
1078 1737 1118 1773 (in
1127 1736 1209 1765 Gloss.
1222 1737 1292 1765 med.
1306 1736 1369 1773 lat.)
1382 1738 1536 1766 docuimus
1547 1738 1576 1766 in
1590 1739 1698 1774 quibus
1714 1739 1818 1767 milita-

997 1790 1043 1810 res
1059 1781 1165 1810 civium
1181 1782 1285 1809 ﬁerent
1307 1782 1528 1810 exercitationes
1546 1792 1552 1811 :
1578 1791 1652 1819 quos
1666 1783 1729 1811 ideo
1744 1782 1817 1819 κάμ-

995 1836 1063 1856 πους
1079 1824 1288 1863 στρατιωτικούς
1304 1829 1386 1854 voeat
1408 1826 1576 1855 Theodorus
1604 1827 1818 1864 Hermopolites

996 1870 1124 1898 ineditus
1139 1870 1209 1904 (Lib.
1226 1879 1234 1898 ι
1250 1871 1298 1905 fol.
1316 1871 1359 1906 12,
1376 1871 1442 1900 Cod.
1456 1872 1535 1907 Reg.)
1552 1880 1558 1899 :
1576 1872 1608 1898 Ἦ
1632 1871 1727 1909 γέγονε
1745 1872 1815 1909 κάμ-

996 1924 1048 1944 πος
1068 1915 1271 1951 στρατιωτικὸς,
1287 1915 1330 1942 καὶ
1348 1914 1529 1953 ἐγυμνάζοντο
1549 1915 1575 1943 ἐν
1591 1915 1664 1952 αὐτῷ
1685 1917 1713 1943 oi
1735 1927 1815 1952 στρα-

996 1961 1101 1986 τιῶται.
1131 1959 1189 1987 Hos
1212 1959 1348 1996 Μαρτίους
1385 1961 1470 1988 unice
1493 1961 1621 1997 appellat
1646 1961 1815 1995 Mauricius,

998 2003 1048 2032 lib.
1065 2012 1098 2031 ιιι
1126 2003 1242 2039 Strateg.
1267 2013 1331 2040 cap.
1359 2005 1387 2032 2.
1409 2005 1457 2032 Ὃν
1486 2006 1593 2041 πρῶτον
1613 2004 1639 2032 ἰν
1655 2005 1694 2040 τῷ
1709 2005 1821 2042 Μαρτίῳ

998 2048 1064 2075 ποτὲ
1101 2048 1127 2074 οἱ
1164 2045 1349 2086 καϐαλλάριοι
1384 2046 1493 2083 ἔπαιζον
1532 2048 1557 2076 ἐν
1596 2051 1655 2079 τοῖς
1690 2059 1824 2086 παραχει-

1001 2091 1119 2128 μαδίοις.
1138 2095 1176 2120 De
1191 2093 1228 2120 iis
1254 2093 1342 2120 etiam
1368 2093 1408 2120 ita
1432 2094 1582 2129 Vegetius.
1597 2094 1648 2121 lib.
1663 2095 1683 2128 Ι,
1701 2102 1764 2129 cap.
1780 2103 1799 2121 ιι
1815 2103 1822 2122 :

999 2137 1115 2164 Romani
1130 2141 1241 2171 veteres,
1257 2145 1323 2173 quo:
1337 2139 1375 2165 tot
1391 2137 1466 2165 bella
1481 2142 1506 2166 et
1519 2139 1682 2166 continuata
1701 2138 1824 2174 pericula

999 2182 1034 2209 ad
1049 2189 1157 2209 omnem
1170 2182 1212 2209 rei
1231 2182 1366 2209 militaris
1388 2182 1548 2210 erudierunt
1572 2184 1669 2218 artem,
1694 2183 1826 2218 Campum

1000 2226 1128 2254 Martium
1144 2226 1263 2253 vicinum
1280 2226 1370 2254 Tiberi
1383 2226 1549 2262 delegerunt,
1564 2227 1596 2254 in
1621 2235 1674 2263 quo
1691 2227 1824 2262 juventus

998 2272 1058 2306 post
1073 2271 1235 2298 exercitium
1249 2278 1393 2298 armorum
1402 2271 1527 2300 sudorem
1541 2273 1736 2308 putueremque
1751 2271 1827 2299 dilu-

126 2321 223 2348 Latino
247 2320 367 2348 Barbari
398 2319 428 2346 in
453 2318 590 2347 banteuca
618 2319 759 2347 dicerent.
783 2319 838 2346 Sed
859 2321 889 2347 et
912 2319 946 2347 de
963 2311 986 2343 D
1001 2317 1067 2342 eret-
1097 2314 1169 2342 Hinc
1195 2314 1339 2350 ejusmodi
1373 2315 1484 2351 Campi,
1513 2315 1562 2343 ubi
1591 2318 1620 2343 et
1633 2316 1829 2344 censebantur

125 2365 251 2401 quadam
286 2364 321 2392 ad
356 2364 438 2391 sinus
465 2363 593 2392 Ceratini
622 2367 709 2399 caput
737 2363 837 2391 insula
864 2364 950 2391 verba

126 2409 234 2437 faciens
261 2407 384 2436 Michael
410 2408 524 2436 Psellus
546 2408 574 2435 in
608 2407 681 2435 Hist.
705 2415 761 2435 ms.
786 2408 814 2435 in
840 2408 950 2436 Isaacio

126 2454 282 2485 Comneno,
300 2452 341 2479 ita
364 2451 426 2480 haec
452 2453 539 2480 verba
565 2454 712 2488 usurpat:
739 2452 790 2479 Καὶ
810 2450 949 2489 βασίλειος

126 2498 220 2524 τοῦτον
247 2495 392 2532 καταγωγὴ
417 2494 498 2522 αὐτοῦ
523 2505 576 2523 που
601 2495 654 2533 πρὸ
677 2497 726 2528 τῆς
751 2496 859 2528 πόλεως
882 2497 948 2524 ὑπο-

129 2539 236 2578 δέχεται
278 2537 442 2576 περίκυκλος
482 2542 516 2576 τῇ
556 2539 676 2577 Θαλάσσῃ
720 2541 781 2567 καθ’
823 2541 949 2578 ἑκατέρου

130 2585 236 2622 μώρους,
268 2582 344 2621 ἀνδρὶ
378 2583 515 2620 αὐτάρκης
540 2585 689 2620 θηρατικῷ,
720 2583 784 2611 ἀλλ’
812 2584 876 2622 οὐχὶ
904 2585 948 2612 χαί

127 2632 165 2666 τῷ
183 2627 290 2666 βασιλεῖ
305 2627 403 2664 τούτῳ.
420 2628 556 2664 Scylitzes
572 2628 601 2655 in
617 2629 719 2656 eodem
736 2629 845 2656 lsaacio
862 2639 868 2656 :
885 2632 949 2661 Οθεν

129 2673 160 2709 δὴ
176 2677 225 2709 τῆς
238 2675 293 2701 τῶν
319 2671 514 2710 Ἀρχαγγέλων
540 2671 720 2709 ἐφισιιαμὲνης
744 2673 841 2709 ἑορτῆς
855 2672 949 2708 ἔξεισιν

129 2719 164 2750 είς
186 2719 217 2746 τὸ
240 2718 294 2754 πρὸ
321 2718 371 2751 τῆς
397 2717 518 2750 πόλιως,
544 2716 698 2755 φιλοτίμως
727 2717 761 2744 τὰ
781 2720 830 2752 τῆς
851 2717 948 2755 ἑορτῆς

128 2762 263 2791 ἰχτελέσαι
278 2760 448 2797 σπουδάζων,
466 2762 494 2790 in
511 2762 602 2790 zedem
613 2761 725 2790 scilicet
739 2764 778 2790 XI
794 2763 948 2798 Ordinum,

130 2817 191 2845 qua:
206 2808 300 2836 muris
322 2807 513 2836 terrestribus
536 2806 699 2842 adjacebat,
724 2807 766 2835 uti
783 2807 948 2836 observavi-

130 2861 193 2882 mus
206 2853 236 2881 in
260 2855 360 2881 nostra
385 2851 633 2886 Constantinopoli.
658 2851 758 2880 Tradit
776 2852 902 2882 Zonaras
918 2854 947 2881 in

284 2916 415 2947 Pas-son.
438 2916 494 2946 Gn.
520 2915 667 2949 CXXXV.

1004 2359 1124 2393 milites,
1151 2361 1182 2386 ut
1209 2361 1254 2387 est
1278 2360 1356 2395 apud
1386 2361 1510 2388 Leonem
1538 2361 1770 2389 Grammaticum
1800 2363 1829 2389 et

1003 2405 1190 2439 Anonymum
1204 2404 1462 2439 Combetisianum,
1477 2405 1507 2432 in
1524 2407 1684 2441 Lacapeno,
1698 2414 1725 2433 n.
1737 2406 1764 2440 6,
1778 2406 1829 2434 ubi

1004 2449 1040 2476 de
1048 2449 1157 2484 Campo
1164 2449 1198 2476 ad
1208 2448 1310 2476 urbem
1317 2449 1672 2485 Constantinopolitanam
1678 2473 1685 2484 ,
1691 2450 1828 2487 γυμνάσια

1003 2491 1142 2528 πολεμικᾶ
1167 2493 1306 2521 dicuntur
1329 2493 1514 2527 Theodorito,
1541 2494 1593 2522 lib.
1622 2502 1660 2528 ιν,
1682 2496 1751 2523 Hist.
1767 2496 1826 2523 Ecc.

1003 2545 1067 2573 cap.
1083 2538 1119 2564 25
1136 2539 1164 2565 et
1177 2538 1223 2570 26,
1239 2537 1262 2564 si
1280 2537 1345 2565 novi
1359 2538 1529 2574 interpretis
1545 2539 1639 2567 versio
1655 2542 1804 2573 spectetur
1821 2548 1828 2568 :

1005 2584 1086 2612 Πεδία
1112 2585 1144 2612 τὰ
1171 2585 1294 2621 ποκέμου
1318 2584 1454 2623 δεχόμενα
1484 2586 1607 2623 μελέτας,
1637 2588 1768 2623 Libanio,
1799 2589 1828 2616 in

1004 2630 1189 2658 Presbentico
1205 2631 1239 2657 ad
1256 2630 1405 2658 Julianum
1423 2633 1492 2668 imp.
1505 2640 1561 2667 quo
1578 2633 1704 2669 respexit
1718 2633 1829 2666 Cicero,

1004 2683 1070 2702 cum
1087 2675 1150 2702 ludo
1164 2676 1314 2710 campestri
1335 2678 1361 2703 et
1388 2678 1584 2705 exercitatione
1612 2678 1654 2705 uti
1682 2677 1764 2705 dixit.
1790 2676 1830 2704 De

1004 2721 1122 2748 militari
1151 2728 1217 2748 vero
1246 2721 1450 2757 Byzantorium
1485 2723 1514 2750 in
1544 2724 1652 2759 Campo
1688 2721 1831 2750 exercita-

1005 2766 1094 2798 tione,
1115 2765 1248 2800 quzsdam
1262 2765 1349 2793 habet
1363 2766 1565 2803 Theophanes,
1581 2776 1629 2795 an.
1645 2768 1661 2793 7
1678 2767 1787 2800 Phocea,
1799 2775 1832 2801 ut

1003 2812 1032 2838 et
1062 2810 1209 2838 Palladius
1239 2810 1267 2836 in
1302 2810 1367 2839 Vita
1402 2811 1613 2848 Chrysostomi,
1643 2811 1693 2839 ubi
1729 2811 1833 2839 scribit

1003 2854 1160 2882 Arcadium
1190 2854 1261 2882 urbe
1290 2863 1440 2890 egressum
1463 2858 1512 2882 τοῦ
1537 2855 1722 2892 γυμνασθῆναι
1745 2854 1772 2882 ἐν
1791 2853 1832 2892 τῷ

1651 2920 1689 2950 13
