2021 3176
215 184 273 214 395

789 180 1023 216 DlSQUlSlTlO
1045 176 1347 210 TOPOGRAPHICA

1874 177 1937 206 396

216 249 406 287 παρακειμένῳ
421 246 514 275 πεδίω.
527 248 580 280 Qui
605 248 724 284 quidem
747 249 873 284 Campus
886 257 943 275 non
961 247 1036 275 alius

1095 247 1226 274 attendat
1241 246 1285 273 vir
1300 246 1414 273 doctus.
1430 245 1555 273 Proinde
1570 249 1689 272 matrem
1699 252 1760 273 sum
1773 245 1935 278 inaugura-

217 298 259 324 est
276 295 311 323 ab
326 294 525 322 Hebdomiano
543 302 549 322 :
566 293 644 328 quod
664 296 801 328 praeterea
819 293 886 321 inde
904 292 1041 328 colligere
1093 291 1177 318 tionis
1194 291 1291 318 urbem
1303 289 1660 325 Constantinopolitanam
1671 290 1741 325 jure
1758 288 1935 325 appellave-

217 338 285 367 licet
299 339 375 374 quod
392 338 538 370 Rut‘ﬁnus,
561 338 715 373 prtefectus
736 337 880 372 praztorio.
906 337 935 364 in
957 336 1039 364 Chro-

217 385 278 412 nico
292 383 485 412 Alexandrino
499 383 694 418 interemptus
707 381 860 409 dicaturin
872 381 1020 409 Hebdomo
1032 389 1039 413 ;

219 429 297 465 apud
323 427 548 463 Philoetorgium
578 435 642 454 vero
671 419 790 462 libfxi,
817 435 881 462 cap.
906 427 932 458 3,
959 424 986 452 ἐν
1001 426 1041 460 τῷ

220 471 361 510 λεγομᾶνῳ
388 469 584 509 τριεουναλίῳ,
609 471 686 507 apud
717 471 874 506 Zosimum,
899 471 950 498 lib.
972 479 997 505 v,
1013 472 1041 497 et

221 518 383 550 Socratem,
416 516 467 544 lib.
496 525 534 550 v1,
563 524 626 551 cap.
658 517 682 550 1,
708 516 760 552 πρὸ
789 517 843 542 τῶν
872 514 965 542 πυλῶν
991 517 1041 548 τῆς

222 559 531 591 Κωνσταντινουπόλιως
559 561 637 597 apud
674 561 871 588 Marcellinum
901 560 1040 588 Comitem

219 610 286 636 ante
306 607 383 635 urbi:
401 608 494 642 portas
507 614 516 631 :
540 606 618 641 apud
634 606 828 633 Claudianum
843 605 969 640 denique
990 604 1040 631 lib.

219 655 250 686 xi,
269 652 298 679 in
314 651 449 678 eumdem
464 650 613 683 Ruﬁnum,
631 650 659 677 in
675 651 783 685 Campo
811 649 874 677 urbi
900 649 1040 684 proximo,

219 704 307 732 quem
322 696 362 723 ita
375 695 514 723 describit
530 703 536 721 :

256 750 334 778 Urbi:
349 749 385 776 ab
401 749 524 782 Augusto
547 750 648 779 tractu,
670 756 724 782 qua
747 748 838 781 vergit
861 748 891 774 in
906 750 1041 782 alutrum,

253 785 389 813 Planities
404 785 498 811 vicina
514 785 597 818 patet,
612 791 677 810 nam
692 785 786 810 artem
800 785 898 818 pontus

254 821 370 853 Circuit,
385 821 485 854 exigua
500 819 598 846 dirimi
613 827 642 846 se
658 820 767 846 tramite
779 827 886 854 passus.

219 883 324 911 Moxin
340 891 373 910 ea
398 881 519 917 planitie
542 881 689 909 exstitisse
709 881 848 916 tribunal,
873 881 914 908 sic
934 880 1040 914 innuit,

219 928 289 956 dum
307 927 442 955 Bullinus
459 926 616 953 Arcadium
632 925 785 961 compellat
802 934 808 952 :

257 1002 264 1009 .
304 1001 310 1007 .
351 1000 358 1007 .
398 1000 405 1007 .
443 983 618 1014 graviterque
631 987 767 1014 apprema
777 980 848 1006 veste
860 983 1014 1006 morantem

255 1017 379 1052 Increpat
394 1016 554 1050 Augustum,
571 1014 683 1042 scandal
697 1015 813 1052 sublime
828 1014 963 1052 Intonat,

254 1050 420 1088 Participem
434 1051 546 1086 sceptri,
562 1052 719 1086 sociumque
733 1050 851 1078 declaret
866 1050 986 1077 honoris.

217 1114 288 1148 Quis
312 1122 369 1141 non
396 1113 473 1141 videt
497 1113 577 1140 hisce
603 1113 730 1140 laudatis
755 1112 836 1145 locis,
867 1121 923 1140 non
955 1112 1041 1139 modo

217 1158 413 1193 Hebdomum,
428 1158 579 1191 Tribunal,
594 1161 623 1184 et
637 1160 777 1192 Campum
796 1166 846 1193 pro
861 1165 918 1184 uno
927 1157 1041 1184 eodem-

217 1211 274 1238 que
295 1203 357 1230 loco
380 1202 468 1236 sumi,
495 1202 545 1229 sed
570 1201 657 1230 etiam
684 1204 825 1236 Campum
851 1202 946 1237 ipsum
975 1201 1040 1229 urbi

217 1246 383 1282 proximum
401 1246 499 1280 fuisse,
526 1254 582 1273 non
606 1254 672 1273 vero
698 1246 732 1273 ad
757 1246 773 1271 7
791 1245 914 1273 milliare
930 1247 941 1273 Ρ
955 1246 1041 1281 cujus

217 1291 334 1319 tandem
351 1292 409 1318 situ
426 1291 552 1326 cognito,
578 1293 712 1326 superest
736 1292 768 1318 ut
783 1298 846 1325 quoa
861 1290 889 1317 in
906 1298 938 1318 eo
953 1290 1040 1318 exsti-

217 1335 306 1363 terint
320 1335 442 1363 aedificia
456 1343 672 1370 percurramus.

254 1380 326 1407 Vlll.
343 1381 383 1407 Ex
398 1379 444 1407 bis
459 1379 604 1415 pracipua
618 1379 698 1407 luere
713 1379 849 1407 Tribunal
863 1381 888 1407 et
905 1379 1040 1407 Palatium

217 1423 509 1452 Constantinianeum
544 1422 587 1450 vel
619 1423 850 1458 Justinianeum,
882 1426 1040 1458 utrumque

217 1467 359 1496 Hebdomi
384 1468 606 1496 nomenclatura
630 1468 739 1503 pariter
762 1469 903 1496 donatum
928 1477 945 1496 α
971 1467 1040 1496 scri-

216 1513 352 1549 ptoribus
369 1521 375 1540 :
393 1513 469 1548 quod
486 1512 534 1539 hic
557 1512 641 1540 nobis
667 1512 695 1539 in
716 1512 818 1547 primis
843 1513 1037 1548 probandum.

215 1558 310 1593 Atque
334 1559 367 1584 ut
401 1565 418 1584 a
445 1556 596 1584 Tribunali
626 1557 786 1590 ordiamur,
811 1557 840 1584 in
862 1565 920 1592 quo
951 1557 1039 1584 levari

214 1603 244 1629 et
267 1601 438 1637 inaugurari
467 1600 600 1629 solebant
634 1601 834 1637 imperatores,
873 1601 944 1629 illud
969 1609 1036 1628 eum

215 1645 246 1672 in
261 1647 379 1681 Campo,
401 1648 463 1673 tum
486 1645 515 1672 in
544 1645 703 1680 Hebdomo,
729 1648 816 1681 atque
841 1646 912 1673 adeo
928 1646 956 1672 in
973 1646 1038 1681 ipsa

216 1689 288 1717 urbe
314 1690 444 1717 extitisse
466 1690 587 1717 tradunt
611 1690 721 1726 passim
746 1691 912 1726 scriptores,
939 1689 979 1716 ita
1009 1692 1041 1717 ut

216 1733 363 1762 interdum
388 1735 503 1770 Campus
531 1734 671 1768 Hebdomi,
698 1734 734 1761 ab
757 1743 789 1762 eo
812 1735 920 1770 Con/ius
945 1733 1039 1761 Tribu-

216 1778 312 1806 nalisz
353 1779 501 1811 interdum
540 1779 671 1806 Tribunal
708 1779 851 1813 Hebtwmi,
891 1779 1039 1806 interdum

218 1822 345 1858 denique
373 1831 406 1850 ac
439 1823 517 1850 nude
544 1823 709 1851 Hebdomum
737 1823 773 1851 ab
802 1823 838 1851 iis
867 1823 1036 1858 appelletur.

218 1867 292 1896 Nam
317 1875 393 1902 ecce,
419 1867 443 1894 si
468 1867 552 1894 liceat
576 1867 648 1895 alias
671 1877 688 1895 a
718 1867 802 1895 nobis
831 1868 968 1895 adnotata
993 1867 1041 1895 hic

219 1920 338 1940 rursum
356 1911 503 1946 recuderc,
521 1912 550 1939 in
567 1912 698 1940 Chronico
720 1912 918 1947 Alexandrino,
933 1911 1040 1940 Valens

219 1964 237 1984 ι
264 1957 351 1984 fratre
377 1955 578 1984 Valentiniano
601 1956 640 1986 εἱς
653 1955 923 1984 Κωσταντινούπολιν
948 1955 974 1983 ὲν
1001 1957 1040 1991 τῷ

217 1998 347 2037 Ἑϐδόμῳ
382 2002 491 2029 levatus
530 2002 689 2037 imperator
721 2002 847 2030 dicitur:
874 2002 911 2030 ab
936 2001 1039 2035 ldatio,

218 2045 458 2082 Constantinopoli
484 2047 515 2074 in
545 2046 713 2074 milliaria?
747 2048 774 2074 in
806 2047 963 2075 Tribunalz'.
983 2046 1040 2074 Nec

217 2091 331 2118 abludit
347 2090 537 2126 Tbemistius,
551 2091 637 2126 cujus
651 2091 739 2118 verba
755 2093 873 2127 praestat
888 2091 935 2119 hic
950 2091 1041 2119 addu-

216 2143 291 2169 cere,
312 2135 389 2171 quod
402 2135 604 2163 suburbanum
620 2135 710 2170 istud,
725 2135 905 2163 Hebdomum
918 2135 1038 2170 scilicet,

214 2179 245 2207 in
261 2179 333 2207 urbe
348 2179 479 2207 extitisse
501 2181 612 2207 exserte
636 2181 769 2207 testetur.
795 2180 837 2208 Ita
852 2180 901 2208 itle
917 2180 945 2207 in
961 2180 1038 2208 Phil-

215 2223 349 2260 adelphis
367 2232 373 2250 ι
398 2223 479 2251 Ὅσον
495 2223 547 2260 γὰρ
563 2222 690 2254 πλείονος
707 2223 779 2258 ἄξιον
795 2223 826 2250 τὸ
841 2224 990 2259 κτήσασθαι
1006 2223 1039 2250 τὰ

214 2267 303 2305 ἀγαθά
315 2269 364 2295 τοῦ
387 2269 433 2294 τὸν
459 2267 623 2304 κεκτημένον
651 2268 736 2305 μείζω
760 2271 885 2303 ποιῆσαι,
909 2270 1037 2295 τοσοῦτον

1096 335 1133 363 rit
1147 335 1265 369 Valens,
1285 335 1364 370 quod
1391 342 1490 362 revera
1515 334 1543 361 in
1568 342 1602 361 ea
1626 334 1704 362 facta
1728 336 1836 361 esset:
1855 334 1936 369 quod

1096 379 1216 407 minime
1236 379 1369 412 dixisset,
1394 379 1418 406 si
1443 378 1473 406 in
1496 378 1621 414 septimo
1646 379 1683 406 ab
1696 379 1770 406 urbe
1788 377 1937 405 milliaria

1097 425 1201 452 fuisset
1230 426 1356 459 peracta.
1390 425 1422 450 Et
1447 431 1517 451 sane
1551 423 1736 456 Ammianus,
1767 422 1822 450 lib.
1856 431 1935 454 xxw,

1095 468 1243 496 Valentem
1261 477 1278 495 a
1307 468 1393 495 fratre
1416 467 1620 495 Valentiniano
1648 467 1866 503 imperatorem
1889 467 1934 494 di-

1096 517 1174 541 ctum
1191 512 1441 548 Constantinopoli
1459 513 1488 540 in
1505 513 1679 540 Suburbano
1695 521 1823 548 prorsus
1840 512 1936 540 etiam

1096 558 1202 591 innuit,
1215 558 1300 593 cujus
1315 557 1402 585 verba
1415 558 1459 584 hic
1468 565 1625 593 apponam,
1637 558 1712 592 quod
1724 557 1937 585 Themistiana

1096 602 1245 630 illustrant
1262 611 1268 629 :
1298 602 1414 637 Indeque
1430 610 1492 630 cum
1510 603 1626 630 venisset
1649 601 1935 637 Constantinopolim,

1097 651 1238 686 (loquitur
1252 651 1287 678 de
1300 650 1516 686 Valentiniano)
1540 651 1629 678 mullo
1652 659 1745 678 secum
1766 652 1828 687 ipse
1839 650 1934 678 devol-

1097 703 1170 730 vens,
1194 699 1220 723 et
1246 695 1439 730 magnitudine
1466 696 1626 731 urgentium
1660 696 1846 731 negotiorum
1871 696 1935 731 jam

1096 748 1124 767 se
1157 740 1284 776 superari
1316 739 1504 772 considerans,
1535 739 1609 767 nihil
1641 739 1812 767 morandum
1838 743 1933 774 ratus,

1096 784 1223 820 quintum
1238 785 1297 811 Kal.
1313 784 1416 820 Aprilis
1436 783 1604 819 productum
1627 785 1754 812 eumdem
1781 785 1932 812 Valentem

1097 831 1125 856 in
1152 829 1356 863 Sulmrbanum,
1386 830 1578 856 universorum
1608 830 1752 856 sententiis
1775 830 1932 856 concinen—

1097 874 1178 908 tibus,
1202 874 1262 909 (nec
1285 874 1359 901 enim
1383 873 1498 900 audebat
1522 874 1669 909 quisquam
1690 873 1849 908 refragari)
1879 875 1932 900 Au-

1056 935 1080 966 B
1095 923 1202 954 gustum
1227 918 1442 954 pronuntiavit:
1466 917 1616 953 decoreque
1639 918 1816 953 imperatorii
1839 917 1932 944 cultu:

1095 966 1235 996 ornatum,
1269 965 1296 990 et
1332 965 1452 998 tempora
1489 962 1649 990 diadamato
1683 962 1864 994 redimitum,
1903 963 1928 989 in

1095 1007 1185 1035 eodem
1201 1007 1325 1035 vehiculo
1349 1007 1471 1035 reduxit.
1488 1006 1542 1034 Ubi
1560 1015 1610 1042 per
1624 1007 1836 1038 Suburbanum.
1857 1007 1926 1034 Heb-

1097 1052 1217 1080 domum
1234 1051 1358 1087 intelligi
1383 1054 1507 1086 constat,
1532 1051 1610 1087 quod
1627 1051 1662 1078 ad
1679 1051 1784 1078 urbem
1803 1051 1923 1083 exstitit,

1096 1109 1130 1128 ex
1145 1109 1202 1136 quo
1218 1101 1246 1128 in
1264 1100 1403 1128 Palatium
1434 1100 1539 1128 Valens
1567 1109 1625 1128 una
1654 1108 1719 1127 cum
1743 1100 1838 1128 fratre
1853 1100 1919 1127 vehi-

1096 1144 1160 1172 culo
1190 1152 1322 1172 reversus
1351 1148 1405 1172 est.
1441 1145 1481 1172 lta
1510 1152 1594 1180 porro
1621 1145 1698 1180 apud
1720 1144 1922 1172 Marcellinum

1096 1189 1231 1216 comitem
1248 1189 1388 1216 Arcadias
1418 1189 1522 1216 levatus
1548 1191 1698 1224 Augustus
1727 1189 1842 1216 dicitur
1855 1189 1923 1216 Con-

1096 1234 1274 1267 tantinopoli,
1306 1234 1334 1260 in
1362 1233 1499 1260 milliaria
1513 1234 1636 1268 septimo.
1663 1233 1716 1260 Ubi
1739 1233 1821 1261 idem
1845 1233 1927 1261 Chro-

1095 1279 1176 1306 nicon
1220 1278 1453 1312 Alemtmdrinum,
1496 1275 1642 1314 ’Δρκάδιος
1693 1276 1855 1314 Αὔγουστος
1900 1276 1925 1303 ἐν

1095 1320 1380 1349 Κωνσταντινουπόλει
1406 1321 1432 1348 ἄν
1452 1323 1492 1356 τῷ
1515 1318 1699 1358 τριϐουναλίῳ
1717 1323 1766 1348 τοῦ
1782 1318 1925 1357 Ἑϐδόμου

1095 1365 1276 1403 ἀνηγορεύθη.
1293 1367 1374 1402 Apud
1391 1366 1526 1394 eumdem
1549 1366 1748 1394 Marcellinum
1771 1366 1926 1398 comitem.

1095 1412 1244 1438 Honorium
1257 1415 1334 1446 pater
1348 1419 1414 1438 suus
1440 1411 1606 1438 Theodosius
1632 1412 1661 1438 in
1686 1410 1782 1438 eodem
1797 1411 1856 1438 loco
1872 1419 1925 1447 quo

1093 1457 1210 1492 fratrem
1227 1456 1286 1490 ejus
1301 1455 1460 1489 Arcadium,
1488 1455 1626 1484 Caesarem
1646 1456 1721 1490 fecit,
1743 1455 1771 1482 id
1795 1457 1836 1482 est
1850 1458 1926 1491 [om

1093 1501 1207 1535 septimo
1230 1500 1263 1528 ab
1289 1500 1353 1528 urbe
1379 1499 1529 1527 milliaria.
1562 1500 1639 1527 Idem
1675 1499 1830 1528 Chronican
1860 1500 1924 1527 Ale-

1092 1545 1263 1572 xandrinum
1287 1543 1482 1572 Theodosium
1504 1544 1655 1571 Juniorem
1681 1544 1808 1572 levatum
1833 1545 1921 1572 etiam

1093 1590 1257 1625 Augustum
1273 1588 1375 1617 scribit
1388 1587 1414 1615 ἐν
1430 1587 1715 1615 Κωνσταντίυουπόλει
1729 1588 1767 1618 εἰς
1781 1585 1919 1616 1615680-

1095 1643 1145 1668 μον
1175 1631 1200 1660 ἐν
1225 1635 1264 1668 τῷ
1291 1630 1485 1669 τριϐουναλίῳ,
1519 1633 1695 1661 Marcianum
1722 1640 1792 1660 vero
1822 1631 1849 1659 ιν
1879 1635 1919 1668 τῷ

1093 1674 1232 1713 Ἑϐδόμῳ,
1245 1678 1356 1705 omissa
1369 1685 1435 1705 voce
1443 1677 1620 1705 Tribunalis.
1635 1678 1731 1705 Zenon
1754 1679 1784 1705 in
1801 1679 1918 1713 septimo

1093 1722 1206 1750 levatus
1235 1722 1375 1750 scribitur
1412 1722 1489 1758 apud
1519 1723 1665 1749 Victorem
1701 1724 1914 1750 Tunnensem:

1094 1771 1235 1800 Basilicus
1251 1770 1277 1798 ἐν
1308 1770 1425 1807 Κάμπῳ,
1453 1772 1530 1807 apud
1554 1772 1739 1799 Theodorum
1764 1772 1915 1803 lectorem.

1094 1816 1308 1852 Theophanem,
1335 1818 1504 1852 Symeonem
1532 1817 1735 1852 Logothetam,
1762 1817 1917 1848 Zonaram,

1094 1863 1122 1888 et
1150 1860 1245 1889 alios:
1276 1861 1431 1888 Mauricius
1467 1869 1485 1889 a
1522 1861 1635 1888 Tiberio
1664 1859 1689 1887 ἰν
1717 1857 1917 1898 Τριϐουναλίῳ,

1095 1905 1171 1941 apud
1210 1906 1346 1934 eumdem
1387 1905 1592 1941 Theophanem
1628 1907 1657 1933 et
1698 1907 1864 1933 Zonaram:
1893 1903 1918 1931 tv

1094 1950 1235 1987 προκένσῳ
1257 1951 1306 1976 tot”;
1333 1946 1480 1986 Ἑϐδόμου,
1510 1950 1541 1978 in
1571 1949 1702 1978 Chronico
1727 1949 1918 1978 Alexandrina

1094 1994 1206 2022 Phocas
1222 1995 1249 2022 in
1270 1995 1330 2022 inde
1352 1996 1380 2021 S.
1396 1994 1518 2022 Joannis
1534 1994 1670 2030 Baptistae
1684 1992 1710 2020 tv
1725 1995 1764 2029 τῷ
1778 1990 1919 2029 Ἑϐδόμῳ,

1094 2041 1171 2076 apud
1206 2040 1394 2068 Simocattam
1427 2042 1455 2067 et
1492 2039 1721 2075 Theophanem:
1753 2040 1782 2066 in.
1804 2039 1918 2074 septima

1093 2085 1165 2121 quod
1189 2084 1291 2112 dicitur
1313 2084 1513 2118 Secundianas,
1538 2083 1615 2120 apud
1640 2083 1813 2119 Gregorium
1829 2085 1865 2110 M.
1882 2085 1918 2110 Ut

1095 2138 1179 2165 porro
1194 2131 1337 2166 tyrannus
1351 2129 1380 2156 in
1402 2129 1504 2156 urbem
1520 2127 1641 2161 venerit,
1657 2128 1700 2156 sic
1715 2130 1816 2156 narrat
1826 2127 1916 2155 Theo-

1094 2173 1206 2209 phanes
1223 2182 1228 2200 :
1245 2173 1279 2202 Οἱ
1294 2171 1322 2200 δὲ
1343 2171 1481 2210 Πράσινοι,
1507 2171 1659 2206 ἐξελθόντες
1684 2170 1722 2202 εἰς
1748 2171 1779 2198 τὺ
1794 2171 1914 2209 Ῥήγιον,

1095 2217 1225 2255 μεγάλαις
1256 2217 1404 2256 εὐφημίαις
1443 2215 1543 2252 ἐτίμων
1573 2216 1618 2243 τὸν
1647 2216 1778 2254 τύραννον
1807 2218 1914 2251 Φωκᾶν,

1093 2261 1138 2288 καὶ
1158 2261 1295 2292 πείθουσιν
1318 2261 1392 2297 αὐτῷ
1425 2260 1449 2288 ἐν
1486 2263 1525 2297 τῷ
1553 2257 1682 2298 Ἑϐδόμῳ
1710 2261 1914 2298 παραγενέσθιι.

213 2303 259 2340 uoti
282 2313 326 2338 σοὶ
349 2311 504 2349 δικαιοτέρα
527 2313 595 2348 πρὸς
623 2303 673 2346 τῆν
698 2312 779 2339 πόλιν
800 2312 869 2339 ἐστὶν
895 2313 912 2346 ἡ
926 2315 975 2345 τῆς
991 2311 1035 2338 εὐ-
1053 2304 1074 2335 D
1091 2305 1194 2341 Πέμπιι
1232 2305 1319 2332 τοίνυν
1364 2307 1462 2335 Φωκᾶς
1499 2303 1641 2349 Θεόδωρον
1674 2305 1719 2332 τὸν
1757 2304 1915 2341 ἀσηκρῆτκι

214 2356 291 2386 νυίας
307 2356 444 2388 ὑπόθεσις.
461 2357 495 2384 Ἦ
508 2358 567 2387 πῶς
583 2356 633 2383 οὐκ
650 2356 748 2383 ἄτοπον
764 2356 813 2390 τὴν
831 2356 878 2392 μὲν
899 2355 1039 2392 ἐσχατιὰν,

213 2399 254 2437 ἐφ’
274 2401 307 2435 ᾗς
330 2401 379 2434 τήν
405 2399 554 2438 ἁλουργίδα
579 2400 686 2436 lviii/au,
712 2400 936 2436 περιφάναστὲραν
961 2402 1040 2434 ποιῆ-

213 2453 255 2470 σαι
270 2443 395 2480 κρηπῖδι,
420 2445 464 2472 καὶ
491 2445 594 2481 βήμασι
622 2444 667 2471 καὶ
689 2443 823 2481 ἀνδριᾶσι,
846 2446 880 2480 τῇ
905 2443 984 2471 πόλει
1011 2442 1039 2471 δὶ

212 2486 245 2521 ἦν
275 2487 324 2515 οὐκ
349 2488 434 2520 ὀκνεῖς
465 2489 607 2524 ὀνομάζειν
642 2489 745 2524 μητέρα
774 2491 824 2523 τῆς
853 2487 1037 2526 ἀναρῥήσεως,

213 2531 252 2568 μή
277 2531 379 2564 οἴεσθαι
403 2532 576 2572 ἐποφλίσκειν
606 2533 640 2559 τὰ
664 2533 831 2570 χαριστήρια
847 2542 853 2567 ;
870 2535 911 2561 Ex
930 2533 1038 2569 quibus

210 2576 307 2605 verbis
322 2578 440 2606 omnino
456 2578 618 2613 coniicitur,
639 2580 670 2605 ut
693 2580 770 2606 recte
793 2579 935 2614 conjectat
956 2578 1037 2606 Peta-

210 2621 285 2657 vius,
301 2621 432 2660 ἐσχατιάν
448 2622 538 2656 illam,
553 2631 616 2650 esse
631 2622 844 2658 suburbanum,
861 2623 937 2658 quod
963 2623 1035 2651 Heb-

210 2666 329 2694 domum
350 2666 549 2703 appellabant,
567 2667 595 2694 in
611 2669 741 2694 extrema
752 2666 832 2694 urbis
845 2669 925 2702 parte
933 2666 1035 2700 situm,

211 2711 259 2739 ubi
279 2711 309 2739 in
325 2711 475 2745 tribunali,
493 2711 578 2746 cujus
595 2711 647 2739 hoc
663 2711 725 2738 loco
751 2711 895 2744 meminit,
912 2710 1035 2746 inaugu-

208 2756 266 2783 rari
303 2756 437 2785 solebant
471 2756 685 2792 imperatores:
725 2763 820 2792 neque
847 2755 925 2783 enim
955 2755 1035 2783 urbis

209 2799 322 2836 ἐσχατιὰ
337 2801 477 2838 appellari
494 2800 595 2828 debuit
609 2800 752 2836 septimus
768 2800 804 2828 ob
820 2808 853 2828 ea
868 2799 952 2836 lapis,
967 2807 1034 2827 cum

209 2843 290 2873 illius
313 2849 474 2876 extremum
501 2853 566 2874 esse
596 2853 652 2872 non
681 2844 818 2880 potuerit,
848 2845 924 2880 quod
947 2844 1033 2872 velim

1094 2349 1139 2376 καὶ
1165 2349 1293 2381 ιῐσιλθὼν
1321 2348 1348 2376 ὲν
1375 2351 1410 2386 τῇ
1447 2348 1560 2386 Μεγάλῃ
1600 2348 1741 2384 ἐκκλησίᾳ,
1772 2348 1918 2386 inani:va-

1095 2404 1137 2421 σεν
1152 2395 1192 2429 τῷ
1217 2393 1276 2429 λαῷ
1302 2393 1376 2425 ὅπως
1399 2393 1413 2420 ὁ
1437 2393 1611 2432 παρτιάρχης
1635 2393 1680 2421 καὶ
1706 2394 1731 2421 οἳ
1757 2392 1855 2429 δῆμοι,
1875 2393 1917 2420 καὶ

1096 2439 1112 2472 ἡ
1145 2437 1301 2475 σύγκλητος
1338 2437 1485 2476 ἀφίκωνται
1522 2437 1548 2465 ἐν
1585 2440 1624 2474 τῷ
1649 2436 1790 2475 Ἑϐδόμῳ.
1817 2438 1919 2466 Τούτου

1092 2482 1182 2509 τοίνυν
1199 2483 1353 2519 γιγονότος,
1376 2481 1419 2509 καὶ
1444 2481 1551 2509 πάντων
1581 2482 1607 2510 ἐν
1632 2485 1672 2518 τῷ
1698 2480 1827 2519 Ἑϐδόμῳ
1857 2482 1916 2521 ἄφι-

1092 2527 1227 2562 κομένων,
1272 2526 1406 2564 Κυριακὸς
1450 2527 1464 2554 ὁ
1507 2528 1681 2566 πατριάρχης
1726 2527 1850 2564 ἀπῄτησι
1874 2526 1917 2554 τὸν

1092 2570 1220 2609 τύραννον
1246 2571 1395 2608 ὁμολογίαν
1423 2571 1486 2608 περὶ
1520 2572 1570 2606 τῆς
1599 2570 1744 2609 ὀρθοδόεου
1773 2571 1889 2602 πίστεως
1909 2581 1915 2588 ·

1091 2617 1109 2650 ἡ
1139 2614 1167 2643 δὲ
1192 2615 1367 2653 ἆναγόρευσις
1402 2617 1451 2643 τοῦ
1479 2615 1610 2654 τυράννου
1637 2615 1676 2647 εἷς
1704 2616 1750 2643 τὸν
1779 2615 1843 2643 ναὸν
1871 2617 1918 2643 τοῦ

1091 2661 1186 2698 Ἃγίνυ
1213 2660 1338 2687 Ἰωάννου
1365 2662 1414 2688 τοῦ
1439 2661 1590 2688 Βαπτιστοῦ
1619 2661 1742 2698 γέγονεν.
1773 2661 1915 2688 Nimirum

1092 2705 1203 2733 Prasini
1220 2706 1346 2734 Phocum
1369 2706 1404 2734 ad
1427 2706 1611 2734 Hebdomum
1627 2706 1766 2734 accedere
1782 2705 1916 2739 suadent,

1091 2754 1142 2782 ubi
1157 2754 1268 2782 scilicet
1290 2754 1463 2790 inaugurari
1486 2757 1514 2783 et
1538 2754 1626 2783 levari
1642 2755 1777 2783 solebant
1792 2754 1917 2790 impera~

1090 2801 1186 2827 tores:
1215 2807 1273 2835 quo
1299 2807 1365 2827 cum
1395 2799 1576 2835 accessisset,
1600 2799 1631 2827 in
1656 2800 1715 2828 inde
1737 2801 1765 2826 S.
1795 2798 1915 2826 Joannis

1091 2844 1240 2880 Baptistae,
1269 2843 1378 2880 palatio
1419 2844 1617 2874 Hebdomiano
1655 2844 1760 2879 vicina,
1788 2852 1806 2872 ο
1828 2843 1915 2880 patri-
