2021 3176
83 181 148 213 39⁵1

770 178 821 209 DE
844 177 1035 209 HEBDOMO
1057 178 1116 210 GP.

1734 182 1796 212 898

85 248 178 276 araha
199 247 317 284 Cyriaco
345 246 460 274 solenni
490 245 548 274 ritu
578 246 736 273 coronatus
763 246 818 279 est,
848 252 915 272 eum
930 245 956 278 Α
975 244 1077 272 Martio
1093 246 1140 282 qui
1157 246 1222 274 urbi
1238 246 1389 282 proximus
1409 247 1487 275 fuit:
1505 247 1554 275 ubi
1576 246 1693 275 loeutus
1717 247 1796 275 vide-

88 292 167 321 alies
182 291 375 328 imperatores
386 291 415 318 in
427 290 486 318 aede
498 290 640 318 duntaxat
655 289 802 325 Sophiana
813 296 919 316 corona

91 336 197 364 donari
214 335 352 364 solerent.
365 338 392 364 Is
401 343 468 363 vero
483 335 580 362 triduo
596 337 750 370 postquam
770 334 800 360 in
818 333 919 361 urbem

89 381 183 414 venit,
205 380 362 408 Eudociam
387 387 507 408 uxorem
526 380 688 415 Augustam
713 377 872 410 coronavit,
887 377 918 404 in

87 425 153 453 ade
169 424 279 453 scilicet
291 423 451 460 Sophiana,
461 431 526 451 cum
544 423 593 450 ille
609 425 693 450 antea
716 422 745 449 in
761 421 921 454 Hebdomo,

86 478 144 498 seu
157 469 187 497 in
203 469 263 496 sede
280 471 309 495 S.
324 468 447 496 Joannis
475 467 622 503 Baptista,
639 475 655 494 a
680 466 846 502 patriarcha
869 473 920 493 co-

92 514 218 541 ronatus
232 513 347 540 fuisset.
366 513 408 540 Ita
428 519 513 548 porro
536 510 747 539 Constantinus
773 512 919 546 Coprony-

93 566 165 586 mus
193 566 210 586 a
234 560 316 593 patre
346 557 437 584 Leone
466 556 566 584 Isauro
595 554 621 582 ἐν
657 556 696 590 τῷ
723 551 918 591 τριϐουναλίῳ,

91 604 124 630 et
155 605 206 630 Leo
235 601 392 629 Armenius
416 599 441 627 ἒν
464 601 503 636 τῷ
528 599 581 637 πρὸ
605 600 653 634 τῆς
678 597 787 629 πόλεως
810 595 921 636 τριϐου-

88 645 191 681 ναλίῳ,
201 645 289 673 levati
301 645 440 681 leguntur
456 645 532 681 apud
550 644 685 672 eumdem
701 642 919 679 Theophanem,

94 692 271 727 Symeonem
290 689 489 726 Logothetam,
505 691 533 717 et
545 689 701 724 Georgium
717 686 920 716 Hamartolum

92 736 125 763 in
141 735 291 763 Chronicis
307 743 393 769 mss.,
409 732 434 760 ἐν
456 735 496 769 τῷ
520 732 621 769 κάμπῳ
644 734 692 759 τοῦ
715 728 920 769 τριϐουναλιου,

93 780 126 808 in
142 779 284 807 Chronico
301 787 357 807 ms.
374 779 410 806 ab
425 779 536 806 Adamo
553 778 588 806 ad
605 778 728 805 Leonem
742 777 919 812 Sapientem.

94 824 183 852 Hisce
198 824 305 852 addere
322 823 416 859 placet
430 823 505 859 quod
523 823 645 850 tradunt
660 822 829 854 Simocatta,
842 821 920 848 idem

95 868 310 905 Theophanes,
332 870 359 896 et
392 867 533 903 Georgius
562 866 767 901 Hamartolus,
789 864 920 893 Mauricii

95 913 170 949 imp.
187 916 216 941 et
229 913 358 940 ﬁliorum
374 913 404 939 in
420 912 551 947 Eutropii
568 911 602 939 ad
617 911 829 939 Calchedonem
853 917 921 946 por-

94 959 128 985 tu
144 965 286 985 censorum
306 956 412 992 capita,
430 965 481 992 per
504 956 616 992 aliquot
643 956 705 982 dies
730 953 807 990 plebi
835 961 922 989 expo-

94 1002 192 1030 suisse
203 1001 331 1029 Phocam
340 1001 369 1028 in
378 1000 488 1036 Campo
497 999 671 1027 Tribunalis.
680 999 760 1031 Quod
777 998 801 1026 si
813 999 922 1026 iactum

96 1046 127 1073 id
148 1047 226 1073 esset
241 1045 367 1080 septimo
383 1044 418 1072 ab
435 1044 506 1071 urbe
521 1043 651 1077 milliari,
668 1051 701 1070 eo
717 1045 793 1070 certe
818 1050 922 1069 conce-

99 1090 169 1118 dere
198 1089 376 1125 oportuisset
413 1088 527 1124 plebem
557 1086 924 1123 Constantinopolitanam,

99 1134 176 1170 quod
199 1141 286 1161 nemo
302 1133 405 1169 opinor
420 1133 476 1160 sibi
490 1132 674 1168 persuadeat.

138 1199 186 1224 1X.
215 1196 256 1224 Ex
281 1196 328 1223 his
355 1196 445 1232 igitur
474 1197 555 1231 patet
583 1195 703 1222 omnino
730 1194 924 1228 Hebdomum,

101 1241 253 1275 Tribunal,
270 1243 298 1268 et
321 1242 478 1276 Campum,
500 1239 666 1275 promiscue
689 1238 826 1274 usurpari
847 1237 924 1273 apud

102 1285 237 1314 laudatos
259 1285 416 1320 scriptores
438 1292 490 1320 pro
512 1292 571 1312 uno
595 1283 755 1319 eodemque
779 1282 853 1316 loco,
875 1282 924 1310 ubi

104 1330 258 1358 acclamari
270 1331 298 1357 et
308 1329 479 1364 inaugurari
489 1328 624 1356 solebant
633 1328 836 1364 imperatores,
847 1334 927 1354 more

103 1374 139 1403 ab
162 1374 283 1409 antiquo
305 1376 431 1409 recepto.
448 1381 515 1401 cum
539 1372 568 1400 in
593 1372 710 1408 Campis
738 1371 858 1405 Martiis,
875 1379 926 1401 seu

103 1417 155 1455 qui
170 1418 207 1446 ad
223 1419 350 1453 majores
366 1417 498 1445 civitates
529 1419 623 1450 erant,
638 1417 666 1444 id
694 1417 784 1444 ferme
811 1423 928 1452 semper

103 1463 204 1499 peragi
229 1462 349 1491 solitum
375 1462 498 1490 doceant
527 1462 696 1497 scriptores,
713 1469 746 1488 ac
769 1461 798 1488 in
823 1459 927 1496 primis

104 1507 220 1535 Flavius
236 1507 389 1542 Vopiscus,
406 1514 465 1541 quo
481 1506 543 1534 loco
556 1505 669 1538 scribit,
679 1505 776 1533 Tacito
793 1513 810 1532 θ,
824 1506 928 1532 senatu

105 1551 137 1579 in
163 1551 369 1587 imperatorem
398 1550 500 1582 electo,
531 1549 594 1577 inde
620 1550 693 1577 itum
730 1549 765 1576 ad
794 1549 928 1584 Campum

107 1596 246 1628 Martium,
262 1595 303 1622 ibi
316 1595 459 1623 Comitiale
472 1594 607 1622 Tribunal
623 1593 780 1622 ascendisse
792 1592 928 1620 eumdem

108 1639 252 1673 Tacitum,
282 1642 311 1666 ot
334 1639 503 1674 prefectum
541 1638 606 1666 urbi
634 1637 741 1665 [lilium
765 1637 928 1664 Gmsonium

111 1683 263 1711 nuntiasse
292 1682 437 1711 militibus
468 1685 497 1710 et
523 1681 635 1710 civibus
662 1682 692 1709 in
717 1682 873 1717 principem
896 1681 932 1708 de

107 1728 245 1755 sententia
273 1728 398 1755 omnium
425 1728 596 1754 exercituum
624 1727 756 1754 Tacitum
784 1734 801 1753 a
828 1728 931 1753 senatu

107 1771 244 1800 electum.
273 1771 373 1799 Tradit
400 1773 540 1807 praeterea
578 1771 655 1798 idem
686 1771 813 1806 scriptor
842 1770 931 1798 Probo

107 1815 229 1844 militari
244 1816 372 1851 quodam
387 1823 533 1843 consensu
549 1816 579 1842 iu
605 1815 811 1851 imperatorem
837 1814 930 1842 accla-

108 1863 197 1894 mato,
221 1862 329 1896 factum
347 1868 521 1895 concursum,
545 1864 570 1887 et
594 1861 763 1894 eespititium
787 1859 930 1892 Tribunal,

105 1905 334 1942 appellatumque
354 1906 560 1940 imperatorem,
590 1907 671 1940 atque
694 1905 823 1932 ornatum
844 1904 931 1939 pallio

101 1957 256 1986 purpureo,
272 1949 342 1985 quod
357 1949 390 1976 de
411 1951 506 1977 statua
520 1949 619 1985 templi
646 1949 769 1976 ablatum
788 1953 835 1982 est,
851 1953 932 1983 atque

106 1995 173 2023 inde
187 1995 227 2022 ad
243 1994 383 2022 Palatium
395 1993 548 2021 reductum.
567 1996 601 2021 Et
615 1993 794 2027 Lactantius,
811 1993 841 2019 in
857 1992 932 2020 libro

104 2040 146 2067 De
167 2039 304 2066 mortibus
324 2040 530 2073 persecuturum
554 2046 584 2065 u.
618 2037 662 2071 32,
693 2037 728 2064 de
754 2036 929 2064 Maximino:

107 2084 208 2112 rictu:
231 2083 416 2118 contumacia,
432 2083 505 2110 tollit
533 2081 689 2110 Caesareum
717 2089 824 2116 nomen,
853 2085 878 2108 et
905 2089 933 2108 se

108 2129 302 2163 Liciniumque
316 2127 452 2162 Augustos
473 2127 604 2162 appellat,
622 2126 794 2153 Maxentium
812 2128 837 2153 et
864 2125 932 2153 Con-

106 2173 243 2201 stantium
258 2171 337 2207 ﬁlio:
358 2173 538 2207 Augustorum
554 2171 594 2206 (id
615 2172 660 2198 est
688 2170 826 2204 Casuras)
841 2169 933 2197 Maxi-

106 2218 203 2245 minus
216 2216 387 2252 postmodum
401 2216 497 2243 scribit
519 2216 600 2250 quasi
621 2215 763 2248 nuntians,
779 2215 809 2241 in
835 2214 934 2250 Campo

107 2262 208 2290 Martio
223 2261 349 2297 proxime
372 2261 505 2288 celebrato
520 2261 673 2295 Augustum
699 2267 727 2287 se
755 2259 788 2286 ab
812 2259 936 2287 exercitu

108 2308 312 2342 nuncupatum.
344 2305 427 2333 Mitto
457 2313 521 2341 quas
549 2305 585 2332 de
617 2303 727 2332 Juliani
760 2304 791 2331 in
829 2297 975 2339 CampoD

110 2354 141 2380 et
155 2351 184 2378 in
200 2349 350 2378 Tribunali
373 2350 403 2377 in
428 2349 522 2377 Gallia
542 2349 718 2376 Ammianus
738 2347 937 2383 Marcellinus,

111 2398 144 2425 et
157 2396 193 2423 de
208 2395 338 2422 Gratiani
353 2396 430 2431 apud
446 2395 592 2423 Ambianos
615 2396 645 2422 in
670 2394 822 2428 Tribunali,
840 2397 869 2422 et
882 2394 939 2421 Va-

111 2439 257 2469 eutiniani
272 2439 402 2468 Junioris
416 2441 451 2468 ab
465 2441 589 2468 exercitu
604 2440 633 2467 in
650 2439 793 2467 Tribunali
817 2440 849 2467 in
870 2440 938 2466 civi-

112 2488 170 2514 tate
185 2484 293 2516 Acinco,
312 2483 546 2520 inauguratione,
574 2484 697 2519 Idatius,
724 2485 874 2517 scribunt;
890 2483 940 2512 ubi

115 2530 259 2557 duntaxat
273 2528 427 2556 observare
443 2527 537 2563 liceat,
554 2528 696 2556 Tribunal
712 2529 769 2556 dioi
790 2529 881 2556 fuisse
911 2528 940 2556 in

115 2573 243 2606 civitate,
268 2572 386 2600 tametsi
422 2581 482 2599 rem
513 2575 607 2600 actam
633 2573 663 2600 in
692 2574 811 2608 Campo,
843 2572 939 2608 proxi-

117 2625 200 2646 mum
226 2625 293 2645 vero
318 2616 368 2652 sit,
385 2616 546 2644 secundum
571 2619 719 2652 receptum
748 2625 867 2644 morem.
884 2616 941 2643 Sed

116 2664 146 2690 et
160 2663 301 2696 Campum
317 2663 346 2688 et
360 2660 499 2688 Tribunal
515 2660 603 2687 etiam
626 2662 724 2687 Romae
749 2660 826 2688 idem
852 2660 942 2687 fuisse

119 2705 218 2733 ﬁrmat
246 2705 448 2741 Theophanes,
469 2704 519 2732 ubi
553 2704 588 2732 de
616 2704 785 2732 Constantio
819 2704 942 2732 solemni

120 2757 228 2786 pompa
244 2750 345 2778 urbem
363 2750 495 2786 ingresso
512 2757 519 2777 :
536 2746 669 2782 Ἐξελοὼν
686 2746 714 2774 Et
729 2747 754 2775 tv
770 2750 810 2784 τῷ
837 2745 944 2785 τριϐου-

120 2792 208 2829 ναλίῳ
237 2794 355 2830 Κάμπῳ,
384 2794 428 2821 καὶ
466 2793 529 2824 στὰς
559 2791 600 2830 ἐφ’
629 2791 724 2829 ὕψους,
755 2793 944 2830 συμπαρόντος

123 2838 197 2875 αὖτῷ
211 2839 258 2866 τοῦ
273 2837 465 2877 στρατοπέδου,
481 2836 659 2875 ἐδημηγόρει,
678 2839 705 2866 id
721 2841 765 2866 est
780 2839 810 2866 in
834 2839 943 2875 Campo

975 290 1024 316 tur
1047 289 1236 326 Theophanes
1266 299 1356 325 more,
1381 293 1411 319 ut
1439 291 1480 319 ita
1508 291 1615 325 dicam,
1631 291 1796 319 Constanti-

976 334 1142 369 nopolitano
1168 344 1174 368 ς
1200 343 1257 370 quo
1295 336 1356 364 loco
1396 335 1549 364 Chronicon
1579 336 1798 364 Alexandrinum

975 377 1073 413 habet,
1104 377 1129 405 ἐν
1166 380 1206 415 τῷ
1246 380 1351 415 Κάμπῳ
1388 377 1580 416 τριϐουνάλιον
1617 379 1657 418 ἐφ’
1687 379 1795 417 ὑψηλοῦ

975 422 1101 457 ποιήσας,
1119 426 1162 451 etc
1177 445 1184 458 ,
1204 424 1288 458 cujus
1313 424 1431 459 quidem
1459 424 1629 453 Tribunalis
1651 426 1796 453 Constan-

975 466 1009 494 tii
1026 467 1160 495 meminit
1174 467 1354 495 Themistius
1370 471 1441 496 orat.
1457 469 1483 496 3.
1499 469 1561 496 Non
1585 470 1692 497 mirum
1708 469 1798 505 igitur

975 511 1000 539 si
1014 511 1064 546 qui
1080 520 1239 548 purpuram
1253 512 1442 548 arripiebant,
1460 513 1631 549 priusquam
1647 514 1677 541 in
1693 514 1796 542 urbem

975 556 1116 588 venirent,
1134 556 1169 583 ad
1198 556 1352 592 Campum,
1374 558 1402 584 et
1426 557 1459 584 ad
1488 557 1627 585 Tribunal
1656 559 1733 595 quod
1766 559 1796 586 in

976 600 1085 636 Campo
1101 601 1164 628 urbi
1187 601 1318 636 proximo
1334 603 1405 635 erat,
1425 601 1608 634 secedebant,
1625 604 1656 630 ut
1681 603 1717 631 ab
1735 611 1798 630 om-

976 645 1073 679 nibus,
1091 653 1124 672 ac
1149 644 1294 672 militibus
1320 645 1493 681 praesertim,
1511 654 1635 681 quorum
1661 655 1695 674 ea
1723 649 1799 675 tem-

976 691 1089 726 pestate
1104 690 1132 717 id
1146 689 1223 724 juris
1245 697 1310 717 esse
1324 689 1487 722 videbatur,
1505 689 1695 725 imperatores
1719 699 1799 719 more

975 735 1090 769 recepto
1119 733 1362 762 ucclamarentur.
1393 733 1469 765 Quin
1497 734 1585 762 etiam
1614 734 1800 763 observatum

976 778 1088 814 pridem
1101 787 1114 806 ο
1129 778 1198 806 viris
1209 778 1470 814 doctis,/Egyptios
1482 786 1564 814 reges
1576 781 1641 814 post
1656 779 1802 808 celebrata

976 821 1174 859 ἀνακλητήρια,
1188 823 1315 859 Memphi
1333 823 1361 850 in
1374 823 1482 850 Palatio
1498 823 1600 851 solitos
1616 823 1799 860 inaugurari,

977 875 1033 895 non
1049 875 1115 895 vero
1132 867 1396 903 Alexandriae,qus:
1407 867 1521 904 {Egypti
1533 870 1620 904 caput
1632 871 1744 902 erat,ut
1756 875 1800 895 re-

976 919 1046 946 gum
1054 911 1208 939 Persarum
1217 912 1577 948 inauguratiouem,quam
1583 910 1695 946 τελετὴν
1704 912 1802 949 appel-

978 955 1088 988 labant,
1107 956 1210 983 factum
1226 956 1403 992 Parasgadis
1419 965 1425 984 :
1444 957 1591 992 quomodo
1606 957 1693 984 etiam
1718 965 1800 993 reges

979 1000 1069 1028 nostri
1081 1000 1265 1028 Durooottori
1276 1001 1433 1028 Remorum
1445 1000 1616 1037 inaugurari
1624 1003 1653 1029 et
1669 1002 1802 1030 coronari

979 1043 1084 1077 solent,
1101 1053 1157 1072 non
1176 1052 1241 1072 vero
1257 1044 1389 1080 Parisiis,
1406 1045 1478 1073 urbe
1494 1045 1576 1081 regni
1598 1046 1747 1081 primaria.

1015 1099 1050 1124 x.
1064 1097 1149 1125 Aliud
1167 1097 1287 1134 proinde
1303 1097 1358 1125 fuit
1372 1097 1565 1132 Hebdomum,
1582 1107 1634 1127 seu
1655 1099 1798 1135 septimus

980 1142 1015 1170 ab
1035 1142 1106 1170 urbe
1132 1141 1218 1178 lapis,
1235 1142 1312 1170 aliud
1329 1145 1455 1178 Campus
1475 1143 1509 1170 ad
1527 1143 1640 1177 urbem,
1657 1143 1798 1171 Hebdomi

980 1186 1176 1222 appellatione
1200 1187 1336 1220 donatus,
1362 1186 1441 1214 aliud
1465 1187 1617 1222 Tribunal,
1641 1187 1724 1224 eique
1747 1188 1798 1216 ad-

978 1231 1115 1266 junctum
1141 1230 1285 1258 Palatium
1315 1232 1616 1267 Constantinianeum,
1643 1234 1800 1269 utrumque

981 1276 1069 1303 etiam
1083 1276 1184 1303 eadem
1201 1271 1422 1304 nomenclatura
1436 1276 1625 1305 notissimum
1635 1278 1712 1314 apud
1729 1277 1800 1306 scri-

982 1322 1079 1356 ptores
1095 1320 1279 1356 Byzantinos,
1297 1320 1375 1356 quod
1395 1321 1468 1349 satis
1492 1330 1639 1358 superque
1661 1322 1802 1358 probasse

982 1364 1168 1392 arbitramur.
1186 1365 1253 1397 Qua;
1267 1364 1385 1400 quidem
1402 1373 1459 1393 non
1475 1366 1628 1394 observata
1641 1366 1802 1403 distinctio,

982 1409 1042 1436 viro
1065 1409 1192 1443 erudito,
1213 1409 1338 1445 aliisque
1360 1409 1432 1437 forte
1461 1410 1558 1438 fucum
1575 1411 1652 1445 fecit,
1669 1412 1741 1439 adeo
1770 1414 1802 1440 ut

982 1454 1028 1481 vix
1052 1462 1084 1480 ac
1109 1461 1144 1481 ne
1164 1453 1209 1480 vix
1234 1454 1352 1490 quidem
1378 1454 1434 1482 sibi
1456 1455 1630 1490 persuadere
1646 1456 1803 1492 potuerint,

983 1498 1164 1525 Hebdomnm
1179 1506 1237 1525 non
1252 1498 1338 1526 modo
1365 1499 1399 1526 ad
1427 1499 1527 1527 urbem
1554 1499 1739 1535 pertinuisse,
1753 1501 1805 1528 sed

983 1545 1012 1570 et
1035 1545 1148 1578 partem
1172 1542 1253 1570 illius
1276 1543 1353 1570 intra
1379 1543 1473 1578 ipsius
1499 1552 1599 1571 muros
1616 1543 1737 1579 includi,
1760 1543 1805 1571 vel

985 1586 1088 1614 saltem
1117 1587 1153 1614 ad
1181 1586 1246 1622 ipsa
1270 1587 1412 1614 suburbia
1440 1588 1571 1623 potuisse
1600 1588 1746 1624 protendi,
1772 1596 1805 1616 ao

987 1631 1126 1658 Hebdomi
1144 1631 1252 1658 servari
1273 1631 1510 1667 appellationem.
1529 1633 1609 1665 Quod
1635 1641 1705 1660 sane
1730 1632 1805 1660 acci-

986 1675 1038 1708 dit,
1063 1675 1323 1710 quemadmodum,
1351 1677 1383 1703 ut
1410 1676 1574 1712 attigimus,
1601 1678 1742 1713 Campum
1769 1677 1805 1705 ad

986 1719 1104 1747 Lutetia:
1130 1719 1238 1747 mcenia
1261 1727 1362 1748 versus
1386 1721 1629 1756 Septentrionem,
1645 1721 1805 1758 Sandiony-

986 1764 1102 1791 sianum
1118 1763 1205 1799 vulgo
1220 1763 1457 1799 appellamus,ab
1469 1765 1576 1801 oppido
1587 1768 1616 1793 et
1631 1765 1808 1794 monasterio

985 1811 1013 1835 S.
1030 1808 1169 1844 Dionysii,
1186 1810 1312 1844 quatuor
1339 1809 1513 1837 milliaribus
1539 1810 1575 1837 ab
1599 1811 1670 1838 urbe
1692 1810 1808 1838 dissito.

986 1852 1057 1880 Vere
1073 1852 1150 1880 enim
1167 1853 1224 1880 dici
1241 1855 1336 1889 potest
1351 1856 1462 1889 partem
1486 1854 1573 1882 istius
1598 1855 1672 1891 agri,
1689 1854 1810 1891 prolatis

986 1898 1111 1925 subinde
1127 1897 1253 1925 civitatis
1270 1898 1429 1933 pomoeriis,
1442 1907 1506 1926 esse
1522 1899 1598 1926 intra
1617 1900 1713 1935 ipsam
1733 1900 1809 1928 Pari-

987 1942 1097 1969 siorum
1116 1941 1228 1975 urbani,
1238 1945 1270 1970 ut
1281 1951 1348 1978 pars
1362 1943 1553 1971 Hebdomiani
1566 1944 1637 1980 agri,
1650 1944 1699 1980 qui
1716 1953 1810 1980 usque

987 1986 1022 2013 ad
1034 1987 1117 2013 vetus
1128 1987 1295 2022 Bysantium
1304 1988 1667 2024 protendebatur,prolatis
1679 1989 1809 2024 paritera

986 2030 1178 2058 Constantino
1194 2031 1439 2066 pomoeriis,intra
1450 2040 1555 2060 novam
1577 2033 1681 2060 urbem
1695 2033 1810 2060 inclusa

987 2076 1032 2102 est
1061 2083 1067 2102 :
1093 2075 1170 2109 quod
1197 2075 1317 2110 quidem
1348 2076 1468 2111 planum
1501 2076 1559 2111 ﬁet,
1589 2077 1710 2112 prolatis
1738 2076 1809 2104 scri-

988 2121 1104 2155 ptorum
1120 2119 1399 2152 auctoritatibus,ne
1409 2120 1502 2156 gratis
1512 2120 1540 2147 id
1553 2121 1673 2156 proferri
1685 2120 1808 2148 dicatur.

1024 2173 1068 2200 XI.
1085 2172 1276 2207 Theophanes
1310 2181 1386 2200 anno
1408 2173 1426 2199 5
1444 2173 1626 2201 Constantini
1662 2172 1812 2209 Pogonati,

989 2224 1074 2252 quem
1093 2216 1278 2244 laudavimus
1294 2216 1322 2243 in
1342 2219 1444 2244 nostra
1455 2217 1813 2252 Constantinopoli;scrihit

990 2263 1149 2288 Saracenos
1173 2260 1203 2287 in
1218 2261 1374 2288 ’l‘hracicas
1399 2263 1496 2296 partes
1521 2261 1682 2297 appulisse,
1699 2262 1815 2289 urbem-

992 2312 1049 2340 que
1078 2304 1229 2332 obsedisse
1257 2305 1293 2332 ab
1318 2305 1490 2333 occidentali
1515 2306 1715 2341 promontorio
1740 2306 1814 2333 Heb-

994 2348 1096 2382 domi,
1137 2356 1189 2376 seu
1237 2350 1416 2385 Magnaura,
1456 2358 1550 2386 usque
1590 2350 1625 2377 ad
1677 2350 1816 2378 orientale

995 2393 1246 2428 promontorium,
1277 2393 1354 2429 quod
1392 2393 1558 2430 Cyclobium
1592 2396 1704 2422 vocant.
1734 2393 1815 2422 Illius

994 2438 1082 2465 verba
1123 2439 1193 2465 sunt
1233 2438 1441 2474 expendenda,
1470 2439 1546 2474 quod
1589 2439 1816 2467 controversiam

995 2490 1112 2510 omnem
1138 2482 1280 2509 dirimunt
1305 2491 1312 2509 :
1333 2481 1430 2517 Τούτῳ
1467 2484 1507 2518 τῷ
1533 2480 1585 2510 ἔτει
1610 2483 1624 2509 ὁ
1653 2481 1816 2520 προλεχθιῖς

994 2529 1049 2553 τῶν
1086 2526 1231 2563 θιομάχων
1270 2525 1368 2557 στόλος
1407 2523 1507 2557 ἀναϐὰς
1549 2527 1749 2564 προσώρμησεν
1789 2527 1817 2554 ἓν

995 2572 1054 2601 τοῖς
1078 2571 1218 2607 Θρᾳκῲοις
1244 2569 1349 2607 μέρεσιν
1374 2570 1426 2598 ἀπὸ
1451 2574 1502 2605 τῆς
1523 2571 1590 2609 πρὸς
1608 2571 1682 2599 δύσιν
1699 2571 1816 2609 ἀκρότη-

995 2624 1041 2645 τος
1065 2617 1112 2642 τοῦ
1137 2612 1284 2651 Ἐϐδόμου,
1310 2614 1371 2649 ἤτοι
1395 2619 1446 2650 τῆς
1471 2617 1621 2654 Λεγομὲνγ,ς
1646 2616 1818 2654 Μαγναύρας,

998 2658 1081 2697 μέχρι
1112 2657 1194 2686 πάλιν
1232 2661 1282 2685 τοῦ
1311 2660 1379 2697 πρὸς
1410 2659 1545 2695 ἀνατολήν
1572 2661 1745 2700 ἀκρωτηρίου
1771 2661 1820 2687 τοῦ

998 2702 1149 2741 λιγομένου
1164 2701 1330 2732 lion/logico.
1345 2704 1416 2732 Κατᾶ
1438 2708 1522 2733 πᾶσαν
1545 2706 1594 2740 τήν
1623 2706 1727 2743 ἡμέραν
1751 2715 1819 2740 συμ‹

998 2745 1070 2782 ϐολὴ
1099 2747 1224 2784 πολέμου
1255 2747 1391 2785 ἐκροτεῖτο
1418 2750 1470 2777 ἀπὸ
1506 2751 1580 2788 πρωϊ
1607 2749 1658 2781 ἕως
1697 2748 1822 2786 ἑσπέρας,

999 2792 1052 2821 ἀπὸ
1093 2791 1258 2830 βραχιολίου
1295 2795 1344 2826 τῆς
1383 2797 1492 2832 Χρυτῆς
1528 2794 1632 2832 πόρτης
1663 2794 1746 2832 μέχρι
1774 2795 1823 2821 τοῦ

999 2834 1153 2865 Κυγλοϐίου
1182 2837 1292 2868 ἑαυτοὺς
1320 2838 1462 2871 ὠθοῦντες,
1492 2839 1536 2866 καὶ
1567 2838 1726 2875 ὠθούμινοι.
1754 2839 1822 2872 Qua
