2021 3176
214 195 274 231 399

218 268 336 304 quidem
361 267 402 294 ita
421 264 547 293 reddidit
562 265 663 292 auctor
684 261 818 290 Miscellaa
837 270 842 288 :
861 260 936 287 Anno
952 258 970 284 5
986 258 1037 304 tm-
1056 255 1080 288 Α

218 302 292 350 ᾖεν·ίί
320 311 505 341 Constantini,
532 308 684 344 praedictus
713 309 797 334 Deum
821 302 1045 339 impugnantium

219 346 303 386 italus
318 356 465 384 ascendens
481 353 631 389 applicauit
646 354 676 380 in
697 350 894 378 Thraceitsibas
908 346 1044 384 partibus,

218 411 236 430 α
257 401 416 429 summitate
431 399 559 426 videlicet
570 397 690 433 septimi,
701 403 760 431 qua:
774 395 861 430 vergit
876 394 912 420 ad
921 390 1046 420 Occiden-

221 448 284 482 tem,
302 445 330 473 id
345 450 386 472 est
400 453 416 471 a
432 443 509 471 domo
524 450 584 478 quae
600 444 753 476 Magnaura
770 439 881 467 dicitur,
899 438 924 465 et
952 442 1046 463 rursus

221 498 306 526 usque
328 489 362 517 ad
384 496 489 522 arcem,
519 495 602 522 quam
627 485 785 521 Cyclobium
811 483 916 515 dicunt,
933 487 1047 516 quaeque

221 537 323 571 spectat
351 534 388 561 ad
414 533 562 560 Orientem.
581 531 633 558 Per
660 531 748 557 tolum
772 529 863 563 itaque
886 527 957 553 diem
981 532 1045 552 con-

221 569 322 617 gressio
351 579 415 606 belli
439 577 591 606 lenebutur,
609 575 638 602 id
661 576 699 602 est
725 582 742 601 α
760 580 841 600 mune
856 579 941 607 usque
956 569 990 597 ad
1006 577 1047 596 ve-

221 614 340 661 speram,
356 632 372 650 a
386 622 537 649 brachialio
552 621 650 647 Aurea:
667 620 753 655 por-Iw
777 625 858 653 usque
881 614 1046 661 Cyclobialn,

222 657 339 697 invicem
353 673 471 702 utroque
483 669 565 702 parte
580 665 611 692 in
630 671 684 691 uno
695 661 809 698 pulvere
819 659 987 696 impellente.
999 657 1047 684 Ce-

223 715 332 742 dreuus
357 701 484 747 idipsnm
511 717 653 737 enarrans
670 717 678 734 .·
703 707 763 734 Τῶν
786 705 930 742 θεομάχων
952 701 1048 731 στόλος

222 756 309 785 ἐλθὼν
336 746 536 793 προέώρμησεν
564 752 589 779 ἐν
620 754 677 782 τοῖς
703 748 979 793 Θρᾳκῲιιςέμίρεθιν,
995 746 1047 772 ἀπὸ

222 805 271 830 τοῦ
286 790 522 836 Ἐὅδόμονᾙμὲχρι
548 793 715 823 Κυκλοϐίυυ.
733 795 784 822 Ubi
809 790 947 828 Ἒϐδομον
972 791 1048 818 nudo

224 848 319 879 vocat,
335 835 413 882 quod
433 842 624 878 Theophanes
641 839 871 876 promontorium
897 835 1047 864 llebdomi.

225 897 350 923 Zonaras
366 893 468 920 iisdem
486 892 543 918 fere
559 890 654 918 verbis
670 889 778 924 quibus
789 886 978 922 Theophanes
988 892 1048 911 rem

227 942 383 967 recenset:
408 936 471 964 Εἶτα
499 933 591 970 στόλῳ
621 934 699 971 βαρεῖ
728 931 786 959 κατ’
815 929 898 964 avi-ri;
926 928 1049 962 ἀπῆλθον

225 987 276 1018 τῆς
307 979 448 1020 βασελίδος
483 981 537 1007 τῶν
572 977 694 1011 πόλεων,
724 976 768 1003 καὶ
806 974 973 1009 ναύσταθμον
1002 973 1050 999 τοῦ

227 1028 356 1067 σφετέρου
394 1024 494 1052 στόλου
532 1022 681 1056 πιποῖηντο
718 1021 771 1048 ἀπὸ
803 1022 850 1047 τοῦ
879 1019 946 1055 πρὸς
975 1016 1050 1043 δύσιν

228 1061 411 1109 ἀέρωτηρίου,
427 1071 475 1096 τοῦ
504 1067 571 1095 κατὰ
591 1064 740 1102 "limatum,
765 1065 847 1101 μεχρι
871 1065 919 1090 τηῦ
945 1061 1050 1088 Κυχλο-

227 1115 298 1144 Sion.
317 1116 370 1144 Ubi
386 1115 511 1151 scriptor
526 1112 708 1141 Narrationis
723 1110 867 1138 historicas
883 1109 912 1135 in
943 1109 1049 1135 festum

226 1165 275 1196 τῆς
290 1159 459 1193 Ἀκαθίστου,
476 1160 511 1186 de
527 1157 599 1193 ipsis
619 1155 760 1192 Agarenis
783 1154 885 1182 urbem
915 1151 1050 1179 obsiden-

227 1195 305 1235 tibus
321 1206 375 1234 sub
392 1205 492 1232 eodem
510 1203 654 1238 Pogonato
669 1201 754 1227 verba
771 1199 878 1226 faciens
895 1205 901 1224 :
919 1195 1049 1232 Ηροσώρ-

229 1262 316 1288 μησαν
330 1251 364 1287 τῇ
379 1246 593 1286 παραθαλασσίῳ
614 1247 661 1271 τοῦ
686 1241 834 1279 Ἑϐδόμηυ.
851 1242 886 1269 Et
908 1240 1050 1288 Georgius

227 1284 458 1324 lzlamartolusiin
475 1291 616 1320 Chronico
633 1297 688 1316 ms.
707 1297 712 1315 :
731 1286 782 1315 Καὶ
810 1284 1050 1323 προσορμήσαντες

228 1341 296 1369 κατὰ
330 1340 380 1373 τήν
416 1335 549 1374 παράλιον
584 1335 631 1360 τοῦ
665 1329 812 1367 Ἑϐδόμθυ,
842 1332 909 1363 etc.,
940 1328 1051 1356 scilicet

229 1393 331 1414 versus
345 1382 515 1420 ἀκρωτήριον
539 1377 588 1405 τοὺ
603 1374 750 1412 Ἑϐδὸμου,
769 1385 785 1403 a
810 1383 867 1411 quo
897 1382 989 1409 usque
1014 1373 1049 1400 ad

228 1417 406 1466 Cyclobium,
424 1434 481 1453 non
499 1422 640 1456 terrestri,
657 1421 706 1449 sed
725 1419 873 1447 maritima
887 1417 1050 1451 obsidione,

230 1461 263 1502 ut
277 1474 388 1501 exserte
404 1469 506 1498 scribit
519 1467 720 1503 Theophanes,
737 1465 839 1492 urbem
856 1461 1051 1491 circumsede-

229 1519 347 1546 derunt.
365 1515 493 1550 Denique
508 1512 598 1540 tradit
612 1510 688 1538 idem
704 1509 896 1545 Theophanes
912 1507 941 1534 in
963 1507 1053 1534 Leone

230 1564 332 1591 Isauro
349 1569 395 1589 an.
413 1561 440 1592 1,
456 1558 572 1586 eosdem
589 1557 748 1584 Saracenos
775 1553 877 1581 urbem
903 1551 1054 1580 obsedisse

231 1607 284 1634 ἀπὸ
300 1609 349 1640 τῆς
381 1602 540 1641 nmmum
562 1599 614 1631 ἕως
641 1595 808 1631 Κυκλοϐίου,
825 1596 973 1625 maritima
997 1595 1052 1622 sci-

229 1652 298 1681 licet
307 1651 415 1686 pariter
431 1647 591 1677 obsidione.
606 1645 647 1672 Ex
662 1643 769 1680 quibus
784 1643 833 1670 hic
848 1641 945 1669 allatis
969 1640 1051 1674 locis,

231 1685 314 1733 quos
333 1694 420 1731 paulo
445 1692 610 1720 accuratius
639 1697 707 1717 cum
737 1687 820 1715 urbis
844 1685 1052 1722 topographica

231 1730 427 1777 descriptione
442 1747 474 1766 ac
489 1734 805 1771 ichnographia,quam
823 1732 852 1777 in
869 1733 969 1758 nostra
984 1730 1052 1757 Con-

231 1776 413 1821 stantinopoli
429 1782 588 1811 Christiana
603 1777 743 1807 delineari
757 1776 935 1809 curavimus,
952 1782 1053 1810 expen-

232 1833 282 1860 dat
296 1818 382 1858 velim
399 1836 492 1856 novus
503 1834 536 1854 ac
552 1825 666 1861 primus
683 1824 810 1850 assertor
827 1818 1053 1851 Hebdomianus,

233 1889 319 1909 nemo
335 1879 391 1907 nisi
407 1877 531 1904 nimium
549 1873 681 1910 pervicax
705 1870 828 1898 inliciari
853 1868 958 1905 poterit
980 1867 1054 1895 Heb-

235 1907 354 1952 domum
372 1923 405 1950 ad
425 1922 526 1949 urbem
541 1907 704 1955 pertigisse,
717 1916 839 1951 ejusquo
854 1915 963 1949 partem
980 1907 1056 1939 intra

236 1970 337 1997 urbem
355 1966 484 2002 potuisse
500 1963 620 1996 includi,
638 1969 704 1989 cum
720 1958 886 1996 Cyclobium
905 1958 939 1985 ad
958 1964 1056 1984 muros

236 2014 316 2042 urbis
332 2001 484 2040 terrestres
499 2016 601 2036 versus
622 2006 763 2034 orientem
785 2005 814 2031 et
839 2001 1056 2038 Propontidem,

236 2059 395 2095 Magnaura
410 2063 476 2083 vero
492 2054 527 2082 ad
542 2052 661 2080 oosdam
674 2058 783 2083 muros,
796 2048 854 2075 imo
870 2047 945 2075 intra
962 2047 1056 2082 ipsam

235 2091 337 2132 urbem
353 2109 455 2129 versus
471 2099 652 2127 occidentem
677 2099 703 2123 cl
728 2093 963 2130 promontorium
980 2091 1056 2119 Heb-

235 2148 313 2177 domi
330 2145 507 2176 exstiterint,
523 2143 597 2178 quod
611 2140 712 2168 multis
739 2139 767 2166 in
790 2140 890 2166 nostra
921 2136 1056 2164 lucubra-

234 2194 311 2222 tione
326 2191 490 2220 docuimus.
508 2188 538 2216 Si
554 2187 630 2214 enim
654 2183 889 2220 promontorium
916 2180 1057 2209 Hebdomi

235 2238 270 2266 ad
287 2237 444 2273 septimum
462 2232 586 2261 milliare
600 2229 710 2258 exstitit
733 2236 836 2256 versus
855 2226 1001 2254 Orientem
1031 2228 1059 2252 et

235 2270 452 2318 Propontidem,
468 2285 542 2314 quos
559 2276 583 2303 is
598 2275 713 2301 videtur
729 2271 869 2306 velle,qui
886 2270 947 2298 fieri
965 2271 1059 2305 potest

283 2309 451 2362 provimum
477 2309 566 2349 inerit
593 2321 756 2354 Magnuurac
787 2315 906 2351 palatio,
923 2313 999 2349 quod
1029 2313 1058 2340 in
1077 2309 1098 2341 Β

235 2357 306 2398 urbe
321 2372 349 2397 et
364 2369 398 2396 ad
415 2366 497 2395 urbis
518 2372 619 2393 muros
642 2370 744 2389 versus
765 2367 901 2388 occasum
926 2357 1059 2385 exstitit?

236 2419 306 2452 Quis
322 2417 448 2453 denique
463 2415 492 2443 in
519 2415 645 2441 mentem
672 2410 727 2437 sibi
753 2407 909 2440 induxerit,
926 2407 969 2434 vel
986 2405 1058 2433 scri-

236 2464 302 2490 bcrc
331 2461 464 2494 voluerit,
485 2460 645 2486 Saracenos
671 2454 770 2482 urbem
794 2452 945 2479 oboedisse
970 2459 987 2478 a
1014 2459 1059 2478 se-

235 2506 327 2542 ptimo
343 2504 461 2532 milliari
484 2510 587 2530 versus
603 2499 759 2533 Rhegium,
774 2496 864 2532 (quod
883 2496 916 2542 12_
936 2495 971 2522 ab
988 2495 1059 2542 urbe

234 2539 331 2587 lapide
347 2551 382 2577 ad
399 2546 605 2584 Propontidem
633 2544 661 2570 in
692 2542 798 2569 Charta
835 2539 1060 2576 Peutingeriana

235 2585 386 2629 statuitur)
403 2594 438 2621 ad
455 2590 637 2628 Cyclobium,
655 2587 704 2615 sed
716 2585 871 2614 castellum
889 2585 1059 2617 rotundum,

234 2641 312 2678 quod
330 2639 424 2667 eidem
442 2634 610 2673 Propontidi
631 2631 770 2668 adjacuit,
787 2630 872 2657 hodie
897 2629 1058 2656 etiamnum

234 2674 430 2722 Ileptapyrgio
446 2681 615 2710 inclusum?
627 2678 721 2706 Veluti
739 2676 761 2703 si
780 2675 846 2711 quis
858 2674 966 2701 diceret
978 2674 1061 2700 Lute-

234 2719 305 2759 tiain
322 2719 422 2757 hostes
437 2725 648 2755 circumsedere
665 2732 681 2750 ει
693 2720 830 2748 Vorsnliis
848 2719 882 2746 ad
899 2722 1060 2754 Lupercum

236 2783 331 2811 usque
362 2773 518 2803 Palatium,
545 2770 570 2797 is
595 2771 672 2796 certe
700 2764 861 2793 deridiculo
892 2764 1059 2790 haberetur.

237 2824 342 2852 Videat
354 2823 424 2859 quid
450 2821 582 2856 reponat,
598 2821 626 2845 et
652 2815 761 2844 nodum
788 2813 866 2841 hunc
895 2812 989 2841 solvat
1017 2811 1062 2840 vir

238 2856 381 2900 eruditus,
397 2867 420 2894 si
438 2869 533 2894 tamen
551 2864 655 2898 potest,
672 2859 716 2887 vel
731 2861 806 2886 certe
823 2857 932 2893 aliquid
954 2856 1060 2892 proba-

790 188 1026 228 DlSOUISlTlO
1047 182 1352 216 TOPOGRAPHICA

1878 179 1934 209 ιοο

1097 253 1187 281 bilius
1212 253 1325 285 aﬂ‘erat,
1343 253 1375 278 ut
1403 258 1470 278 eum
1497 251 1604 278 Seneca
1632 248 1750 284 loquar.
1776 250 1845 275 tum
1877 256 1933 275 non

1100 300 1219 334 gravate
1235 297 1270 324 ab
1286 295 1424 331 opinione
1440 303 1505 322 mea
1519 294 1549 322 in
1565 293 1742 322 sententiam
1770 292 1856 320 illius
1880 292 1935 319 dis—

1100 342 1261 371 cessionem
1278 341 1381 368 fecero.

1136 398 1198 422 XII.
1214 395 1269 422 Sed
1301 397 1330 421 ut
1357 401 1409 421 nec
1445 392 1678 429 promontorium
1704 391 1865 421 Ilebdomi.
1896 391 1936 418 ita

1101 449 1195 476 neque
1212 439 1392 466 Hebdomum
1407 437 1505 474 ipsum
1517 437 1553 465 ad
1570 436 1778 472 Propontidem
1796 435 1866 470 fuit,
1887 436 1937 463 sed

1101 486 1136 513 ad
1153 484 1236 512 sinus
1248 483 1372 510 Ceratini
1389 484 1487 518 caput,
1504 481 1553 509 ubi
1569 481 1689 517 Cydaris
1713 482 1743 508 et
1763 479 1935 514 Barbysses

1102 529 1209 556 ﬂuvioli
1241 527 1404 559 conﬂuunt,
1427 526 1505 554 haud
1545 525 1644 561 procul
1669 525 1706 552 ab
1735 525 1823 559 urbe,
1856 523 1938 559 quod

1102 582 1192 609 supra
1207 572 1287 600 allati
1306 571 1358 599 loci
1377 571 1497 598 omnino
1509 570 1669 598 declarant.
1688 570 1727 597 Ex
1743 569 1862 604 quibus
1877 569 1938 595 evi-

1102 619 1204 646 denter
1215 618 1304 652 putet,
1322 625 1378 643 non
1396 616 1480 642 modo
1496 615 1678 642 [lebdomum
1694 614 1730 641 nd
1746 613 1938 641 occidentem

1102 671 1204 690 versus
1214 664 1402 696 Magnauram
1425 662 1499 687 recte
1515 659 1616 692 statui,
1634 659 1711 694 quod
1738 658 1869 694 quidem
1887 657 1939 684 Pa-

1102 707 1204 735 latium
1223 706 1387 742 proximum
1409 704 1463 731 fuit
1487 703 1566 731 sinui
1590 703 1740 736 Coratiuo;
1755 702 1809 730 sed
1834 703 1867 729 et
1892 709 1941 737 per

1102 751 1239 779 eumdem
1256 750 1352 777 sinum
1369 752 1529 776 Saracenos
1556 748 1585 774 in
1611 747 1813 781 Hebdomum,
1832 754 1891 774 seu
1914 746 1941 773 in

1103 798 1245 831 Campum
1272 794 1336 822 urbi
1366 793 1543 829 proximum,
1570 791 1745 828 pervenisse,
1763 800 1782 818 a
1812 799 1876 825 quo
1907 790 1942 817 ad

1103 840 1272 876 Cyclobium
1298 846 1392 874 usque
1412 837 1514 865 urbem
1539 837 1613 864 mari
1638 836 1792 864 obsedere.
1812 835 1941 863 Proinde

1105 893 1170 912 cum
1198 882 1332 920 παράλιον
1359 883 1407 909 τοῦ
1436 879 1584 916 Ἑϐδόμου,
1607 880 1748 917 Georgius
1778 880 1940 908 Hamarto-

1104 929 1161 962 lus,
1178 932 1206 956 et
1228 926 1369 964 αἰγιαλοὺς
1399 923 1597 961 τοῦΈϐὃόμου
1617 925 1690 953 dixit
1717 925 1852 960 scriptor
1878 924 1938 951 vita:

1105 975 1134 1002 S.
1153 973 1249 1002 Basilii
1265 972 1407 1003 Junioris,
1426 980 1454 998 n.
1470 971 1498 1004 7,
1512 971 1644 1006 ejusdem
1670 970 1838 1006 superioris
1857 969 1938 996 sinus

1104 1019 1201 1046 littera
1225 1016 1348 1051 intelligi
1374 1016 1491 1050 debent,
1517 1015 1568 1042 ubi
1597 1017 1700 1050 portus
1726 1014 1779 1050 qui
1813 1013 1845 1041 in
1869 1013 1936 1041 Heb

1105 1065 1191 1091 domo
1213 1062 1360 1090 exstitisse
1387 1063 1634 1094 narratur,quem
1664 1058 1732 1096 πρὸς
1763 1056 1934 1095 Βλαχέριηις

1104 1108 1207 1136 κόλπον
1225 1110 1305 1135 vocat
1325 1106 1475 1143 Scylitzes,
1492 1106 1580 1133 statui
1606 1105 1702 1138 debet,
1715 1113 1774 1132 non
1803 1104 1842 1131 ad
1870 1104 1929 1131 Pro-

1105 1154 1264 1190 pontidem.
1281 1152 1334 1184 Qui
1364 1151 1482 1187 quidem
1511 1152 1616 1185 portus
1641 1149 1665 1177 is
1692 1149 1823 1182 videtur,
1849 1156 1934 1184 quem

1105 1196 1203 1233 λιμένα
1231 1198 1279 1223 τοῦ
1307 1192 1443 1231 Ἐϐδόμου
1472 1197 1565 1229 vocat,
1594 1196 1623 1222 et
1652 1196 1812 1230 purgatum
1845 1193 1938 1220 fuisse

1104 1251 1181 1270 anno
1196 1242 1232 1269 25
1250 1240 1408 1269 Justiniani
1427 1239 1530 1267 scribit
1558 1238 1636 1266 idem
1660 1238 1863 1273 Theophanes
1880 1245 1888 1263 :
1904 1237 1937 1264 ad

1105 1295 1190 1322 quem
1208 1286 1316 1313 scilicet
1330 1284 1436 1312 Tiberii
1457 1282 1641 1312 Constantini
1666 1281 1870 1318 imperatoris,
1891 1281 1939 1316 qui

1105 1330 1130 1358 ἐν
1160 1330 1301 1367 πρυκὲσσῳ
1324 1331 1371 1356 τοῦ
1400 1325 1536 1364 Ἑϐδόμου
1561 1328 1683 1359 obierat,
1699 1327 1829 1354 cadaver
1858 1324 1939 1360 πλοΐ,

1105 1384 1156 1404 seu
1173 1375 1297 1411 navigio,
1316 1377 1347 1401 ut
1371 1376 1414 1401 est
1437 1374 1465 1400 iu
1483 1373 1617 1400 Chronico
1634 1371 1838 1405 Alexandrino,
1854 1371 1939 1398 dela-

1106 1423 1168 1448 tum
1186 1421 1239 1448 est.
1256 1419 1309 1446 Sed
1324 1420 1352 1446 et
1368 1418 1403 1445 de
1418 1417 1566 1446 similibus
1582 1416 1648 1444 aliis
1672 1416 1700 1443 in
1724 1415 1896 1448 Hebdomo,
1914 1418 1940 1442 et

1106 1466 1141 1493 ad
1171 1464 1270 1492 sinum
1298 1463 1465 1490 Ceratinum
1491 1461 1617 1498 νεωρίοις
1638 1461 1753 1497 egimus
1772 1460 1803 1487 in
1834 1463 1940 1487 nostra

1108 1508 1357 1543 Constantinopoli.
1374 1507 1435 1534 Non
1453 1506 1560 1533 mirum
1578 1505 1670 1541 igitur
1691 1504 1715 1532 si
1745 1504 1937 1531 Hebdomum

1106 1551 1324 1590 παραθαλάσσιος
1348 1550 1430 1580 τόπος
1463 1550 1578 1578 dicatur
1619 1548 1756 1584 Procopio
1789 1550 1820 1576 et
1850 1548 1937 1575 Nice-

1108 1599 1200 1635 phoro
1214 1594 1466 1631 Constantinopol.
1483 1595 1513 1622 in
1530 1594 1602 1622 Hist.
1620 1593 1698 1630 quod
1714 1592 1830 1621 scilicet
1851 1593 1937 1620 sinus

1107 1641 1232 1671 Ceratini
1252 1639 1400 1668 littoribus
1416 1638 1587 1674 adjacuerit.

1142 1695 1216 1722 XIll.
1233 1693 1339 1721 Scribit
1357 1692 1548 1728 Theophanes
1577 1690 1774 1726 Nicephorum
1801 1689 1932 1717 Phocam

1107 1740 1314 1775 imperatorem
1340 1737 1545 1768 acclamatum,
1572 1733 1752 1771 Chrysopoli,
1779 1742 1839 1769 quo
1864 1742 1933 1761 cum

1108 1784 1202 1812 classe
1217 1782 1380 1818 appulerat,
1401 1781 1587 1816 imperatorio
1605 1780 1745 1807 dromone
1764 1781 1932 1814 assumpto,

1109 1828 1146 1858 εἷς
1160 1828 1190 1855 τὸ
1206 1824 1343 1862 Ἔϐδομον
1361 1835 1377 1854 a
1393 1825 1523 1853 Prasinis
1544 1825 1715 1857 deductum,
1734 1823 1784 1851 ubi
1810 1823 1938 1856 scilicet,

1110 1873 1272 1901 secundum
1290 1873 1438 1906 receptum
1461 1877 1584 1903 morem,
1601 1869 1760 1904 imperator
1780 1867 1810 1895 in
1835 1868 1939 1895 Tribu-

1110 1918 1169 1945 nali
1195 1917 1415 1945 acclamaretur.
1441 1913 1612 1950 Chrysopoli
1635 1921 1751 1948 nempe,
1767 1921 1832 1948 qua
1853 1913 1940 1940 Cera-

1111 1963 1171 1989 tino
1202 1959 1399 1997 promontorio
1438 1958 1658 1991 obversabatur,
1687 1966 1745 1985 non
1771 1957 1802 1984 in
1834 1957 1938 1984 urbem

1111 2006 1239 2040 transiit,
1256 2006 1306 2033 sed
1322 2012 1441 2032 emenso
1460 2003 1523 2039 ipso
1544 2003 1611 2030 sinu
1638 2001 1782 2035 Ceratino,
1797 2001 1832 2028 ad
1863 2001 1940 2028 Heb~

1112 2052 1232 2079 domum
1250 2049 1380 2086 pervenit
1397 2058 1403 2076 :
1419 2048 1496 2084 quod
1521 2047 1629 2075 clarius
1657 2048 1758 2074 narrat
1786 2046 1940 2082 Scylitxee,

1113 2096 1230 2124 tradens
1245 2094 1441 2130 Nicephorum
1459 2100 1526 2120 cum
1543 2094 1603 2119 tota
1620 2091 1714 2119 classe
1734 2090 1940 2126 Chrysopolim

1113 2141 1274 2176 trajecisse,
1306 2139 1432 2174 indeque
1460 2137 1494 2165 ad
1524 2135 1720 2168 Hebdomum,
1748 2137 1836 2170 atque
1871 2134 1941 2161 hinc

1112 2185 1197 2212 πάντα
1224 2184 1269 2210 τὸν
1301 2181 1389 2218 δῆμον
1417 2183 1468 2215 τῆς
1496 2179 1605 2210 πόλεως
1636 2179 1693 2215 μετ’
1718 2177 1862 2217 εὐφημιῶν
1892 2177 1937 2204 χαί

1112 2230 1228 2267 κρότων,
1259 2226 1393 2264 δημοσίας
1433 2225 1579 2262 γινομένης
1611 2222 1742 2262 προόδου,
1771 2223 1800 2250 in
1836 2223 1940 2250 urbem

1112 2273 1322 2305 introduxisse,
1348 2269 1392 2298 διὰ
1419 2273 1469 2304 τῆς
1496 2270 1605 2307 Χρυσῆς
1634 2267 1748 2305 πόρτας,
1772 2275 1824 2303 per
1848 2274 1939 2303 quam

1114 2318 1225 2346 scilicet
1240 2316 1376 2344 solennes
1387 2316 1541 2351 ingressus
1556 2313 1618 2341 ﬁeri
1634 2312 1737 2341 solitos
1752 2311 1822 2340 alibi
1839 2312 1940 2339 obser-

1113 2363 1258 2394 vavimus,
1274 2360 1351 2396 quod
1381 2362 1410 2387 et
1438 2361 1551 2386 exserte
1575 2359 1661 2386 docet
1683 2356 1895 2385 Constantinus
1911 2355 1940 2382 in

1114 2407 1176 2435 Vita
1202 2405 1301 2433 Basilii
1325 2405 1396 2440 imp.
1417 2412 1446 2430 n.
1464 2404 1498 2430 40
1522 2403 1591 2431 edit.
1608 2402 1786 2430 Combefisii.
1803 2401 1838 2428 Et
1851 2401 1941 2428 Zona-

1114 2450 1248 2479 ras:Tov
1279 2447 1435 2486 Νικηφόρον
1466 2447 1565 2478 iacio“
1608 2446 1800 2483 (Chrysopoli)

1113 2493 1252 2530 Ἕϐδομον
1283 2492 1388 2530 ἄγουσι,
1416 2492 1537 2519 κάκεῖθεν
1567 2490 1613 2518 σὺν
1644 2489 1757 2529 προόδῳ
1788 2488 1943 2525 δημοτελΞῖ

1115 2540 1152 2571 εἷς
1167 2539 1215 2573 τήν
1234 2537 1360 2575 Μεγάλην
1375 2536 1532 2571 ἐκκλησίαν.
1548 2536 1604 2564 Ubi
1633 2545 1731 2569 nemo,
1761 2535 1875 2571 opinor,
1907 2542 1940 2562 ex

1115 2586 1151 2613 iis
1173 2585 1282 2620 quibus
1306 2583 1460 2610 notus~est
1474 2580 1766 2616 Constantinopoleos
1782 2580 1869 2610 situs.
1884 2579 1942 2606 sibi

1114 2631 1142 2658 in
1158 2629 1289 2657 animum
1305 2627 1464 2661 induxerit,
1480 2625 1677 2662 Nicephorum
1698 2625 1733 2652 ad
1760 2624 1858 2651 locum
1877 2626 1941 2651 ten-

1115 2675 1242 2704 dentem,
1260 2672 1310 2700 uhi
1335 2671 1558 2707 inaugurandue
1583 2672 1644 2698 erat
1663 2669 1833 2704 imperator,
1850 2667 1942 2703 siqui-

1115 2720 1180 2746 dem
1198 2718 1233 2745 ad
1259 2716 1467 2752 Propontidem
1495 2713 1650 2747 exstiterit,
1668 2721 1733 2741 cum
1755 2715 1817 2740 tota
1847 2711 1943 2739 classe

1114 2762 1315 2799 Chrysopolim
1345 2760 1505 2796 appulisse,
1522 2767 1555 2787 eo
1578 2766 1694 2786 rursum
1725 2764 1937 2785 reversurum:

1115 2811 1148 2835 ut
1163 2809 1306 2835 urbanam
1322 2813 1439 2833 omnem
1463 2803 1683 2832 multitudinem
1710 2803 1746 2829 ad
1776 2801 1940 2838 septimum

1115 2860 1208 2888 usque
1219 2851 1346 2887 lapidem
1359 2848 1650 2886 egressam,indeque
1660 2846 1783 2876 solemni
1800 2853 1942 2881 processu

1855 2444 1880 2460 2-
1909 2444 1936 2460 ..ὲ

1842 2455 1880 2475 εις
1909 2455 1941 2471 το
