2021 3176
181 171 240 201 403

757 172 996 208 DlSQUISlTlO
1016 173 1318 204 TUPOGRAPHICA

1843 171 1911 202 404

184 226 255 252 tores
265 225 368 259 egressi
381 224 414 252 de
427 225 537 253 civitate
552 225 668 254 libenter
681 226 787 260 degere.
806 226 905 261 Neque
920 226 1005 254 aliter
1019 228 1045 260 Α
1061 225 1134 254 tium
1151 229 1179 254 et
1194 227 1334 255 Tribunal
1351 226 1518 263 promiscue
1535 228 1567 253 ut
1591 223 1682 253 umim
1700 225 1850 261 idemque
1866 225 1906 252 ab

185 268 394 305 intelligendus
410 269 612 306 Theophanes,
630 279 678 298 an.
699 271 730 298 31
758 270 929 304 Justiniani,
956 270 1005 298 ubi

185 313 220 341 de
233 315 315 341 terrae
345 316 425 342 motu
455 314 505 350 qui
533 323 566 342 eo
593 323 669 342 anno
700 315 815 348 accidit,
842 323 900 351 quo
925 315 1006 343 urbis

186 358 262 385 muri
287 367 303 386 a
329 358 520 387 Constantino
545 362 573 387 et
598 368 614 387 ιι
633 360 795 388 Theodosio
811 360 931 394 conditi,
949 368 1006 387 non

186 403 272 430 modo
288 403 490 438 conciderunt,
506 404 556 431 sed
581 407 608 432 et
633 403 658 430 ἐν
684 403 809 441 ἐξαιρέτῳ
834 406 1007 441 (ρνεκεενείτη,

185 447 226 474 ita
255 447 315 475 haec
330 456 382 474 vox
408 448 546 476 vertenda
571 449 634 484 fuit)
658 447 813 483 ἐκκλησίαι,
838 449 881 476 καὶ
906 449 939 476 τὰ
961 448 1007 476 ἐπ-

187 491 275 518 ἑκεινα
295 493 343 518 τοῦ
371 489 520 528 Ἐϐδόμου,
546 493 622 521 zedes
646 494 674 522 S.
700 493 854 528 Samuelis,
883 494 1009 530 Dciparaa

190 536 290 564 Petalzc
315 537 411 569 dictae,
435 540 463 564 et
486 541 513 564 ε.
540 537 685 566 Vincentii
706 539 858 574 multaque
872 538 1010 567 ecclesia-

190 589 255 608 rum
271 580 375 608 altaria
389 584 417 608 et
433 582 552 614 ciboria,
569 591 586 609 a
607 585 689 618 porta
715 587 811 611 Aurea
836 584 870 610 ad
897 586 1009 619 portam

190 625 283 653 Rusii.
300 625 351 652 Hic
367 625 443 652 enim
462 634 511 661 per
527 626 699 654 Hebdomum
713 631 824 655 exserto
839 627 1013 664 intelligitur

190 669 336 697 Palatium
350 670 580 698 Hebdomianum
590 671 654 698 urbi
671 680 703 699 ac
713 671 792 700 illius
809 673 901 700 muris
913 673 1014 707 adjun-

190 716 280 747 ctum,
295 722 361 742 cum
378 715 412 742 de
429 714 521 743 ruinis
537 715 618 743 urbis
634 716 775 744 duntaxat
791 717 837 744 hic
851 719 964 753 agatur.
983 718 1013 744 ln

191 758 334 786 Chronico
350 767 405 787 ms.
421 760 457 786 ab
474 760 585 787 Adamo
601 761 637 788 ad
655 761 778 788 Leonem
803 762 967 797 Sapientem
984 762 1013 789 in

192 803 343 838 Mauricio,
356 803 485 840 Campus
501 804 668 833 Tribunalis
691 806 839 834 Hebdomo
865 807 1015 842 proximus

193 848 318 875 dicitur:
337 847 388 875 Καὶ
405 848 442 883 μὴ
459 849 539 875 τοῦτο
555 847 770 885 καταδεξαμὲνου
794 852 842 876 τοῦ
866 850 1015 884 Βασιλὲως,

196 891 331 928 θυμωθεὶς
349 892 362 918 ὁ
393 889 540 930 βάρϐαρος,
573 893 725 920 ἀπέκτανεν
756 893 883 931 χιλιάδας
906 893 967 922 δέκα
990 894 1015 922 ἐν

195 938 236 972 τῷ
260 936 366 972 Κάμπῳ
389 935 593 973 τριϐουναλίου,
628 940 667 973 τῷ
702 937 820 973 πλησίον
847 941 895 966 τοῦ
923 937 1018 967 Ἑϐδό-

204 991 266 1017 μου,
280 982 333 1009 hoc
348 985 400 1015 est,
417 983 448 1009 In
475 982 577 1017 Campo
601 984 758 1011 Tnbunalis
773 984 878 1012 Palatio
893 985 929 1012 ad
944 985 1021 1012 urbi‘

201 1034 304 1060 muros,
322 1027 455 1054 Hebdomo
470 1028 618 1063 appellato,
633 1029 770 1063 proximo.
794 1029 900 1057 Notant
915 1031 1021 1057 Menam

200 1070 236 1096 29
254 1069 335 1103 Julii,
352 1071 398 1097 SS.
415 1070 580 1105 Benjamini
597 1074 626 1099 et
649 1071 725 1099 Verii
751 1074 923 1101 memoriam
948 1074 1021 1101 cele-

200 1114 278 1142 brari
304 1112 420 1148 πλησίον
447 1116 496 1141 τοῦ
523 1114 658 1142 παλατίου
682 1118 730 1142 τοῦ
751 1113 895 1153 Ἐϐδόμου.
924 1118 1023 1154 Neque

201 1159 274 1187 forte
289 1158 367 1186 aliud
392 1162 436 1186 cst
463 1159 605 1188 Palatium
633 1161 668 1188 ab
686 1161 897 1196 Hebdomiano,
913 1163 948 1190 de
965 1171 1022 1198 quo

200 1203 326 1230 Zonaras
341 1202 371 1230 in
388 1203 578 1232 Constantino
587 1204 788 1241 Monomacho,
806 1207 937 1234 scribens
952 1207 1023 1234 Tor-

202 1247 279 1274 nicio
299 1247 399 1274 urbem
417 1251 606 1284 oppugnante
619 1258 720 1277 versus
746 1249 918 1278 Blachernns
933 1251 1024 1286 impe-

203 1294 329 1319 ratorem
345 1289 372 1318 ἓν
387 1302 439 1318 τινι
467 1291 615 1329 βασιλικῶν
647 1292 777 1329 θαλάμων
806 1291 1025 1331 προδεόλημὲνῳ

202 1337 255 1362 τῶν
272 1334 376 1369 ἄλλων,
405 1336 449 1363 καὶ
466 1336 509 1363 ἐπὶ
525 1339 563 1372 τῷ
578 1337 630 1374 πρὸ
645 1341 694 1372 τῆς
719 1337 827 1369 πόλεως
849 1337 1026 1376 ἐστραμμένῳ

204 1377 289 1416 πεδίῳ
306 1388 357 1416 pro
373 1382 525 1416 majestate
540 1383 718 1416 consedisse,
737 1385 768 1410 ut
792 1383 902 1411 videret
917 1384 1026 1417 hostes,

206 1427 234 1453 et
249 1425 286 1452 ah
301 1425 338 1453 iis
361 1425 488 1454 vicissim
516 1427 671 1454 videretur.
699 1427 750 1455 Ubi
774 1427 926 1456 observare
951 1429 1027 1464 licet,

206 1479 264 1498 non
282 1470 368 1498 modo
387 1470 463 1499 hanc
479 1470 635 1498 locutionis
650 1471 817 1507 formulam,
834 1472 902 1509 πρὸς
916 1476 966 1507 τῆς
978 1473 1028 1500 πό-

205 1514 288 1549 λεως,
305 1516 444 1543 denotare
459 1516 536 1551 quod
552 1518 598 1543 est
613 1515 641 1542 in
659 1516 740 1544 urbis
756 1521 921 1553 prospectu,
937 1518 986 1545 sed
1003 1522 1030 1546 el

205 1560 298 1589 πεδίον
317 1561 388 1589 illud
404 1561 457 1597 πρὸ
472 1564 521 1595 τῆς
539 1560 646 1592 πόλεως
663 1570 718 1590 non
735 1562 814 1590 aliud
835 1571 899 1591 esse
915 1573 932 1592 a
946 1565 1028 1592 Cam-

207 1615 244 1642 po
260 1606 402 1634 Hebdomi
427 1605 469 1633 vel
488 1606 666 1640 'l‘ribunalis,
693 1615 778 1643 quem
806 1608 841 1636 ad
872 1608 985 1641 urbem,
1001 1613 1029 1636 et

205 1652 274 1678 ante
290 1651 390 1678 urbem
407 1650 554 1678 exstitisse
570 1651 697 1687 produnt
714 1652 822 1688 passim
843 1652 1012 1688 scriptores.

244 1713 316 1740 XVI.
333 1713 433 1749 Neque
449 1721 546 1748 porro,
563 1713 640 1749 quod
662 1722 752 1749 supra
767 1714 858 1750 attigi,
886 1715 1030 1744 Palatium

207 1758 350 1786 Hebdomi
366 1760 394 1785 et
409 1757 549 1785 Tribunal
565 1766 657 1785 unum
673 1758 809 1794 idemque
823 1759 912 1794 fuere,
926 1760 950 1787 si
963 1761 1030 1788 stri-

209 1806 255 1830 cte
271 1811 317 1830 res
340 1804 484 1829 sumatur.
512 1802 586 1830 Nam
615 1802 752 1830 Tribunal
778 1806 907 1832 erectum
925 1807 987 1832 erat
1001 1805 1030 1832 in

208 1846 318 1881 Campo
334 1846 475 1873 Hebdomi
492 1847 547 1874 sub
560 1846 618 1880 dio,
637 1847 665 1874 in
679 1856 734 1882 quo
749 1848 837 1876 levari
858 1851 886 1876 et
908 1849 1031 1884 inaugu-

210 1890 266 1917 rari
284 1889 417 1917 solebant
433 1890 635 1926 imperatores,
652 1892 698 1919 cui
715 1892 888 1928 adjunctum
913 1895 975 1921 erat
990 1894 1032 1920 in-

208 1941 280 1970 gens
296 1933 452 1968 Palatium,
469 1943 524 1970 quo
541 1944 572 1964 se
586 1936 764 1972 recipiebant
789 1940 890 1965 exacta
913 1938 1033 1973 inaugu-

209 1978 330 2012 ratione,
347 1979 424 2014 quod
441 1980 581 2007 Hebdomi
599 1981 709 2016 pariter
733 1981 929 2017 appellabant,
952 1982 1030 2018 quod

207 2022 236 2050 in
254 2031 357 2060 campo
380 2023 521 2052 Hebdomi
548 2027 625 2052 esset
649 2025 836 2053 aediﬁcatum.
864 2027 894 2054 Id
911 2027 1031 2055 omnino

207 2067 335 2096 declarat
357 2068 591 2105 Theophylactus
618 2070 777 2098 Simocatta
799 2070 850 2098 lib.
876 2079 896 2103 ι,
923 2079 986 2107 cap.
1004 2072 1029 2100 l.

206 2113 278 2140 Nam
291 2113 340 2141 ubi
356 2114 480 2149 scriptor
490 2114 618 2142 Chrom’ci
627 2114 813 2142 Alexandrini
826 2115 867 2142 ait
883 2118 1031 2144 mortuum

207 2157 357 2185 Tiberium
374 2158 598 2186 Constantinum
623 2157 649 2185 ἐν
666 2159 809 2195 πρακέσσῳ
823 2161 871 2186 τοῦ
883 2157 1030 2196 Ἑϐδόμου,

207 2202 235 2229 id
253 2204 298 2230 est
313 2203 383 2230 dum
400 2203 429 2230 in
460 2203 570 2230 Palatio
598 2203 740 2231 Hebdomi
769 2207 942 2239 moraretur,
966 2208 1031 2241 post

205 2248 406 2274 renuntiatum
424 2247 451 2274 in
470 2250 637 2282 Augustum
653 2248 827 2276 Mauricium
843 2258 983 2285 generum
1001 2250 1029 2277 in

205 2291 370 2326 Tribunali,
388 2294 420 2319 ut
438 2292 546 2319 habent
563 2291 756 2329 Theophanes
772 2296 799 2321 et
813 2293 950 2327 Zonaras,
968 2293 1029 2322 haec

206 2335 257 2369 ait,
275 2335 322 2362 ubi
339 2336 373 2362 de
399 2335 623 2371 inauguratione
649 2337 799 2365 Mauricii:
826 2335 954 2372 ψοράδην
978 2338 1028 2375 γὰρ

207 2378 301 2415 ἀχθεὶς
328 2379 342 2405 ὁ
373 2377 500 2415 βασιλεὺς
530 2378 657 2417 Τιϐέριος
683 2380 726 2408 ἐπὶ
750 2382 799 2415 τὴν
824 2381 953 2419 ὕπαιθρον
973 2384 1027 2409 τῶν

208 2421 354 2458 βασιλείων
385 2423 481 2458 αὐλήν,
512 2424 573 2458 ἥτις
601 2426 758 2463 παρήνωται
787 2427 822 2461 τῇ
847 2424 1027 2453 πολοστιϐάδι

204 2468 258 2493 τῶν
275 2466 429 2504 ἀνακτόρων
445 2469 531 2505 οἰκίᾳ,
545 2470 688 2507 προανλίῳ
708 2473 859 2508 περιφανεῖ,
885 2470 928 2497 καὶ
954 2481 1028 2508 περι-

205 2508 275 2547 δόξῳ
289 2514 329 2548 τῷ
345 2513 514 2550 προσκηνίῳ,
538 2515 710 2542 Mauricium
735 2515 846 2544 scilicet
868 2516 1026 2551 imperato-

205 2565 265 2584 rem
282 2559 469 2587 renuntiavit.
485 2559 551 2591 Quae
568 2559 684 2595 quidem
701 2560 788 2588 verba
804 2560 842 2588 ita
868 2560 967 2588 Latine
983 2570 1026 2589 so-

203 2604 292 2630 nant:
310 2603 417 2638 Raptim
432 2604 566 2632 adductus
581 2604 703 2631 Tiberius
729 2605 878 2639 imperator
903 2606 932 2632 in
957 2606 1024 2632 sub-

202 2646 279 2674 (liale
293 2649 464 2682 palatiorum
483 2649 596 2681 utrium,
621 2649 715 2675 multis
732 2651 869 2677 constanti
892 2651 1025 2678 tricliniis

203 2693 369 2727 palatiorum
384 2693 439 2720 sali
459 2693 630 2728 adjunctum,
656 2693 821 2722 vestibulum
847 2695 966 2730 illustre,
983 2695 1024 2722 vi-

202 2736 370 2772 sendumque
397 2738 578 2772 prosecutum.
613 2736 650 2763 Ex
679 2737 725 2764 his
747 2739 854 2775 quippe
875 2739 1026 2775 colligitur

205 2780 318 2808 Atrium
334 2781 363 2809 in
381 2789 438 2817 quo
454 2782 633 2808 exstructum
645 2785 707 2810 erat
720 2783 870 2818 Tribunal,
889 2783 1024 2812 vestibuli

203 2823 293 2853 vicem
308 2825 468 2862 praebuisse
482 2825 626 2861 adjacenti
643 2827 772 2856 Palatio:
795 2828 922 2865 hincque
938 2828 1022 2858 Pala-

1061 270 1189 299 Himerio
1219 270 1361 299 Παλάτιον
1390 270 1421 298 τὸ
1449 267 1650 307 τριϐουνάλιον,
1680 273 1710 298 et
1725 270 1906 297 Hebdomum

1061 315 1198 351 appellari
1217 317 1253 344 ab
1283 316 1350 344 aliis
1365 315 1567 352 scriptoribus.
1585 315 1646 342 Non
1664 315 1775 342 mirum
1808 314 1907 349 igitur

1061 360 1152 387 videri
1169 361 1254 388 debet
1264 361 1287 388 si
1302 363 1459 396 utrumque
1471 359 1619 388 exstitisse
1634 358 1903 394 Constantinopoli

1064 405 1182 432 tradant
1205 414 1278 441 quos
1303 414 1392 441 supra
1418 405 1605 433 laudavimus
1634 404 1810 440 scriptores,
1829 411 1902 430 cum

1065 449 1131 477 Urbi
1150 450 1279 485 proxima
1295 450 1457 486 adjacuerit
1473 449 1501 476 in
1518 449 1719 477 Hebdomiano
1727 448 1844 483 Campo
1861 447 1898 474 ad

1065 493 1127 529 ipsa
1145 494 1253 522 mmnia
1268 494 1444 521 aedificatum
1459 503 1464 521 :
1483 493 1732 529 quemadmodum
1744 492 1900 520 suburba-

1066 547 1137 565 num
1154 539 1414 573 Sangermanense,
1431 537 1474 565 vel
1486 540 1513 564 8.
1528 536 1667 568 Marcelli.
1685 537 1714 564 in
1733 537 1798 572 ipsa
1815 536 1899 563 Pari-

1067 583 1176 610 siorum
1195 582 1265 609 urbe
1281 591 1346 610 esse
1357 582 1495 616 dicimus,
1522 581 1575 609 etsi
1592 581 1740 609 mmnibus
1756 583 1786 608 et
1801 581 1898 616 portis

1069 635 1162 662 nuper
1186 627 1222 654 ab
1237 635 1272 654 ea
1287 629 1446 662 utrumque
1471 626 1665 662 disparatum.
1691 627 1792 660 Neque
1814 625 1895 652 enim

1068 671 1262 703 Hebdomum,
1280 671 1328 698 ubi
1355 671 1522 705 inaugurari
1538 670 1673 698 solebant
1688 669 1894 705 imperatores,

1068 715 1318 752 Constantinopoli
1335 723 1399 744 esse
1416 715 1520 751 potuit,
1538 715 1616 750 quod
1635 717 1749 742 exserte
1773 714 1896 742 tradunt

1070 759 1271 795 supralaudati
1288 760 1458 796 scriptores,
1475 759 1499 787 si
1528 759 1564 787 ad
1585 759 1744 795 septimum
1769 758 1895 786 milliare

1071 804 1201 832 exstitit:
1229 804 1313 840 quasi
1333 804 1441 840 aliquis
1464 803 1542 839 quod
1565 805 1661 831 actum
1677 803 1784 838 legitur
1798 802 1897 830 Versa-

1071 849 1129 882 liis,
1145 849 1174 877 id
1196 849 1315 876 Parisiis
1341 849 1505 876 factitatum
1531 848 1680 882 scriberet,
1707 848 1786 883 quod
1811 855 1895 876 nemo

1073 902 1214 929 unquam,
1233 894 1289 921 nisi
1305 893 1453 929 stupidus,
1469 895 1499 921 et
1514 893 1613 920 minus
1629 901 1707 920 sanas
1723 891 1842 925 mentis,
1855 892 1896 920 lit-

1073 939 1143 966 teris
1159 939 1298 966 mandare
1311 938 1427 966 audeat.

1111 1002 1192 1030 XVII'
1210 1002 1363 1030 Enimvero
1378 1010 1435 1030 non
1465 1001 1586 1029 omnino
1612 1009 1663 1035 pro
1689 1002 1768 1028 certo
1799 999 1893 1027 haberi

1077 1047 1163 1075 debet
1179 1047 1255 1082 quod
1279 1046 1318 1074 ait
1340 1046 1385 1073 vir
1413 1046 1529 1080 doctus,
1556 1044 1715 1081 Προάστεια,
1746 1047 1774 1071 et
1798 1044 1890 1072 Subur-

1079 1092 1148 1120 bana
1163 1092 1220 1120 dici
1236 1092 1377 1119 duntaxat
1406 1099 1469 1126 quae
1494 1090 1626 1118 millibus
1651 1089 1765 1125 aliquot
1779 1089 1817 1116 ab
1832 1089 1892 1116 urbe

1079 1137 1200 1170 distant,
1226 1144 1350 1172 qumque
1374 1135 1523 1172 προάστεια
1553 1137 1603 1168 τῆς
1627 1133 1734 1166 πόλεως
1768 1134 1898 1162 videntur

1080 1181 1220 1216 appellari
1235 1189 1252 1208 υ.
1267 1180 1458 1215 Theophane,
1474 1188 1522 1207 an.
1538 1179 1566 1207 7.
1581 1178 1691 1207 Justini
1716 1178 1858 1211 Junioris,
1874 1181 1901 1205 et

1080 1233 1206 1261 quorum
1232 1233 1290 1261 prie
1319 1224 1431 1252 caeteris
1459 1223 1593 1252 meminit
1621 1223 1780 1251 concilium
1812 1223 1902 1251 Nicae-

1081 1278 1152 1296 nnm
1169 1278 1200 1298 ιι.
1216 1277 1280 1297 can.
1300 1270 1342 1301 18,
1359 1269 1417 1296 imo
1433 1268 1542 1304 qumvis
1559 1268 1667 1304 pl‘tﬁdlﬂ.
1689 1267 1818 1302 rustica,
1834 1269 1863 1294 ut
1880 1267 1906 1293 in

1082 1315 1148 1341 Vita
1164 1313 1261 1341 Basilii
1278 1313 1420 1347 Junioris,
1436 1322 1465 1340 n.
1483 1313 1517 1340 42
1532 1315 1561 1340 et
1578 1313 1621 1345 44,
1653 1312 1901 1348 quemadmodum

1082 1359 1158 1394 apud
1175 1360 1361 1394 Anonymum
1386 1358 1604 1390 Sirmondeum,
1629 1357 1838 1384 Constantinus
1865 1356 1902 1383 M.

1083 1405 1218 1430 mortuus
1233 1402 1342 1429 dicitur
1356 1402 1386 1430 in
1403 1402 1573 1434 suburbano
1585 1400 1906 1437 Constantinopolitano

1083 1447 1151 1474 villa
1177 1446 1302 1482 publica,
1316 1447 1402 1482 juxta
1416 1446 1626 1479 Nicomediam,
1644 1445 1750 1474 rectius
1765 1448 1860 1473 tamen
1878 1445 1907 1472 in

1086 1492 1222 1520 Chronico
1247 1491 1445 1526 Alexandrino,
1469 1489 1494 1517 ἐν
1518 1489 1670 1527 προαστείῳ
1694 1493 1744 1524 τῆς
1758 1488 1841 1524 αὐτῆς
1854 1489 1906 1516 πό-

1085 1535 1165 1571 λιως,
1179 1535 1291 1564 scilicet
1305 1535 1491 1568 Nicomediaa,
1507 1536 1578 1563 adeo
1595 1537 1626 1563 ut
1641 1534 1709 1562 inde
1722 1534 1825 1562 elicere
1838 1534 1908 1561 velit

1085 1580 1288 1608 suburbanum
1317 1580 1500 1608 Hebdomum
1526 1579 1626 1615 procul
1655 1580 1691 1607 ab
1707 1579 1778 1606 urbe
1794 1579 1906 1606 fuisse:

1085 1633 1151 1653 cum
1166 1634 1227 1661 quae
1244 1625 1306 1653 urbi
1323 1625 1421 1653 statim
1449 1624 1653 1657 obversantur,
1669 1623 1759 1652 etiam
1775 1623 1811 1651 ad
1828 1623 1909 1659 ipsos

1085 1670 1166 1697 urbis
1183 1678 1294 1703 muros,
1310 1670 1351 1697 ita
1363 1669 1510 1705 appellare
1536 1668 1630 1696 solere
1650 1668 1806 1703 scriptores
1829 1667 1910 1704 ipse-

1085 1717 1145 1742 met
1173 1723 1231 1742 non
1257 1714 1428 1742 difﬁteatur.
1456 1713 1529 1741 Nam
1557 1713 1621 1741 ideo
1652 1713 1729 1740 dicta
1750 1712 1907 1749 προάστεια,

1085 1759 1163 1794 quod
1179 1758 1231 1796 πρὸ
1251 1759 1300 1790 τῆς
1316 1756 1434 1792 πόλεως,
1458 1760 1488 1786 et
1509 1758 1538 1785 in
1564 1757 1644 1785 illius
1667 1757 1728 1785 sint
1743 1759 1909 1793 prospectu.

1086 1803 1129 1831 Ita
1143 1803 1222 1831 enim
1248 1802 1409 1840 προάστειον
1439 1803 1516 1838 apud
1541 1802 1718 1838 Hesychium
1744 1801 1908 1837 exponitur,

1085 1847 1138 1884 πρὸ
1154 1848 1202 1881 τῆς
1217 1847 1336 1881 πόλεως,
1352 1849 1381 1875 et
1395 1847 1472 1883 apud
1489 1847 1620 1883 Papiam,
1644 1846 1812 1874 viridarium
1823 1854 1911 1882 prope

1086 1902 1205 1928 murum,
1223 1893 1300 1929 apud
1316 1893 1511 1928 Hugutionem
1527 1901 1594 1921 vero
1611 1893 1684 1921 locus
1697 1896 1761 1920 ante
1774 1892 1913 1919 civitatem

1085 1938 1113 1966 id
1123 1940 1162 1966 est
1183 1938 1383 1966 suburbanum.
1408 1937 1557 1973 Quidquid
1579 1937 1668 1972 igitur
1691 1939 1773 1964 extra
1798 1936 1911 1970 urbem,

1086 1983 1128 2010 vel
1143 1982 1222 2010 illius
1237 1991 1348 2018 muros,
1364 1984 1393 2010 et
1408 1982 1437 2009 in
1455 1981 1535 2009 illius
1551 1983 1709 2017 conspectu
1733 1982 1786 2014 est,
1812 1981 1912 2008 subur-

1086 2027 1188 2055 banum
1204 2027 1322 2060 dicitur,
1340 2026 1456 2055 etiamsi
1481 2026 1630 2054 interdum
1657 2026 1693 2053 ab
1718 2033 1752 2053 ea
1777 2024 1910 2053 millibus

1085 2072 1195 2107 aliquot
1211 2072 1362 2104 remotius,
1381 2073 1413 2100 ut
1428 2073 1473 2099 est
1486 2071 1516 2098 in
1537 2070 1650 2099 Glossis
1674 2069 1910 2098 interlinearibus

1085 2117 1121 2144 ad
1138 2117 1216 2144 hunc
1233 2124 1349 2145 versum
1378 2115 1508 2152 Gregorii
1524 2115 1664 2151 Theologi
1680 2115 1709 2142 in
1727 2117 1861 2142 Dramate
1876 2114 1909 2142 de

1085 2161 1192 2189 Christi
1208 2161 1345 2197 passione
1359 2170 1366 2189 :
1384 2160 1585 2197 Ἐτυγχάνομεν
1602 2159 1715 2196 ἀγρόθεν
1733 2158 1829 2186 πυλῶν
1848 2157 1910 2191 ἔσω,

1087 2206 1135 2233 ubi
1161 2206 1322 2239 Glossator,
1351 2204 1367 2239 ἢ
1394 2204 1447 2232 ἀπὸ
1474 2203 1645 2241 προαστείου.
1663 2203 1812 2238 Ejusmodi
1842 2205 1910 2231 sunt

1085 2249 1159 2277 villa:
1172 2259 1236 2285 quae
1253 2249 1451 2277 delectationis
1476 2257 1565 2276 causa
1589 2248 1737 2281 coluntur,
1753 2247 1788 2275 de
1802 2247 1908 2283 quibus

1045 2280 1067 2312 D
1083 2280 1198 2322 exstant
1213 2294 1325 2330 aliquot
1341 2294 1561 2329 Epigrammata
1576 2293 1605 2320 in
1621 2280 1907 2329 Anthelogiadibgv,

1083 2347 1145 2374 cap.
1162 2339 1207 2372 30,
1225 2341 1252 2366 et
1266 2338 1394 2370 Tullius,
1410 2338 1583 2365 Delician
1602 2345 1684 2365 causa
1710 2339 1735 2365 et
1759 2335 1909 2372 voluptati:

1083 2383 1216 2420 quosdam
1234 2385 1261 2411 in
1277 2383 1365 2410 hortis
1379 2386 1430 2410 aut
1444 2382 1616 2410 suburbanis
1629 2383 1687 2409 suis
1715 2389 1779 2409 eum
1804 2381 1909 2409 mitella

1081 2437 1131 2455 sua
1146 2428 1278 2455 videmus.
1296 2427 1377 2455 Unde
1390 2426 1419 2454 in
1435 2427 1541 2454 horum
1559 2427 1704 2462 ejusmodi
1723 2425 1905 2454 suburbano-

1081 2482 1146 2501 rum
1165 2472 1316 2509 propylzeis
1331 2472 1451 2500 Martem
1469 2472 1607 2508 efﬁngere
1628 2472 1762 2500 solebant
1786 2472 1903 2503 veteres,

1082 2518 1237 2553 quodcum
1267 2521 1348 2546 extra
1372 2517 1490 2545 urbium
1519 2520 1618 2545 essent
1643 2516 1760 2550 mmnia,
1779 2515 1903 2544 hostium

1082 2565 1214 2598 paterent
1229 2563 1409 2595 incursibus,
1440 2570 1505 2589 cum
1537 2562 1649 2589 aedibus
1680 2559 1904 2589 intramuraneis

1081 2606 1240 2634 Minervam
1258 2607 1461 2643 appingerent,
1480 2606 1558 2642 quia,
1581 2606 1678 2641 inquit
1695 2605 1822 2633 lsuacius
1838 2604 1903 2631 Τιθο

1081 2654 1141 2679 tzes
1157 2653 1191 2679 ad
1208 2652 1435 2687 Lycophronem,
1461 2649 1486 2676 ἐν
1510 2653 1570 2680 ταῖς
1591 2649 1686 2676 πόλεσι
1703 2650 1744 2676 καὶ
1761 2651 1819 2678 ταῖς
1834 2646 1908 2718 tibi;

1081 2705 1122 2718 at:
1138 2697 1192 2718 γη-ὶκ
1211 2694 1371 2718 miliamilia-
1393 2695 1436 2718 xui
1464 2695 1631 2718 manviasnm,
1657 2695 1684 2718 ἒν
1708 2696 1768 2718 τοῖς
1783 2693 1858 2718 ἐκτὸς
1897 2710 1900 2718 Α

1081 2705 1122 2725 αις
1138 2697 1193 2733 γρή
1211 2694 1371 2732 συμϐουλῆς
1393 2695 1436 2722 καὶ
1464 2695 1631 2733 φρονήσεως,
1657 2695 1684 2721 ὲν
1708 2696 1768 2725 τοῖς
1783 2693 1858 2723 ἐκτὸς

1081 2727 1273 2776 (προαστείοίς,
1300 2743 1332 2768 ut
1350 2727 1389 2767 ica
1413 2727 1502 2776 supra
1527 2727 1700 2775 appellarat)
1716 2738 1782 2775 ὑπὲρ
1798 2727 1909 2776 “mores

1079 2775 1226 2821 ἀμύνεσθαι
1241 2785 1303 2815 τοὺς
1333 2783 1497 2820 πολεμίους.
1526 2784 1593 2815 Quae
1618 2784 1706 2819 igitur
1732 2783 1782 2811 ubi
1808 2775 1915 2821 νίοωξ]

1078 2833 1158 2864 sunt,
1172 2831 1328 2868 προάστεια,
1343 2832 1372 2858 et
1387 2837 1451 2857 esse
1466 2828 1519 2865 πρὸ
1539 2830 1588 2862 τῆς
1608 2827 1716 2858 πόλεως
1741 2820 1917 2859 ἁίουηῐ·⁰⁰⁸ἰιὶ
