2021 3176
98 188 170 219 408

789 183 842 215 DE
863 183 1055 214 HEBDOMO
1077 183 1135 214 (ΞΡ.

1758 185 1817 216 406

99 253 258 290 quomodo
281 253 451 289 accipienda
474 254 590 281 constat
611 251 701 279 verba
724 250 932 286 Theophylacti

991 248 1070 282 ὥστε,
1086 249 1129 276 καὶ
1147 249 1170 276 el
1186 249 1211 276 ἐν
1227 249 1306 276 πόλει
1322 249 1530 287 ἐστὶ,πρόσοδον
1548 248 1577 276 δὲ
1591 249 1718 286 παράχιι,
1735 248 1817 277 σουϐ-

100 298 288 333 Simocattaa,
304 298 354 325 lib.
379 306 418 331 vi,
435 306 498 333 cap.
530 305 560 330 ιι,
581 304 647 324 cum
674 297 738 324 ait:
757 294 794 325 εἰς
823 294 856 320 τὰ
884 293 936 331 πρὸ

99 343 159 377 τῆς
174 341 282 373 πόλεως
305 344 375 370 nata
402 339 540 379 παράδοξα
569 340 676 377 τὲροιτα,
691 340 719 368 id
746 342 790 368 est
812 340 840 367 in
867 347 936 375 agro

100 386 341 422 circumjacenti,
355 388 383 414 et
402 387 432 414 in
446 386 624 419 suburbanis,
642 388 673 412 ut
689 387 765 412 recte
780 383 866 411 vertit
890 383 935 410 in-

100 435 232 468 terpres.
249 431 315 459 Jam
331 439 396 459 vero
413 429 569 468 προάστεια,
586 430 651 458 urbi
669 427 935 463 Constantinopoli-

101 479 197 509 tano,
214 479 301 512 atque
316 476 387 504 adeo
403 476 476 512 ipsis
492 475 638 502 mmnibus
663 474 803 509 adjuncta
828 472 936 508 palatia

100 529 212 549 vocare
241 520 397 556 scriptores
428 520 600 556 Byzantinos
630 519 674 546 vel
707 518 774 545 inde
809 519 934 550 constat,

100 566 186 601 quod
203 566 301 601 Sycas,
318 573 369 592 seu
387 564 519 592 Galatam
535 563 621 591 unico
637 563 712 591 freto
728 563 764 590 ab
789 562 858 590 urbe
874 562 933 588 dis-

100 612 231 643 cretam,
248 610 334 645 cujus
348 609 436 637 etiam
462 609 578 636 decima
603 608 689 636 tertia
714 607 793 643 regio
813 606 932 638 exstitit,

98 663 137 682 ac
163 654 286 690 proinde
301 653 381 681 illius
397 662 464 690 pars
490 653 554 685 fuit,
571 652 613 680 ita
635 651 762 687 appellet
777 651 933 679 Chronicon

98 699 338 732 Alexandrinum,
361 707 408 726 an.
436 699 447 726 1
477 697 663 726 Justiniaui:
687 699 716 724 et
741 695 931 728 Cosmidium,

99 751 157 772 seu
175 742 333 777 Palatium,
349 743 384 770 ad
411 743 502 770 eadem
531 744 578 769 SS.
596 743 703 769 Cosme:
732 743 761 768 et
789 739 930 772 Damiani,

101 788 186 824 quod
202 787 374 823 Emporium
391 787 498 814 dicitur
512 786 636 822 Georgio
654 784 796 813 monacho
826 785 855 812 in
881 783 931 810 Mi-

101 832 208 861 chaele
231 831 383 868 Theophili
400 831 470 864 ﬁlio,
491 833 520 858 et
539 830 731 866 scriptoribus
755 828 864 856 nostris
881 828 930 855 Ca-

100 876 219 905 stellum
233 875 395 909 Boemundi,
414 878 445 903 ut
461 883 514 903 suo
528 875 592 903 loco
615 874 780 907 docuimus,
796 873 831 900 ad
848 871 932 899 littus

101 921 239 956 ejusdem
265 920 391 948 Ceratini
416 920 510 953 sinus,
533 920 670 955 ipsosque
696 926 796 945 muros
820 917 932 944 mariti-
949 935 971 967 B

103 974 183 998 mos,
200 965 320 1001 proinde
345 964 410 992 urbi
432 964 614 1000 contiguum,
629 962 789 1000 προάστειον
815 961 934 997 perinde

103 1018 122 1038 a
136 1010 279 1045 Symeone
294 1008 441 1044 logotheta
457 1008 486 1035 in
501 1008 604 1035 eodem
623 1006 763 1034 Michaele
780 1015 807 1034 n.
825 1006 858 1033 13
880 1013 933 1040 ap-

105 1054 244 1090 pelletur.
260 1053 305 1080 Sic
321 1052 409 1080 etiam
427 1052 570 1080 Palatium
588 1054 733 1087 Peganum
759 1051 794 1078 ad
820 1051 933 1085 portam

103 1099 245 1132 Auream,
274 1097 359 1133 eique
399 1096 572 1124 continuum
602 1104 619 1123 a
647 1095 788 1124 Cinname
816 1094 867 1121 lib.
902 1102 933 1127 ιι,

107 1150 138 1170 n.
160 1143 191 1169 l7
207 1141 380 1177 appellatur,
399 1149 465 1168 cum
483 1140 524 1168 ait
539 1140 715 1168 Ludovicum
731 1138 783 1166 VII
811 1139 932 1166 Franco-

107 1195 175 1214 rum
192 1194 300 1222 regem,
311 1186 436 1213 salutato
449 1184 581 1212 Manuele
598 1185 772 1220 imperatore
785 1183 815 1210 in
828 1182 933 1218 Magno

109 1230 231 1264 Palatio,
248 1229 286 1260 εἷς
302 1229 471 1266 προάστειον,
488 1229 503 1256 ὃ
520 1227 689 1255 Φιλοπάτιον
705 1227 859 1264 ὠνόμασται
874 1229 933 1257 τοῖς

107 1273 239 1307 πολλοῖς,
256 1275 447 1303 concessisse.
463 1274 563 1310 Neque
579 1274 657 1301 enim
674 1273 753 1301 aliud
774 1275 818 1300 est
840 1271 934 1299 Philo-

109 1319 224 1356 patium
240 1328 257 1347 ιι
271 1319 383 1347 Palatio
400 1319 524 1355 Pegano,
540 1318 617 1354 quod
633 1318 766 1354 pluribus
779 1317 851 1344 alias
867 1324 931 1352 pro-

109 1364 254 1398 bavimus,
270 1366 332 1391 tum
350 1363 379 1391 in
395 1363 479 1391 Notis
504 1363 540 1391 ad
561 1362 810 1394 Villharduinum,
824 1364 888 1389 tum
904 1359 932 1388 iri

110 1410 212 1435 nostra
228 1407 475 1442 Constantinopoli.
493 1407 571 1434 Idem
588 1415 654 1434 vero
665 1406 824 1433 Cinnamus
839 1414 867 1432 n.
890 1405 934 1437 14,

109 1452 183 1480 illud
200 1452 298 1487 ipsum
316 1451 458 1479 Palatium
473 1450 504 1477 τὸ
517 1449 681 1486 καταντικρὺ
695 1449 808 1486 τειχέων
827 1448 933 1485 βασιλι-

109 1496 157 1523 κὸν
187 1494 349 1531 ἐνδιαίτημα
378 1497 469 1523 vocat.
498 1497 560 1523 Non
591 1495 682 1531 igitur
707 1494 864 1522 contendat
892 1494 936 1521 vir

113 1541 218 1568 doctus
233 1540 404 1568 suburbana
418 1539 514 1567 solum
530 1538 671 1575 appellari
688 1547 751 1574 quae
766 1537 883 1573 longius
899 1539 935 1565 ab

112 1584 184 1612 urbe
199 1584 320 1618 distant,
332 1583 375 1611 vel
391 1583 498 1619 predia
514 1583 626 1611 deliciis
645 1586 674 1610 et
686 1582 828 1618 voluptati
852 1582 932 1609 addi-

992 291 1126 330 ουρϐάνον
1143 293 1260 331 λέγεται·
1279 295 1322 321 καὶ
1343 293 1392 330 ἔξω
1408 293 1436 321 δὲ
1451 294 1559 325 πόλεως
1575 294 1597 321 si
1614 291 1696 328 ἔστιν,
1712 294 1813 332 ἀπροσ-

991 336 1099 365 όδευτον
1124 336 1152 365 δέ
1177 337 1231 365 ἆστι
1245 339 1275 366 τὸ
1300 337 1414 375 οἷ’κημα,
1430 340 1497 377 πρὸς
1512 340 1604 376 τέρψιν
1636 339 1718 375 μόνον
1748 350 1812 367 κατ-

991 383 1184 419 εσκευασμένον
1215 382 1331 420 λέγεται.
1363 384 1412 412 Vel
1449 384 1517 412 inde
1544 386 1623 420 patet
1650 385 1812 413 suburbana

990 428 1068 455 intra
1082 428 1174 463 ipsam
1192 428 1293 456 urbem
1308 429 1464 461 exstitisse,
1481 429 1660 465 proindeque
1680 438 1737 457 non
1754 430 1811 457 mi-

990 481 1054 500 rum
1072 473 1095 500 si
1113 472 1263 509 quaeipsis
1285 475 1365 500 extra
1389 474 1534 501 moenibus
1563 474 1700 509 adjuncta
1728 477 1812 502 erant

989 517 1121 545 eamdem
1148 517 1399 544 nomenclatorem
1419 518 1607 546 obtinuerint.
1633 520 1728 554 Atque
1755 519 1810 547 hac

989 562 1107 597 quidem
1125 561 1251 595 notione,
1268 562 1296 589 id
1314 565 1358 589 est
1374 570 1425 597 pro
1441 562 1617 591 suburbanis
1633 564 1810 591 intramura-

989 606 1062 639 neis,
1078 605 1225 641 προάστεια
1240 606 1367 642 appellat
1391 606 1547 634 concilium
1563 607 1810 644 Constantinopo-

989 651 1113 679 litanum
1139 651 1195 678 sub
1221 651 1314 684 Mena,
1331 653 1387 678 act.
1406 659 1446 683 ιιι,
1464 650 1513 678 ubi
1539 651 1575 678 de
1600 652 1810 687 perquisitione

988 695 1136 723 Anthemii
1162 695 1190 722 in
1218 696 1287 723 urbe
1314 696 1388 723 facta
1412 692 1520 730 agitur,
1537 698 1565 722 et
1589 695 1744 731 episcopis,
1760 697 1810 732 qui

988 749 1004 768 a
1021 740 1154 768 Patribus
1170 739 1283 767 concilii
1301 740 1336 767 ad
1352 740 1405 767 hoc
1423 740 1506 767 missi
1532 741 1648 768 fuerant
1664 749 1670 768 :
1688 740 1808 779 Ἔφησαν

988 783 1016 811 δὲ
1032 784 1191 821 προάστειον
1206 783 1284 810 αὐτὸν
1311 782 1384 821 ἔχειν
1408 782 1526 818 πλησίον
1549 785 1597 811 τοῦ
1627 784 1808 822 προφητείου,

987 828 1012 856 ἐν
1042 829 1065 864 ᾦ
1093 828 1282 866 συνεχέστερον
1310 827 1446 865 εὑρίσκετο
1485 828 1583 856 ἀπιών.
1614 829 1808 865 Propheteum

988 877 1085 902 autem
1102 874 1180 901 istud
1197 874 1273 901 infra
1287 874 1316 901 S.
1335 874 1415 901 Isaiae
1439 874 1604 910 appellatur
1620 882 1626 901 :
1644 874 1704 901 Ὅτι
1730 872 1806 909 ἴσμεν

988 917 1068 945 αὐτὸν
1085 917 1185 955 ἔχοντα
1200 918 1359 955 προάστειον
1374 916 1493 952 πλησίον
1508 919 1557 944 τοῦ
1578 918 1746 955 προφητείου
1761 920 1808 945 τοῦ

987 962 1080 999 ’Δγίου
1105 961 1224 989 Ἠσαίου.
1246 964 1371 990 Rursum
1393 960 1624 1000 εΠαρεγενὸμεΘα
1649 962 1691 989 καὶ
1717 961 1744 989 ἐν
1769 964 1809 999 τῷ

987 1006 1141 1044 προαστείῳ
1167 1008 1205 1041 τῷ
1235 1004 1389 1044 διαφέροντι
1418 1008 1458 1042 τῷ
1486 1006 1559 1042 αὐτῷ
1583 1006 1676 1044 Πέτρῳ
1691 1006 1808 1042 πλησίον

989 1050 1045 1078 ὄντι
1060 1053 1109 1078 τοῦ
1125 1050 1268 1087 εὐκτηρίου
1285 1049 1362 1077 οἴκου
1377 1049 1424 1077 τοῦ
1440 1050 1517 1087 ἁγίου
1535 1050 1670 1088 μάρτυρος
1693 1050 1808 1089 Θύρσου.

990 1096 1118 1132 Denique
1136 1105 1141 1123 :
1159 1095 1284 1126 Κάκεῖθεν
1312 1094 1529 1132 παραγενόμενος
1559 1094 1583 1122 ἒν
1608 1097 1647 1131 τῷ
1677 1094 1811 1132 εὐκτηρίῳ

988 1143 1037 1169 τοῦ
1052 1141 1132 1178 ἁγίου
1161 1140 1296 1176 μάρτυρος
1312 1140 1426 1176 Θύρσου,
1443 1138 1564 1176 ἔγνωμεν
1590 1140 1626 1171 ὡς
1650 1142 1810 1178 προάστειον

989 1185 1106 1220 πλησίον
1147 1183 1277 1211 διάκειται
1316 1184 1419 1221 Πέτρου
1455 1185 1503 1211 τοῦ
1538 1194 1604 1211 ποτε
1643 1188 1692 1219 τῆς
1723 1185 1810 1212 Ἀπα-

991 1230 1063 1267 ptum
1090 1227 1258 1261 ἐπισκόπου,
1290 1231 1344 1257 etc.
1376 1229 1419 1256 Eae
1453 1237 1536 1265 porro
1573 1229 1620 1257 hic
1662 1229 1809 1258 recensita

989 1275 1115 1303 ecclesiae
1141 1275 1218 1302 intra
1244 1274 1326 1301 urbis
1354 1274 1679 1309 Constantinopolitanaa
1708 1283 1809 1303 muros

989 1319 1135 1347 ludificata!
1164 1320 1257 1352 erant,
1274 1318 1309 1345 de
1324 1318 1420 1353 iisque
1445 1320 1490 1344 sat
1514 1318 1614 1345 multis
1634 1318 1748 1354 egimus
1777 1318 1808 1346 in

990 1368 1089 1392 nostra
1105 1363 1352 1398 Fomlantinopoli,
1368 1362 1442 1390 libro
1459 1371 1496 1389 IV.
1512 1363 1611 1398 Neque
1626 1363 1703 1390 enim
1728 1365 1810 1392 extra

989 1410 1091 1437 urbem
1108 1409 1191 1436 missi
1205 1407 1342 1443 episcopi,
1360 1416 1418 1443 quo
1432 1407 1621 1435 Anthemium
1645 1410 1673 1435 et
1691 1408 1809 1437 Petrum

989 1456 1201 1490 Apameensem
1229 1452 1440 1489 perquirerent,
1458 1461 1524 1480 cum
1554 1453 1582 1479 id
1611 1461 1666 1480 non
1696 1453 1812 1488 exigant

990 1507 1127 1530 canones,
1144 1499 1193 1526 sed
1211 1498 1241 1525 in
1258 1498 1319 1525 suis
1336 1497 1464 1532 ipsorum
1482 1498 1560 1525 intra
1576 1500 1675 1524 urbem
1689 1498 1811 1532 aedibus,

991 1543 1040 1570 ubi
1057 1543 1191 1570 habitare
1206 1542 1350 1570 solebant.
1366 1542 1441 1574 Quin
1468 1542 1554 1570 etiam
1581 1542 1616 1569 de
1643 1542 1814 1577 hujusinodi

991 1586 1218 1614 intramuraneis
1255 1585 1433 1613 suburbanis
1458 1585 1667 1620 intelligendus
1697 1585 1813 1613 videtur

111 1631 169 1661 cta,
186 1618 435 1664 quemadmodum
451 1627 583 1656 Siciliam
597 1627 694 1663 populo
706 1627 932 1662 Romanojucun-

991 1631 1192 1666 Theophanes,
1221 1638 1268 1657 an.
1291 1630 1326 1656 22
1349 1629 1505 1662 Anastasii,
1531 1618 1581 1664 qui
1611 1629 1639 1656 in
1670 1629 1812 1657 seditione

111 1673 176 1700 dam
189 1672 430 1701 suburbanitatem
445 1672 536 1700 fuisse
551 1672 624 1699 dixit
637 1672 734 1699 Cicero
760 1680 787 1698 IV
811 1671 840 1698 in
866 1671 934 1698 Ver-

112 1725 171 1745 rem
186 1725 259 1753 :qua
274 1717 395 1753 quidem
411 1725 478 1745 voce
494 1725 565 1744 usus
576 1717 664 1744 etiam
679 1715 933 1750 Sidonius.lib.m,

113 1761 198 1797 epist.
212 1762 224 1788 1
239 1770 246 1789 :
263 1761 414 1789 Ecclesium
426 1762 543 1789 Arverni
557 1761 742 1796 municipioli,
758 1761 804 1788 cui
825 1767 934 1795 νηνρο-

112 1807 182 1834 situs
196 1807 251 1834 em’
265 1807 421 1834 immeritus
443 1806 555 1839 videor,
570 1808 774 1841 peropportuna
796 1805 936 1832 oblatione

113 1851 318 1886 locupletando,
333 1851 411 1887 cujus
426 1851 590 1886 possessioni
602 1850 758 1886 plurimum
779 1849 933 1883 contulisti,

114 1895 307 1923 Cuticiacensis
316 1895 418 1932 praedii
428 1895 648 1929 suburbanitate,
658 1903 714 1922 non
729 1895 822 1922 minus
835 1896 935 1922 nostra:

111 1941 284 1975 possessionts
302 1941 510 1974 fraternitatem
526 1940 580 1967 ioci
602 1939 782 1975 proximitate
805 1939 935 1973 dignatus

113 1984 209 2012 ditare.
226 1985 395 2013 Proximum
413 1985 504 2020 igitur
520 1984 588 2012 urbi
599 1987 736 2012 Arvernae
751 1983 935 2011 fuitCuticia-

113 2036 195 2056 cense
208 2028 362 2064 praedium.

146 2094 242 2122 XVIII.
259 2097 359 2131 Neque
374 2103 441 2122 vero
455 2094 587 2130 proxima
602 2095 744 2122 duntaxat
767 2093 934 2121 civitatibus

115 2139 183 2172 loca,
207 2139 250 2166 vel
281 2139 398 2175 praedia,
416 2142 466 2166 aut
495 2139 604 2174 palatia
626 2138 792 2175 προαστείων
817 2138 935 2165 nomine

114 2184 228 2218 donata,
244 2183 294 2211 sed
320 2184 407 2211 etiam
434 2184 511 2211 intra
535 2183 630 2219 ipsam
654 2183 768 2217 urbem,
783 2191 816 2210 ac
836 2183 864 2209 in
888 2191 933 2210 rc-

115 2228 285 2256 motioribus
315 2231 343 2256 et
372 2229 407 2256 ad
437 2228 518 2264 ipsos
549 2236 650 2256 muros
666 2227 808 2263 partibus,
823 2227 933 2262 qumvis

116 2273 188 2300 aedes
204 2273 319 2309 amplos
335 2273 435 2301 hortos
451 2272 592 2300 habentes
607 2272 809 2300 delectationis
829 2271 932 2307 gratia,

117 2320 146 2345 ut
168 2319 237 2344 sunt
259 2317 355 2351 hodie,
376 2326 450 2353 quas
476 2320 589 2350 vocant,
620 2318 710 2344 νιηειε
736 2316 811 2343 intra
831 2316 931 2343 urbem

117 2364 245 2395 Romam,
262 2370 324 2396 quae
349 2361 516 2397 προαστείων
540 2362 601 2389 vice
623 2363 693 2388 sunt
717 2360 906 2397 magnatibus
924 2368 930 2386 :

117 2414 179 2434 cum
195 2406 231 2433 ita
247 2406 527 2442 appellentur,quod
539 2414 637 2433 revera
649 2405 751 2441 primis
768 2404 933 2440 reipublicie

117 2458 147 2477 ac
161 2449 275 2485 imperii
292 2450 411 2478 Romani
428 2451 611 2486 temporibus
634 2450 711 2477 intra
735 2450 822 2477 urbes
845 2450 932 2476 vineta

116 2494 285 2528 colerentur,
310 2495 387 2530 quod
412 2495 540 2522 vetuisse
562 2495 757 2522 Domitianum
788 2494 930 2522 scribunt.

117 2542 194 2573 Nam,
207 2541 237 2566 ut
252 2539 294 2566 ait
308 2538 353 2566 lex
367 2539 385 2565 6
397 2539 465 2566 Cod.
475 2539 510 2566 de
521 2539 607 2574 praed.
618 2542 647 2566 et
661 2539 698 2566 al.
710 2539 782 2572 reb.,
792 2539 932 2567 I'rzcdium

116 2585 243 2611 rusticum
258 2584 300 2611 vel
313 2583 502 2610 suburbanum
516 2584 550 2610 ab
574 2583 688 2611 urbanis
716 2591 771 2611 non
801 2583 870 2616 loco,
886 2583 932 2610 sed

117 2629 241 2664 qualitate
255 2628 432 2656 discernitur.
448 2629 515 2660 Quae
533 2628 651 2655 totidem
668 2628 762 2656 verbis
786 2627 933 2655 habentur

117 2673 142 2700 in
165 2673 214 2700 lib.
232 2682 335 2701 xxxvm
360 2673 472 2700 Basilic.
500 2672 543 2699 tit.
565 2672 592 2703 9,
614 2681 677 2707 cap.
694 2674 727 2700 37
746 2681 751 2700 Ζ
769 2672 930 2708 Προάστειον

119 2717 164 2744 ἀπὸ
190 2719 238 2744 τοῦ
262 2717 406 2744 πολιτικοῦ
437 2715 587 2751 οἰκήματος
617 2716 697 2754 οὖχὸ
725 2715 898 2750 τόπος,ἀλλ⁷
913 2717 930 2751 ἡ

120 2761 224 2796 ποιότης
251 2762 373 2800 χωρίζει.
402 2762 452 2789 Ubi
477 2760 654 2789 Scholiastes
672 2770 677 2789 ξ
697 2761 736 2788 Τὸ
761 2762 930 2798 προάστειον,

120 2806 185 2845 φασὶ,
202 2807 346 2844 χωρίζεται
364 2806 415 2833 ἀπὸ
432 2807 479 2840 τῆς
496 2807 544 2832 τοῦ
568 2805 653 2832 τόπου
678 2806 784 2842 θέσεως,
799 2805 840 2832 ὅτι
865 2804 931 2841 ἐξῴ-

119 2861 198 2879 κιστιι
213 2854 262 2886 τῆς
288 2851 406 2885 πόλεως,
422 2850 484 2878 ἀλλ’
509 2850 539 2877 ix
561 2852 610 2877 τοῦ
632 2851 776 2888 προσέχειν
799 2849 930 2888 πάροδον,

990 1678 1052 1704 orta
1067 1674 1328 1710 Constantinopoli,
1346 1674 1419 1709 fugae
1433 1682 1464 1701 se
1480 1673 1571 1706 dedit,
1586 1671 1654 1700 ὥστε
1678 1670 1811 1710 κρυϐῆναι

990 1719 1016 1747 ἐν
1033 1718 1184 1756 προαστιίῳ
1213 1717 1293 1755 ἐγγὺς
1321 1716 1493 1754 Βλαχερνῶν.
1510 1718 1572 1744 Sive
1595 1718 1672 1745 enim
1697 1718 1810 1745 Subur-

991 1765 1099 1793 banum
1117 1764 1197 1792 istud
1213 1763 1290 1790 intra
1303 1764 1353 1789 aut
1368 1765 1448 1789 extra
1463 1762 1565 1789 urbem
1591 1762 1688 1796 fuerit,
1705 1761 1810 1790 saltem

991 1808 1200 1837 Blacherniauo
1216 1807 1336 1839 Palatio,
1353 1806 1431 1842 quod
1448 1806 1525 1834 intra
1548 1806 1650 1833 urbem
1680 1808 1809 1842 postmo-

990 1855 1060 1881 dum
1077 1852 1225 1880 inclusum
1243 1851 1297 1879 Iuit
1313 1850 1627 1887 Heraclioimpsrante,
1645 1851 1811 1886 proximum

990 1899 1080 1926 fuisse
1095 1897 1252 1925 dicendum
1269 1899 1322 1923 est.
1341 1897 1446 1923 Verum
1462 1896 1528 1931 quis
1543 1895 1724 1923 dissertatori
1741 1903 1810 1923 oon-

989 1943 1074 1970 cedat
1089 1944 1206 1969 Petrum
1223 1940 1349 1977 Gyllium
1376 1940 1438 1968 sola
1459 1939 1612 1976 agnovisse
1641 1940 1812 1968 suburbana

990 1996 1053 2023 qua-
1069 1987 1133 2014 urbi
1150 1987 1285 2022 contigua
1301 1988 1381 2017 sunt,
1396 1987 1424 2012 et
1440 1984 1590 2020 ignorasse
1605 1985 1645 2012 ita
1671 1984 1810 2020 appellari

990 2040 1054 2068 qua:
1069 2031 1180 2066 aliquot
1197 2030 1326 2057 millibus
1342 2031 1378 2057 ab
1395 2038 1429 2057 ea
1439 2029 1658 2064 distantzquasi
1674 2037 1739 2056 vero
1751 2029 1810 2056 sin—

989 2075 1100 2112 gularis
1115 2074 1234 2103 omnino
1249 2074 1424 2101 eruditionis
1440 2073 1586 2109 scriptori,
1602 2076 1631 2100 et
1660 2081 1747 2108 quem
1776 2080 1810 2100 eo

989 2120 1107 2148 nomine
1120 2119 1245 2147 summis
1262 2118 1399 2145 laudibus
1417 2126 1472 2144 non
1488 2117 1577 2145 semel
1591 2117 1703 2144 extollit
1724 2117 1808 2144 Jaco—

989 2166 1044 2192 bus
1060 2164 1205 2200 Cujacius.
1222 2164 1319 2198 ignota
1335 2162 1443 2190 fuerint
1465 2170 1528 2197 quae
1554 2161 1634 2197 pueri
1659 2161 1756 2188 sciunt
1778 2161 1809 2188 in

988 2209 1098 2237 scholis
1115 2218 1121 2236 :
1138 2209 1188 2236 sed
1211 2208 1235 2235 is
1259 2206 1341 2235 scivit
1357 2207 1434 2242 quod
1453 2206 1621 2242 ignoravere
1644 2205 1704 2238 alii,
1724 2204 1808 2241 προά-

988 2263 1061 2280 στεια
1075 2262 1132 2280 non
1150 2253 1234 2281 modo
1251 2252 1314 2280 urbi
1331 2251 1478 2286 continua,
1499 2259 1623 2286 quorum
1650 2259 1705 2286 pra
1730 2252 1811 2277 caste-

949 2304 972 2335 D
989 2298 1029 2326 ris
1053 2297 1188 2325 meminit
1209 2297 1338 2324 Joannes
1365 2295 1558 2327 Biclurirneis,
1586 2303 1632 2322 an.
1654 2295 1665 2322 l
1691 2294 1809 2327 Tiberii,

987 2343 1038 2371 sed
1050 2342 1137 2369 etiam
1149 2350 1212 2377 qua:
1226 2342 1253 2368 in
1266 2341 1329 2377 ipsa
1341 2341 1410 2368 urbe
1419 2343 1488 2367 sunt
1499 2339 1643 2367 interdum
1658 2338 1809 2375 appellari.

1024 2405 1092 2432 XIX.
1107 2405 1171 2432 Jam
1199 2412 1264 2431 vero
1291 2412 1356 2431 cum
1385 2403 1579 2434 Hebdomum,
1605 2410 1655 2430 seu
1682 2401 1809 2437 Campus

988 2450 1140 2482 Hebdomi,
1157 2449 1272 2485 amplus
1288 2453 1362 2476 esset
1379 2455 1456 2483 ager,
1473 2449 1506 2474 ut
1530 2447 1580 2482 qui
1606 2447 1641 2474 ab
1672 2447 1743 2474 urbe
1772 2446 1807 2473 ad

988 2495 1147 2529 septimum
1178 2502 1272 2529 usque
1301 2493 1426 2529 lapidem
1455 2492 1640 2527 pertingeret,
1666 2491 1756 2525 varia,
1777 2493 1809 2518 ut

989 2539 1126 2573 diximus,
1142 2539 1170 2565 in
1199 2547 1232 2565 eo
1261 2538 1396 2565 exstitere
1427 2536 1549 2564 aedilicia
1575 2539 1604 2563 et
1626 2536 1807 2569 suburbana,

989 2592 1052 2619 qua:
1068 2584 1096 2610 in
1116 2582 1262 2610 llebdomo
1279 2581 1402 2609 excitata
1417 2588 1481 2608 esse
1496 2580 1632 2608 dicuntur
1649 2589 1665 2608 ο.
1684 2580 1808 2616 scripto-

989 2628 1080 2660 ribus,
1098 2636 1154 2655 non
1170 2627 1298 2654 indicato
1324 2626 1382 2653 fere
1403 2633 1519 2661 semper
1542 2634 1643 2653 eorum
1670 2624 1809 2661 peculiari

988 2672 1058 2705 situ,
1076 2675 1104 2699 ct
1128 2681 1163 2698 an
1187 2671 1262 2704 urbi,
1285 2670 1327 2697 vel
1350 2679 1386 2698 an
1415 2670 1538 2706 septimo
1563 2670 1651 2706 lapidi
1679 2668 1809 2705 proxima

989 2717 1103 2744 fuerint.
1120 2716 1191 2743 Num
1209 2718 1312 2751 praeter
1324 2714 1459 2742 Tribunal
1485 2718 1513 2742 et
1533 2715 1709 2749 adiunctum
1734 2714 1807 2740 Con-

988 2761 1214 2788 stantinianeum
1242 2759 1397 2792 Palatium,
1429 2760 1463 2786 de
1492 2759 1600 2795 quibus
1628 2758 1750 2791 egimus,
1776 2757 1810 2783 ut

989 2805 1122 2832 omittam
1139 2805 1224 2832 etiam
1248 2803 1406 2832 Castellum
1422 2802 1668 2834 Theodosianum,
1685 2800 1761 2836 quod
1778 2799 1807 2826 in
1851 2808 1854 2810 '

989 2850 1138 2878 Hebdomo
1151 2849 1253 2878 statuit
1266 2848 1467 2884 Theophanes,
1477 2856 1523 2875 an.
1535 2847 1552 2872 7
1568 2846 1668 2874 Phoce:
1684 2845 1809 2881 legimus
