2021 3176
180 150 238 182 407

752 142 988 178 DlSQUlSlTlO
1009 144 1313 180 TOPOGRAPHICA

1834 143 1895 175 408

179 215 257 252 apud
274 213 519 250 Procopium,lib.
536 221 545 240 1
561 212 597 239 De
611 210 717 247 aediﬁc.
729 210 892 242 Justim’ani,
904 218 967 246 cap.
978 211 1004 245 4,
1021 211 1049 245 Α
1064 211 1224 245 tidem,sed
1238 213 1274 241 ad
1288 212 1387 242 sinum
1398 213 1564 241 Ceratinum
1582 212 1734 240 exstitisse
1749 214 1798 239 sat
1810 211 1898 247 pluri-

180 259 354 287 aadilicatam
371 258 407 286 ab
418 257 519 285 eodem
532 257 660 291 Augusto
671 257 700 282 8.
709 254 862 282 Theodotus
878 254 968 282 isdem
981 253 1007 281 ἐν

182 302 335 340 προαστείῳ
351 301 390 338 τῷ
404 300 568 336 καλουμένῳ
582 297 712 335 Ἑϐδόμῳ
731 309 738 328 ι
756 299 844 327 aliam
870 301 1009 335 praeterea

182 349 210 376 S.
227 347 349 376 Joannis
376 346 512 382 Baptistae
538 345 563 372 ἒν
586 347 626 380 τῷ
641 341 768 379 Ἑϐδόμῳ
792 342 965 379 καλουμένῳν
983 347 1010 372 et

183 393 271 421 aliam
301 391 428 427 denique
457 391 486 418 in
513 390 614 418 eodem
639 389 789 416 Hebdomo
809 388 856 416 SS.
875 388 964 416 Menas
980 389 1009 416 et

184 438 293 466 Menam
310 435 490 472 martyribus
507 434 646 462 dicatam.
663 433 744 465 Quod
760 441 829 461 vero
845 435 957 469 spectat
972 433 1009 460 ad

182 481 338 510 ecclesiam
364 481 394 508 S.
421 479 623 513 Praecursoris,
652 478 723 514 quin
751 477 800 505 illa
825 478 872 510 sit,
890 485 977 513 quam
994 485 1011 505 a

182 526 345 554 Theodosio
370 526 408 552 Μ.
434 524 607 552 aedificatam
639 523 761 550 tradunt
789 522 960 558 scriptores,
983 524 1011 550 et

183 579 273 607 quam
287 569 475 598 Justinianus
487 567 704 602 instauraverit,
716 566 851 594 dubitare
864 575 920 594 non
932 566 1009 600 licet,

183 628 247 656 quis
265 618 336 655 μονή
353 619 402 645 τοῦ
416 614 552 652 Ἑϐδόμου
574 616 681 644 dicitur
695 616 823 652 Scylitzie
840 617 869 643 et
894 615 1011 643 Zonaras

183 665 213 692 in
228 663 338 696 Alexio,
355 665 383 690 et
398 659 538 697 ’Ἑϐδομον
560 661 642 688 nude
665 661 693 688 in
718 660 782 688 Vita
804 660 939 687 Auxentii
955 660 1010 687 sub

184 708 302 736 initium
321 716 327 736 z
345 715 434 743 quam
450 707 630 734 Sozomenus
646 705 696 733 lib.
709 713 759 738 vn,
777 704 880 740 cap.2l
900 703 953 741 πρὸ
963 705 1010 730 τοῦ

183 751 297 788 εἱστιως,
315 752 393 780 idem
410 760 472 786 cap.
489 751 524 778 2-1
548 749 575 776 ἐν
591 747 718 784 Ἑϐδόμῳ
741 748 838 784 μιλίῳ,
855 749 1011 777 Chronicon

182 797 413 826 Alexandainum
429 804 475 822 an.
494 796 527 822 13
542 794 697 822 Theodosii
713 795 748 820 M.
766 793 791 820 ἐν
806 795 845 828 τῷ
870 792 1011 829 λεγομένῳ

183 838 316 876 Ἑϐδόμῳ
342 837 662 874 Κωνσταντινουπόλεως,
681 838 860 874 Nicephorus
885 838 1010 872 denique

1064 256 1119 284 bus
1135 265 1226 293 supra
1241 257 1440 293 probavimus.

1099 309 1156 338 XX.
1174 310 1332 339 Prmallatis
1357 319 1423 339 vero
1451 320 1508 339 non
1532 311 1630 339 obstat
1656 310 1744 347 quod.
1762 310 1902 338 Socrates

1064 354 1115 382 lib.
1132 363 1171 388 v1,
1189 364 1252 391 cap.
1269 356 1297 388 6,
1313 356 1343 383 S.
1365 356 1516 384 Prodromi
1540 355 1694 392 Μαρτύριον
1718 356 1836 390 septem
1861 354 1900 381 ab

1065 399 1135 427 urbe
1160 399 1336 428 milliaribus
1364 401 1503 428 dissitum
1537 400 1656 435 scribat,
1673 400 1756 428 hisce
1785 398 1900 431 verbis,

1062 443 1146 471 Ἑπτὰ
1174 442 1202 470 δὲ
1226 445 1352 480 σημείοις
1384 446 1465 472 τοῦτο
1495 444 1598 482 ἀπέχον
1627 447 1678 478 τῆς
1706 442 1832 473 πόλεως.
1863 445 1901 470 ει

1065 497 1127 524 cap.
1143 489 1172 516 11
1193 497 1198 516 :
1216 488 1327 526 ’Λπέχιι
1345 487 1374 516 δὶ
1388 491 1468 516 τοῦτο
1486 489 1552 516 ἑπτὰ
1567 491 1669 524 σημεῖα
1691 491 1743 522 τῆς
1770 487 1898 517 πόλιως.

1065 533 1129 561 Haec
1145 533 1223 561 enim
1240 533 1441 570 intelligenda,
1461 542 1520 562 non
1536 535 1572 562 de
1587 534 1728 570 martyrio
1750 533 1830 569 ipso,
1847 533 1901 560 sed

1065 578 1101 605 de
1116 578 1315 606 Hebdomiano
1333 587 1446 615 campo,
1463 579 1513 615 qui
1538 586 1636 606 revera
1660 577 1745 606 initio
1772 579 1901 613 sumpto

1065 631 1082 649 a
1097 623 1223 658 septimo
1238 622 1335 658 lapide
1349 623 1384 650 ah
1407 623 1510 651 urbem
1533 622 1707 658 pertinente,
1723 624 1843 657 septem
1860 622 1899 649 ab

1065 675 1098 694 ea
1114 666 1289 694 milliaribus
1305 667 1428 695 dissitas
1445 667 1510 695 fuit.
1528 667 1713 695 Hebdomum
1735 666 1831 702 igitur
1845 674 1900 693 vo-

1065 711 1187 738 cabatur
1202 711 1262 739 haec
1276 712 1450 747 mdes,quod
1463 711 1490 739 in
1502 711 1651 739 llebdomo
1666 710 1792 739 excitata
1805 712 1899 745 esset,

1067 756 1120 783 hoc
1135 758 1179 783 est
1193 755 1222 783 in
1238 764 1342 792 campo
1359 755 1428 784 Urbi
1444 757 1587 792 proximo,
1600 758 1634 783 ut
1656 757 1686 783 et
1709 754 1768 783 alia
1796 754 1898 783 eidem

1065 800 1119 827 aedi
1135 800 1284 835 adjuncta,
1299 801 1326 827 S.
1342 799 1447 828 Joanui
1464 799 1650 836 evangelista
1663 799 1773 832 dicata.
1790 801 1826 827 ut
1851 801 1899 827 est

1064 845 1141 880 apud
1158 845 1348 880 Codinum,in
1359 845 1519 880 Originibus
1535 843 1896 879 Comtanlinapolitmujus

183 885 296 914 Callisti
311 885 364 922 πρὸ
379 885 428 916 τῆς
443 882 646 910 Κωνσταντίνοο
664 882 690 910 ἐν
706 885 746 918 τῷ
761 882 902 920 λεγομένῳ
915 879 1005 910 Ἑϐὂόη

1064 879 1153 917 verba
1180 879 1336 917 attulimus
1365 889 1393 916 in
1412 879 1415 880 ν
1435 892 1535 917 nostra
1565 888 1804 924 Constantinopoli
1832 896 1843 918 .'
1866 890 1896 916 et

186 940 240 966 μῳ,
267 930 303 958 ab
327 930 429 957 eodem
451 928 614 957 Theodosio
638 927 792 956 excitatam
818 927 960 961 scribunt,
976 927 1006 954 in

184 974 335 1002 Hebdomo
350 973 461 1001 scilicet
473 973 550 1008 quod
565 972 630 1000 urbi
647 972 810 1008 proximum
827 974 855 999 et
870 971 898 998 in
925 971 1006 998 illius

183 1023 341 1055 conspectu
359 1018 414 1045 fuit
429 1026 436 1046 :
455 1025 533 1050 nam,
550 1020 582 1044 ut
596 1019 641 1044 est
660 1017 737 1052 apud
760 1015 915 1052 Georgium
940 1015 1005 1043 Ale-

180 1063 360 1092 xandrinum
385 1063 414 1089 in
439 1062 504 1090 Vita
529 1061 557 1089 S.
583 1061 706 1089 Joannis
733 1060 940 1096 Chrysostomi,
964 1061 1006 1088 ita

181 1108 341 1136 vocabatur
356 1107 369 1133 ὁ
391 1106 475 1136 τόπος
498 1109 547 1140 τῆς
572 1107 619 1132 τοῦ
649 1104 728 1141 ἁγίου
754 1105 879 1132 Ἰωάννου
903 1103 1003 1139 ἐκκλη-

181 1151 251 1182 σίας.
268 1152 351 1180 Hisce
368 1160 452 1187 porro
467 1151 604 1186 loquendi
622 1150 756 1178 formulis
780 1150 852 1178 satis
877 1150 1005 1186 innuqnt

179 1196 267 1224 iidem
284 1196 452 1232 scriptores.
469 1195 546 1222 hanc
561 1195 652 1222 eadem
668 1203 724 1222 non
741 1195 776 1222 ad
793 1195 949 1230 septimum
968 1194 1002 1221 ab

183 1241 254 1268 urbe
272 1240 396 1268 milliarc
419 1240 589 1267 mdiﬁcatam
616 1239 717 1267 fuisse.
742 1239 814 1272 Quid
841 1239 918 1266 enim
947 1238 1003 1266 sibi

183 1285 245 1313 vult
261 1284 350 1319 aliud,
367 1283 419 1321 πρὸ
434 1287 484 1318 τῆς
500 1283 619 1316 πόλεως,
636 1292 724 1319 quam
749 1284 778 1311 in
805 1284 886 1310 urbis
910 1283 1004 1319 ipsius

183 1329 365 1366 prospectu?
402 1329 444 1356 vel
489 1329 672 1356 chdomum
714 1327 1004 1363 Constantinopoleos

184 1381 272 1409 quam
299 1381 366 1409 pars
395 1373 582 1400 Hebdomiani
613 1373 712 1408 Campi
748 1372 811 1399 urbi
847 1372 1003 1407 proxima?

183 1422 288 1450 deinde
303 1422 424 1450 Phocam
443 1422 471 1449 in
484 1421 538 1450 hac
547 1422 607 1449 aede
615 1424 785 1449 coronatum
797 1420 1003 1456 imperatorem

183 1467 304 1494 tradunt
331 1467 502 1498 Simocatta.
530 1467 683 1494 Chronicon
712 1466 948 1501 Alexandrinum,
975 1469 1004 1494 et

181 1511 383 1547 Theophanes,
396 1511 604 1546 scilicetjuxta
617 1510 767 1543 Tribunal,
784 1510 832 1538 ubi
862 1510 1003 1538 acclama-

181 1557 229 1584 tus
245 1556 340 1584 fuerat
355 1557 513 1592 Augustus.
527 1555 666 1582 Tribunal
680 1563 746 1582 vero
760 1555 842 1583 urbis
857 1555 1003 1582 mmnibus

180 1601 346 1636 proximum
363 1601 454 1628 fuisse
469 1608 559 1635 supra
573 1600 737 1627 docuimus.
755 1599 862 1628 Verum
879 1600 948 1636 quin
965 1600 1001 1627 ad

180 1645 341 1680 septimum
351 1644 474 1673 milliare
486 1652 543 1672 non
554 1643 709 1678 exstiterit,
717 1644 785 1672 hinc
795 1646 873 1680 patet
882 1645 1002 1672 omnino

180 1690 258 1725 quod
275 1689 311 1717 ad
325 1689 410 1717 sinus
425 1688 552 1716 Ceratiui
568 1688 651 1716 littus
671 1691 818 1716 statuatur
833 1698 850 1717 a
873 1689 1001 1723 Socrate,

180 1733 230 1762 lib.
257 1743 294 1769 νι,
308 1741 372 1769 cap.
400 1734 443 1767 11,
461 1733 537 1760 unde
561 1734 671 1768 septem
702 1733 842 1761 ab.Urbe
871 1733 1003 1761 millibus

181 1778 329 1814 disparata
344 1786 407 1806 esse
423 1785 480 1805 non
501 1777 605 1813 potuit,
619 1777 767 1813 siquidem
789 1777 872 1805 littus
895 1777 1002 1805 Cerati-

182 1831 252 1851 uum
270 1822 305 1850 ad
322 1822 406 1849 sinus
423 1824 511 1857 caput
526 1821 602 1849 ultra
618 1829 709 1849 unum
726 1822 851 1850 milliare
867 1830 924 1850 non
940 1831 1004 1858 pro-

180 1866 377 1899 tenditur,ubi
391 1866 510 1902 Cydaris
525 1867 700 1903 etBarbyses
715 1866 823 1895 ﬂuvioli
838 1867 1003 1902 confluunt,

181 1918 210 1943 et
233 1915 263 1942 in
288 1915 386 1942 sinum
412 1915 579 1943 Ceratinum
606 1924 697 1949 aquas
712 1924 782 1943 suas
799 1916 944 1944 evolvunt.
963 1917 1005 1944 lta

182 1967 267 1994 porro
296 1961 429 1987 Socrates
454 1960 504 1987 ubi
533 1960 569 1987 de
583 1960 746 1996 Epiphanio
761 1960 845 1996 Cypri
869 1961 1005 1997 episeopo

181 2003 218 2030 ad
236 2003 337 2031 Urbem
353 2003 517 2040 appellente
535 2013 541 2031 :
560 2005 757 2041 Προσορμήσας
776 2004 821 2031 οὖν
846 2003 873 2032 ἐν
899 2007 938 2040 τῷ
961 2004 1005 2031 ἐπὶ

180 2047 310 2082 Ἰωάννην
335 2049 486 2085 μαρτυριῳ,
513 2048 610 2086 ἀπέχει
637 2047 665 2075 δὲ
685 2050 765 2076 τοῦτο
791 2049 858 2076 ἑπτὰ
881 2048 1006 2085 σημείοις

179 2092 228 2126 τῆς
244 2091 362 2126 πόλεως,
375 2092 422 2120 καὶ
447 2091 561 2128 ἐξελθὼν
586 2096 636 2127 τῆς
658 2093 736 2127 νεώς,
759 2096 813 2122 eto.
839 2094 927 2122 Paulo
953 2094 1005 2121 ali-

179 2139 222 2164 ter
237 2140 426 2172 Sozomenus,
443 2137 494 2165 lib.
520 2146 582 2171 vni,
609 2146 671 2174 cap.
699 2138 741 2172 14,
768 2138 818 2166 ubi
841 2139 876 2166 de
904 2139 1006 2166 eodem

179 2181 341 2218 Epiphanio
365 2181 554 2212 ςΈκπλεῦσας
581 2185 630 2216 τῆς
656 2181 776 2219 Κύπρου,
803 2181 937 2217 κατῆλθεν
967 2181 1005 2212 εἲς

179 2226 232 2263 πρὸ
253 2230 303 2261 τῆς
328 2225 438 2257 πόλιως
475 2225 646 2262 καλούμενον
673 2224 830 2263 Ἕϐδομον⁹
861 2226 1004 2263 εὐξάμενος

1062 934 1139 969 apud
1156 933 1372 970 Pachymerem,
1388 934 1439 970 qui
1467 934 1519 961 lib.
1537 942 1569 967 ιι,
1593 941 1658 969 cep.
1682 934 1730 967 21,
1746 935 1894 961 monaste-

1061 979 1149 1011 rium,
1165 979 1241 1014 quod
1270 978 1320 1012 τὴν
1343 978 1412 1005 κατά
1432 978 1479 1005 τὸν
1503 975 1642 1013 Ἕϐδομον
1668 979 1716 1004 τοῦ
1746 975 1887 1012 Θωλόγου

1063 1022 1158 1058 μονήν,
1175 1022 1251 1050 infra
1272 1022 1322 1050 lib.
1339 1030 1390 1055 vu,
1411 1030 1476 1058 cap.
1501 1021 1553 1049 ult.
1573 1022 1650 1049 nude
1668 1017 1812 1056 Ἔϐδομον
1837 1028 1886 1048 vo-

1060 1069 1115 1100 cat,
1139 1067 1188 1093 ubi
1214 1067 1248 1094 de
1273 1066 1407 1102 sepulcro
1437 1065 1535 1094 Basilii
1560 1065 1768 1101 Bulgaroctoni
1796 1065 1827 1092 in
1853 1072 1882 1092 eo

1059 1110 1164 1144 sepulti
1181 1111 1249 1145 agit,
1266 1111 1351 1146 cujus
1366 1110 1566 1147 Epitaphium,
1578 1110 1657 1145 quod
1672 1109 1890 1145 descripsimus

1059 1155 1087 1182 in
1107 1154 1188 1182 Notis
1213 1155 1248 1182 ad
1278 1155 1431 1189 Zonaram,
1448 1155 1585 1183 observat
1615 1153 1694 1182 illius
1723 1150 1831 1189 τύμϐον
1862 1152 1889 1179 ἐν

1060 1199 1134 1234 μέσῳ
1151 1201 1202 1235 γῆς
1215 1195 1351 1234 Ἑϐδόμου
1367 1199 1469 1234 fuisse,
1486 1207 1545 1235 qua
1572 1199 1728 1226 verborum
1758 1197 1890 1225 formula

1058 1243 1129 1270 salis
1147 1243 1293 1270 indicatur
1322 1244 1396 1271 hanc
1424 1244 1516 1271 aedem
1544 1242 1691 1271 exstitisse
1722 1242 1753 1270 in
1780 1250 1890 1278 campo

1059 1287 1275 1320 Hebdomi,non
1293 1297 1358 1316 vero
1375 1288 1409 1316 ad
1427 1288 1585 1324 septimum
1604 1288 1639 1315 ab
1657 1287 1732 1315 Urbe
1747 1287 1889 1314 milliare.

1057 1333 1111 1360 Sed
1128 1341 1163 1360 an
1187 1335 1215 1360 δ.
1233 1332 1383 1360 Prodromi
1399 1333 1600 1367 Hebdomiana
1628 1333 1705 1360 cades
1730 1332 1809 1360 intra
1837 1339 1889 1358 ur-

1059 1377 1123 1404 bem
1140 1377 1314 1412 posmodum
1332 1377 1447 1405 inclusa
1458 1377 1555 1411 fuerit,
1569 1377 1648 1412 quod
1672 1375 1747 1404 velle
1771 1375 1889 1404 videtur

1057 1421 1180 1457 Gyllius,
1197 1422 1317 1449 dubium
1336 1422 1405 1449 facit
1433 1430 1469 1450 ne
1494 1421 1564 1457 quid
1589 1421 1788 1452 dissimulem,
1806 1420 1887 1456 quod

1057 1465 1269 1494 Constantinus
1307 1465 1575 1502 Porphyrogenitus
1606 1465 1704 1493 tradat
1739 1465 1887 1492 Basiliam

1058 1518 1143 1538 avum
1167 1511 1258 1538 eadem
1283 1513 1310 1537 S.
1334 1509 1457 1538 Joannis
1481 1510 1630 1546 Baptistae,
1652 1509 1747 1538 eidem
1772 1509 1828 1536 aedi
1854 1510 1886 1536 S.

1058 1555 1180 1583 Joannis
1197 1555 1379 1589 evangelista
1403 1555 1431 1582 in
1455 1554 1604 1582 Hebdomo
1632 1554 1808 1590 proximam,
1825 1555 1853 1582 et
1869 1562 1888 1581 a

1061 1599 1168 1627 Basilio
1184 1600 1391 1633 instauratam,
1407 1601 1490 1627 extra
1503 1599 1610 1627 Urbem
1627 1600 1749 1632 statuat,
1765 1606 1831 1634 cap.
1849 1598 1887 1626 63

1056 1645 1128 1672 edit.
1144 1644 1298 1672 Allatianes
1315 1653 1321 1672 :
1337 1644 1378 1672 ita
1393 1645 1426 1671 ut
1440 1644 1556 1672 aedesS.
1579 1643 1779 1677 Praecursoris,
1792 1652 1884 1679 quam

1057 1697 1111 1716 sua
1125 1690 1208 1716 astate
1222 1688 1350 1716 dirutam
1367 1687 1458 1716 fuisse
1473 1697 1490 1715 a
1505 1688 1610 1716 Turcis
1639 1687 1742 1722 scribit
1757 1687 1884 1724 Gyllius,

1057 1732 1107 1760 illa
1123 1734 1195 1761 forte
1212 1733 1309 1766 fuerit,
1326 1741 1390 1769 quas
1405 1734 1489 1760 vetus
1505 1732 1667 1767 dicebatur,
1677 1734 1707 1760 et
1723 1732 1805 1760 urbis
1817 1741 1882 1760 mu-

1057 1777 1098 1805 ris
1113 1778 1300 1805 incumbebat
1314 1786 1331 1805 a
1346 1777 1536 1806 Constantino
1556 1779 1591 1805 M.
1611 1777 1762 1812 adiﬁcata,
1780 1779 1812 1804 ut
1836 1779 1883 1805 est

1057 1822 1087 1849 in
1104 1821 1230 1858 Πατρίοις
1252 1824 1307 1849 Kl].
1326 1831 1342 1849 a
1358 1821 1447 1849 nobis
1462 1821 1601 1849 laudatis.

1095 1875 1166 1903 XXI.
1184 1875 1281 1904 Mirari
1298 1883 1384 1911 porro
1399 1875 1454 1903 hoc
1479 1875 1541 1903 loco
1565 1875 1657 1908 subit,
1674 1877 1734 1903 tam
1762 1875 1888 1903 fidenter

1060 1921 1208 1948 afﬁrmare
1230 1920 1323 1948 virum
1340 1920 1499 1954 eruditum,
1517 1920 1663 1948 neminem
1688 1922 1818 1948 veterum
1831 1919 1887 1954 (iu-

1059 1965 1241 2000 dulgendum
1272 1967 1369 1992 tamen
1399 1964 1476 2000 quod
1506 1964 1661 1998 addiderit,
1681 1971 1746 1999 quo:
1776 1963 1886 1998 legerit)

1061 2010 1190 2037 ecclesia:
1206 2011 1233 2036 Β.
1251 2008 1375 2037 Joannis
1393 2008 1541 2036 Prodromi
1556 2008 1659 2036 Christi
1682 2008 1760 2036 intra
1785 2016 1886 2036 muros

1062 2054 1143 2082 urbis
1159 2052 1448 2089 Constantinopoleos
1464 2052 1554 2080 ullam
1571 2053 1675 2082 fecisse
1691 2052 1885 2081 mentionem:

1061 2107 1126 2127 cum
1144 2101 1249 2134 printer
1264 2097 1485 2126 celeberrimum
1508 2097 1581 2126 illud
1604 2097 1759 2125 Studiense
1780 2105 1886 2125 mona-

1061 2143 1182 2172 sterium
1202 2142 1312 2170 nemini
1328 2150 1385 2170 non
1402 2144 1517 2176 notum,
1530 2143 1564 2170 ad
1581 2142 1736 2171 duodecim
1752 2142 1849 2170 eidem
1857 2144 1886 2170 8.

1061 2187 1235 2216 ΡΓζΕΟυΓδΟΓί
1243 2187 1321 2214 intra
1330 2187 1430 2214 urbem
1443 2186 1573 2214 dicataru
1580 2195 1606 2214 m
1618 2187 1724 2214 aedium
1732 2186 1886 2214 historiam

1060 2233 1090 2260 in
1107 2235 1205 2260 nostra
1221 2232 1456 2267 Constantinopoli
1472 2231 1730 2267 perstrinxerimus
1749 2239 1755 2258 :
1773 2231 1884 2267 quibus

179 2269 208 2298 8‘s
225 2270 250 2298 ἰν
265 2273 299 2308 τῇ
316 2269 409 2298 ἐνθάδε
423 2270 566 2305 ἐκκλησίᾳ,
582 2272 646 2305 ἧκεν
666 2271 703 2303 εἷς
726 2272 775 2305 τὴν
800 2271 890 2299 πόλιν.
908 2273 1005 2308 Appu-

1062 2278 1133 2305 duas
1148 2277 1268 2312 insuper
1283 2276 1356 2303 alias
1373 2276 1479 2303 addere
1493 2276 1571 2310 licet,
1593 2276 1621 2304 iu
1638 2284 1712 2312 quas
1727 2284 1784 2303 non
1811 2276 1883 2303 inci-

179 2316 253 2344 lerat
269 2316 380 2344 scilicet
406 2316 589 2351 Epiphanius
602 2317 637 2344 ad
654 2319 769 2352 portum
786 2317 937 2350 llebdomi,
955 2325 1005 2351 per

179 2360 277 2387 sinum
294 2359 475 2390 Ceratinum,
492 2359 628 2395 indeque,
639 2369 705 2388 cum
719 2361 748 2388 in
765 2362 825 2389 aede
839 2363 867 2389 S.
883 2361 1005 2389 Joannis

179 2403 318 2439 Baptistae
333 2406 459 2438 orasset,
477 2404 505 2430 in
530 2405 632 2432 urbem
662 2406 823 2440 proximam
846 2406 932 2440 venit,
946 2413 1004 2432 non

178 2447 305 2483 navigio,
332 2448 382 2475 sed
416 2448 519 2476 itinere
546 2450 688 2477 terrestri.
714 2450 814 2486 Neque
842 2451 939 2476 tamen
969 2449 1005 2476 ad

177 2492 275 2528 ipsum
284 2492 375 2521 maris
383 2493 465 2521 sinus
471 2493 598 2521 Ceratini
607 2494 700 2529 littus,
707 2503 809 2522 versus
818 2494 898 2521 illius
907 2496 1005 2529 caput,

177 2542 289 2570 exstitit
317 2543 393 2570 aedes
419 2545 446 2570 S.
469 2543 592 2571 Joannis
619 2544 766 2579 Baptistae,
784 2543 834 2570 sed
857 2542 887 2569 in
912 2543 1004 2570 conti-

178 2587 271 2620 nenti,
288 2587 355 2616 licet
371 2588 464 2616 eidem
484 2589 555 2616 forte
583 2588 689 2615 vicina.
706 2587 787 2620 Quod
811 2587 948 2622 colligere
963 2589 1008 2616 est

178 2640 212 2660 ex
233 2633 334 2660 eodem
361 2632 511 2669 Procopio,
528 2632 578 2659 lib.
598 2641 616 2666 ι,
634 2640 700 2666 cap.
720 2632 746 2663 8,
764 2631 813 2658 ubi
838 2630 887 2657 οὐκ
912 2630 1005 2662 ἐπιθα-

182 2675 292 2704 λάσσιον
310 2677 340 2703 τὸ
354 2679 404 2704 τοῦ
420 2677 571 2705 Bonus-105
592 2675 619 2702 ἐν
640 2677 679 2710 τῷ
694 2672 819 2711 Ἑϐδόμῳ
843 2674 1006 2712 καλουμένῳ

183 2722 354 2757 Martyrium
372 2722 462 2749 fuisse
479 2721 586 2747 diserte
614 2720 665 2753 ait,
683 2723 783 2748 contra
812 2729 900 2756 quam
930 2721 1007 2748 aedes

155 2783 158 2785 μ
183 2766 212 2792 S.
231 2765 381 2794 Michaelis
396 2766 423 2792 in
440 2764 561 2799 Anaplo,
580 2771 642 2799 qua:
658 2764 752 2792 eidem
769 2766 862 2801 quoad
879 2767 1006 2793 structu-

186 2817 247 2836 ram
265 2810 370 2838 similis
387 2809 643 2837 ruit.llebdomum
654 2817 738 2845 porro
753 2819 810 2838 non
827 2811 862 2838 ad
879 2810 1006 2846 Propon-

1059 2322 1207 2354 deramus,
1239 2321 1310 2348 dum
1340 2320 1389 2347 illa
1417 2320 1536 2356 prodiit,
1565 2328 1691 2356 quarum
1721 2319 1813 2348 altera
1841 2323 1887 2348 est

1059 2366 1086 2392 S.
1102 2364 1224 2392 Joannis
1243 2363 1378 2399 Baptista:
1394 2362 1420 2390 ἐν
1436 2365 1476 2398 τῷ
1491 2362 1633 2401 Λοφαδιῳ,
1650 2365 1734 2400 cujus
1750 2363 1887 2391 meminit

1059 2410 1153 2437 Codex
1167 2411 1314 2436 Caesareus
1338 2409 1414 2444 apud
1443 2408 1559 2436 Petrum
1583 2408 1783 2443 Lambecium,
1799 2407 1852 2436 lib.
1870 2416 1886 2435 v

1060 2454 1254 2481 Ccmmentar.
1279 2452 1314 2480 de
1344 2452 1418 2480 Bibl.
1451 2453 1557 2481 Caesar.
1588 2461 1654 2489 pag.
1683 2454 1719 2480 79
1743 2452 1830 2481 εἘπὶ
1857 2450 1887 2479 δὲ

1060 2498 1171 2534 ἡμερῶν
1199 2498 1246 2523 τοῦ
1281 2496 1434 2534 ἁγιωτάτου
1466 2497 1636 2535 πατριάρχου
1668 2498 1886 2526 Koma-cavumqu-

1061 2540 1169 2573 πόλεως
1207 2540 1342 2568 Νικολάου
1384 2540 1432 2568 τοῦ
1473 2540 1666 2579 Κυρδυνιάτου,
1695 2543 1743 2569 τοῦ
1778 2541 1807 2568 ἐκ
1835 2544 1886 2575 τῆς

1061 2585 1209 2622 (rabucula:
1251 2589 1337 2622 μονῆς
1376 2587 1424 2613 τοῦ
1455 2586 1548 2623 τιμίου
1586 2585 1751 2624 Προδρόμου
1784 2588 1834 2613 τοῦ
1860 2585 1887 2613 ἐν

1062 2629 1353 2665 Κωνσταντινουπόλιι,
1381 2629 1579 2669 ἰπιλεγομὲνης
1608 2633 1656 2658 τοῦ
1687 2629 1791 2669 Λοφάδ,
1815 2634 1887 2665 etc.,

1061 2677 1111 2712 qui
1131 2676 1249 2712 quidem
1266 2675 1402 2704 Nicolaus
1417 2677 1584 2712 patriarcha
1610 2685 1666 2704 non
1695 2676 1770 2703 alius
1785 2678 1831 2704 est
1846 2676 1884 2703 ab

1061 2729 1095 2749 eo
1109 2721 1157 2757 qui
1173 2721 1271 2748 Alexio
1286 2723 1445 2748 Commeno
1461 2721 1623 2757 imperante
1643 2721 1722 2753 vixit,
1741 2723 1772 2748 ut
1799 2720 1885 2748 doce-

1061 2774 1128 2793 mur
1144 2774 1178 2793 ex
1192 2765 1326 2799 Catalogo
1342 2765 1419 2792 Patr.
1437 2765 1686 2801 Constantinopol.
1699 2764 1885 2800 descriptoiu

1061 2810 1131 2839 Jure
1157 2811 1318 2839 Graecorum
1335 2819 1341 2837 :
1360 2808 1494 2840 Νικόλᾶος
1515 2809 1638 2846 μοναχὸς
1663 2809 1676 2836 ὁ
1691 2807 1883 2846 γραμματικὸς
