2021 3176
123 173 187 205 409

813 174 864 204 DE
884 173 1075 213 ΗΕΒΡοΜο
1097 173 1154 204 CP.

1769 172 1830 202 410

127 241 143 268 ὁ
160 240 186 267 ἐν
202 238 331 279 Ampsile
348 238 556 277 θεοπρόϐλητος
570 240 713 278 ἀρχιερεὺς
738 239 782 268 ἐπὶ
808 242 857 267 τοῦ
872 239 947 267 αὐτοῐ

1010 240 1253 273 Tullium,eadem
1265 242 1355 270 ferme
1372 241 1408 269 de
1422 249 1511 269 causa
1525 241 1561 268 sb
1578 240 1614 268 iis
1626 238 1830 267 insimulatum

125 286 215 324 κυροῦ
229 284 367 320 Ἀλεξίου,
383 288 438 314 etc.
469 285 575 321 Aliam,
601 294 664 322 quas
689 285 817 314 Danielis
846 293 952 314 nomen

126 330 268 366 prmtulit,
283 330 374 358 aedem
389 332 417 357 8.
441 331 588 358 Prodromi
604 331 640 359 ad
655 331 682 357 S.
700 331 826 358 Mocium
843 338 953 358 memo-

126 378 173 402 rat
191 375 314 411 scriptor
330 375 459 403 ineditus
473 375 544 402 Vitae
559 378 586 402 S.
604 375 740 403 Marciani
766 375 919 409 teconomi,
935 383 952 402 a

129 427 190 455 quo
207 421 385 446 exstructam
406 419 525 446 scribit:
555 419 590 446 Τὸ
621 419 668 455 μὶν
699 418 744 446 οὖν
768 419 840 456 ἱερὸν
870 418 952 446 αὐτοῦ

129 462 260 499 λείψανον
276 465 315 497 (S.
334 463 448 499 lsidori)
464 464 480 497 ὴ
497 465 545 500 poi}
561 464 713 491 Βαπτιστοῦ
728 463 854 490 Ἰωάννου
869 463 951 497 μονὴ,

126 507 190 542 ἥτις
207 505 258 544 ἄρα
272 506 316 534 καὶ
331 509 378 534 τοῦ
402 507 505 542 Δανιὴλ
527 506 646 545 λέγεται,
672 506 791 545 δέχεται,
811 507 888 546 ἰγγὺς
904 507 952 544 μὲν

127 552 204 579 θείου
232 553 296 579 ναοῦ
320 550 449 588 λαμπροῦ
475 552 610 590 μάρτυρος
641 552 754 582 Μωκίου
783 551 951 588 διακιιμὲνη,

127 593 207 634 ἔργον
222 595 267 623 καὶ
297 596 364 631 αὐτή
393 595 459 624 οὖσα
484 599 534 629 τῆς
559 596 660 625 ἐκείνου
684 597 789 635 χειρὸς,
809 597 826 632 ἢ
844 596 950 634 μᾶλλον

126 643 179 674 τῆς
206 640 379 678 προθέσεως,
419 639 480 668 ἔνθα
507 640 540 676 δὴ
569 642 613 669 καὶ
643 642 681 673 εἴς
710 641 788 680 δεῦρο
816 641 951 679 λαμπρῶς

127 684 211 712 αὐτοῦ
226 685 270 712 καὶ
287 686 421 724 φιΛοθέως
445 687 462 720 ἡ
494 687 590 723 μνήμη
619 685 747 714 τελεῖται.
780 690 874 722 Atque
891 686 952 714 haec

128 729 249 765 quidem
280 738 330 765 per
358 730 491 768 πάρεργον
522 731 570 758 hic
589 731 812 767 descripsimus,
829 733 862 758 ut
877 731 951 759 binae

128 773 193 802 istos
208 774 235 801 S.
254 775 443 803 Prascursoris
456 776 532 803 aedes
548 775 660 804 castoris
676 784 693 804 a
718 776 802 804 nobis
823 784 950 803 comme-

128 818 251 846 moratis
265 819 519 856 adjungantur.Ex
533 820 680 856 praedictis
696 820 784 855 igitur
795 820 856 848 huic
869 828 951 848 sum-

129 863 232 890 matim
253 863 389 900 colligere
416 864 506 892 libeat
533 865 675 893 Hebdomi
703 873 802 893 vocem
831 865 909 893 varie
935 873 952 892 a

129 907 322 943 scriptoribus
337 909 503 945 Byzantinis
520 909 613 937 efferri
627 918 633 937 :
651 918 701 945 pro
717 909 780 937 loco
795 909 907 937 scilicet
922 909 952 958 in
968 926 992 958 B

130 959 190 987 quo
206 952 288 980 stetit
302 953 447 988 septimus
462 953 548 988 lapis,
565 954 613 982 ubi
629 954 752 982 aedificia
781 962 905 990 quorum
932 954 953 981 ii

132 996 322 1024 meminerint
337 999 455 1025 stetisse
470 997 598 1032 nulla,ut
612 998 748 1034 superius
757 998 954 1034 dixi,prorsus

133 1042 265 1067 constat:
295 1041 400 1069 deinde
433 1050 485 1077 pro
514 1041 667 1078 interjecto
694 1042 771 1070 inter
794 1043 952 1078 septimum

131 1083 222 1112 istum
239 1084 366 1121 lapidem
381 1088 409 1114 et
426 1087 528 1115 urbem
543 1087 906 1123 Constantinopolitanam,
922 1087 951 1114 in

131 1136 190 1164 quo
205 1137 238 1157 ea
248 1130 346 1157 omnia
357 1139 420 1167 quae
432 1131 468 1159 ab
478 1131 516 1159 iis
525 1131 554 1159 in
567 1131 716 1160 Hebdomo
727 1140 791 1160 esse
802 1132 952 1166 dicuntur,

129 1173 446 1210 exstitere,cujusmodi
459 1176 538 1204 fuere
545 1176 845 1210 Tribunal,Pslatium
857 1176 950 1204 eidem

129 1218 313 1253 adjunctum,
331 1228 364 1247 ac
379 1220 505 1248 subinde
517 1221 594 1248 intra
605 1221 707 1248 urbem
724 1221 883 1255 inclusum,
900 1222 950 1250 sed

129 1264 157 1289 et
172 1262 248 1290 aedes
260 1265 288 1291 Β.
304 1263 426 1292 Joannis
443 1265 579 1301 Baptista;
595 1267 623 1293 et
645 1266 768 1294 Joannis
791 1266 950 1302 evangelis-

129 1308 176 1340 tis,
193 1315 257 1342 quis
270 1308 388 1343 quidem
402 1309 524 1337 nidiﬁcia
539 1310 638 1337 omnia
653 1310 793 1338 Hebdomi
821 1311 950 1347 appella-

129 1350 208 1378 tione
224 1353 390 1388 promiscue
406 1354 553 1382 donantur
571 1363 587 1382 a
613 1355 816 1391 scriptoribus.
846 1355 949 1384 Utrum

129 1403 197 1423 vero
210 1396 282 1424 satis
297 1405 442 1434 superque
470 1398 527 1426 ista
551 1399 781 1434 probaverimus,
802 1400 950 1436 judicium

130 1439 225 1467 ferent
240 1442 346 1468 eruditi
361 1441 494 1470 lectores.

170 1502 255 1529 XXII.
284 1503 426 1532 (laterum
454 1505 564 1540 gratias
588 1514 639 1541 per
665 1515 712 1534 me
736 1506 802 1535 licet
824 1508 951 1536 referant

131 1554 219 1581 quam
235 1547 377 1576 maximas
392 1548 453 1576 viro
468 1549 638 1579 doctissimo
659 1552 800 1586 quotquot
813 1554 883 1579 sunt
907 1551 951 1580 lit-

129 1589 225 1624 terati,
254 1592 330 1626 quod
357 1593 468 1628 primu:
491 1593 640 1628 diligenter
666 1595 830 1631 cxplicucrit
865 1597 950 1625 situm

129 1634 267 1664 Hebdomi
280 1644 344 1664 cum
358 1641 474 1672 quatuor
497 1639 555 1666 suis
577 1639 714 1674 partibus,
744 1640 857 1677 Canum,
883 1643 949 1669 Tri-

130 1678 236 1712 bunali,
253 1681 313 1708 inde
326 1681 354 1709 S.
379 1682 493 1710 Joannis
513 1684 654 1719 Baptistae,
678 1687 706 1712 et
722 1685 831 1714 Palatio
846 1685 950 1714 Secun-

128 1722 289 1758 dianarum,
315 1725 418 1762 Gyllio,
445 1727 598 1764 nobisque,
624 1728 648 1756 si
674 1729 729 1758 diis
749 1729 853 1765 placet,
871 1731 950 1759 inco-

128 1767 217 1802 gnitis
230 1776 236 1796 :
254 1770 337 1805 quasi
355 1779 412 1798 non
428 1771 486 1799 alia
500 1774 529 1800 et
542 1772 627 1808 longe
641 1773 726 1809 plura
741 1774 906 1803 exstiterint
919 1775 949 1804 in

128 1812 278 1842 Hebdomo
300 1815 433 1849 aedilicia,
457 1817 623 1852 cujusmodi
649 1821 720 1846 sunt
739 1819 775 1846 de
798 1820 948 1855 quibusin

128 1864 256 1892 praesens
271 1859 396 1894 agimus,
414 1868 477 1896 qua;
492 1863 588 1896 partes
605 1863 677 1890 istas
692 1863 888 1900 multiplicare
903 1865 949 1892 de-

128 1900 253 1936 buerint,
279 1903 425 1938 siquidem
451 1904 492 1932 ita
520 1906 659 1941 appellari
689 1907 824 1935 debeant.
840 1908 947 1937 Verum

128 1953 194 1974 cum
210 1946 288 1975 bona
313 1948 392 1976 illius
416 1949 499 1977 venia
519 1950 614 1978 dicere
629 1950 726 1985 liceat,
742 1952 815 1980 nihil
831 1962 848 1980 a
863 1953 948 1981 nobis

127 1989 156 2017 in
172 1999 206 2019 ea
219 1999 307 2027 quam
324 1992 351 2020 in
369 1993 397 2021 id
414 1997 621 2030 argumentum
638 1997 786 2024 contexuit
808 1997 948 2026 Disserta-

125 2034 204 2063 tione
219 2036 444 2073 deprehensum,
461 2039 538 2075 quod
554 2048 612 2067 non
628 2040 731 2068 viderit
746 2041 867 2078 Gyllius,
884 2042 947 2070 nul-

126 2078 228 2116 losque
239 2082 274 2109 ab
285 2090 318 2109 eo
329 2082 492 2118 descriptos
503 2085 656 2112 auctorum
669 2084 747 2113 locos
760 2094 834 2122 quos
845 2087 900 2122 ipsi
916 2087 946 2114 in

124 2125 364 2161 Constantinopoli
397 2127 558 2157 Christiana
587 2137 645 2156 non
678 2129 944 2166 descripserimus,

125 2171 227 2205 praeter
240 2170 367 2198 triviales
381 2171 454 2199 forte
468 2171 579 2209 aliqdot
593 2181 609 2201 e
623 2173 753 2202 Miscella
768 2174 945 2210 petitos,non

124 2214 258 2242 consulto
283 2215 326 2242 vel
342 2215 415 2244 lecto
430 2216 617 2253 Theophane,
647 2218 732 2254 cujns
749 2218 828 2247 illius
844 2222 946 2248 auctor

125 2258 312 2294 interpretem
329 2260 396 2296 egit.
415 2262 483 2294 Quae
499 2262 616 2297 quidem
636 2271 693 2290 non
708 2272 741 2291 eo
757 2263 822 2291 dico
834 2264 932 2292 animo

1009 285 1081 312 adeo
1096 287 1128 312 ut
1143 293 1178 312 ne
1195 285 1272 314 locos
1287 286 1575 322 quidemauctorum
1592 283 1682 312 semel
1698 292 1715 311 ιι
1725 291 1755 310 se
1766 282 1828 310 lau-

1008 329 1093 357 datos
1110 330 1145 357 ab
1163 330 1226 357 aliis
1243 339 1361 358 rursum
1388 330 1501 358 laudari
1527 329 1687 366 patiantur,
1704 328 1781 363 jure,
1797 329 1829 355 ut

1007 373 1091 401 aiunt
1108 375 1227 410 practici
1243 376 1347 409 nostri,
1364 374 1670 411 praeventionis.Quasi
1684 381 1751 400 vero
1768 372 1829 408 phi-

1007 417 1094 454 lologi
1113 419 1243 454 partibus
1267 419 1345 455 fungi
1371 420 1462 448 cuivis
1489 428 1545 447 non
1562 419 1657 452 liceat,
1677 417 1728 453 qui
1745 417 1780 449 si,
1797 419 1829 444 ul:

980 470 986 475 δ
1007 462 1102 490 verbis
1133 466 1198 490 utar
1225 463 1382 497 Plutarchi,
1410 463 1434 491 ἐν
1459 462 1599 500 ἀλλοτρίῳ
1620 463 1707 500 χώρῳ
1735 461 1828 489 multo

1009 507 1113 543 magis,
1130 508 1160 535 in
1176 516 1209 535 eo
1225 508 1274 544 qui
1291 509 1428 536 omnibus
1450 510 1540 544 patet,
1567 507 1759 543 omniumque
1782 508 1828 534 est

1008 551 1231 588 disciplinarum
1259 561 1372 589 campo,
1402 551 1472 580 πόδα
1498 553 1629 586 τίθεσθαι,
1660 551 1740 579 nullo
1760 551 1828 586 jure

1008 596 1265 632 prohibetur.Qnin
1282 597 1370 625 etiam
1387 605 1444 625 non
1455 598 1563 625 desunt
1575 597 1623 632 qui
1640 597 1675 624 ab
1690 604 1724 623 ea
1738 603 1827 631 quam

1007 640 1037 668 in
1054 641 1094 668 rei
1111 641 1268 675 litterariae,
1299 644 1331 669 ut
1357 642 1419 669 ﬁeri
1443 641 1527 674 solet,
1550 641 1647 669 dubiis
1664 648 1696 668 ac
1712 642 1825 668 contro-

1007 686 1099 714 versis
1114 686 1260 722 protulere
1276 687 1430 721 sententia,
1446 686 1547 714 decedi
1563 685 1711 722 piaculum
1728 684 1825 712 existi-

1008 732 1101 764 mant,
1129 739 1196 759 cum
1226 732 1254 759 in
1280 739 1380 759 eorum
1405 732 1492 759 verba
1511 731 1663 766 juraturos
1684 729 1828 765 quotquot

1006 774 1157 810 scriptioni
1173 775 1310 811 deinceps
1325 775 1470 803 calamum
1487 772 1703 810 apponent,sibi
1718 772 1748 800 in
1765 771 1827 799 ani-

1007 826 1089 846 mum
1103 819 1291 854 inducant,ac
1307 822 1455 848 suammet
1470 820 1499 846 in
1514 819 1619 847 iisdem
1628 818 1828 852 conjecturam

1006 863 1050 891 vel
1066 863 1233 899 opinionem
1249 863 1437 900 expromendi
1453 863 1620 892 facultatem
1636 870 1753 890 omnem
1769 860 1830 889 sint

1007 907 1172 944 adempturi
1186 916 1192 935 :
1207 908 1291 944 quasi
1306 908 1432 944 denique
1447 909 1503 944 ipsi
1518 916 1615 936 errare
1623 915 1654 935 se
1669 915 1726 934 non
1742 913 1828 942 posse

1008 954 1121 988 putent,
1138 953 1206 981 licet
1221 953 1250 980 id
1263 961 1358 988 neque
1373 953 1510 989 cuiquam
1521 960 1651 988 unquam
1663 950 1827 986 contigerit,

1008 999 1037 1024 et
1051 997 1148 1032 majus
1164 997 1202 1025 sit
1217 1005 1306 1033 quam
1322 1001 1354 1026 ut
1366 997 1520 1026 convenire
1535 997 1563 1024 in
1578 997 1739 1024 humanam
1767 995 1828 1023 fra-

1007 1040 1151 1076 gilitatem
1165 1044 1263 1077 queat.

1042 1093 1139 1122 XXIII.
1158 1095 1252 1131 Longe
1266 1103 1333 1123 vero
1349 1095 1447 1124 sanior
1460 1095 1538 1131 viget
1552 1095 1629 1131 apud
1652 1093 1738 1130 paulo
1753 1092 1827 1129 poli-

1006 1138 1095 1166 tiores
1110 1139 1186 1167 inter
1206 1140 1337 1168 eruditos
1361 1140 1508 1169 scribendi
1533 1140 1616 1173 ratio,
1637 1139 1731 1175 quiin
1748 1137 1828 1166 litte-

1006 1183 1092 1212 rariis
1107 1185 1321 1219 controversiis,
1349 1185 1373 1213 si
1403 1185 1560 1213 dissentire
1585 1183 1745 1220 contingat,
1768 1191 1826 1210 non

1006 1228 1069 1256 dico
1083 1229 1147 1257 sine
1161 1230 1340 1258 contumelia
1355 1231 1432 1266 (cum
1449 1230 1477 1257 id
1493 1238 1593 1258 eorum
1609 1229 1647 1256 sit
1670 1229 1824 1260 duntaxat,

1006 1281 1079 1308 quos
1093 1273 1309 1312 ἀγροιχοσόφους
1323 1277 1405 1303 vocat
1421 1275 1500 1302 Philo
1523 1274 1618 1309 (libro,
1644 1271 1708 1310 Περὶ
1730 1271 1823 1300 diram.

1005 1321 1034 1345 et
1057 1318 1131 1346 libro
1145 1319 1209 1356 Περὶ
1233 1317 1343 1356 φυγάδ.,
1360 1319 1420 1355 (qui
1444 1319 1555 1347 scilicet
1567 1319 1668 1354 Musis,
1684 1326 1742 1346 non
1757 1325 1825 1345 vero

1005 1361 1094 1390 simul
1109 1365 1137 1390 et
1150 1365 1209 1394 ταῖς
1223 1364 1331 1401 χάρισιν
1348 1362 1453 1397 ἔθυσαν,
1470 1363 1513 1391 vel
1529 1363 1578 1399 qui
1593 1363 1642 1397 τὴν
1660 1360 1824 1400 ’Δφροδίτην

1004 1409 1063 1438 ταῖς
1079 1407 1198 1438 Μούσαις
1213 1409 1245 1435 οὐ
1262 1407 1433 1443 συνέπλεξαν,
1450 1411 1483 1436 ut
1499 1409 1628 1444 loquitur
1642 1407 1825 1435 Themistius

1005 1453 1135 1486 orat.24,
1159 1462 1188 1489 p.
1212 1454 1276 1486 303,
1304 1454 1346 1482 ed.
1369 1454 1458 1489 Κεφ),
1482 1453 1532 1481 sed
1557 1461 1588 1480 ea
1613 1452 1777 1480 urbanitate
1792 1459 1825 1479 ac

1005 1497 1205 1525 moderatione
1219 1500 1342 1530 servata,
1359 1498 1409 1526 sed
1426 1506 1479 1526 nec
1494 1497 1557 1525 sine
1569 1496 1662 1533 elogio
1677 1496 1824 1532 aliquo,id

1006 1548 1121 1576 semper
1137 1545 1288 1579 peragant,
1305 1545 1337 1570 ut
1362 1542 1549 1570 imminutam
1566 1550 1583 1569 a
1597 1550 1629 1569 se
1651 1541 1824 1576 dignitatem

1007 1593 1092 1613 nemo
1117 1587 1254 1622 conqueri
1278 1587 1388 1623 possit:
1414 1587 1492 1622 quod
1516 1586 1651 1614 omittere
1666 1585 1761 1613 solent
1775 1584 1825 1620 qui

1007 1630 1104 1658 nescio
1132 1639 1201 1667 qua,
1233 1634 1265 1659 ut
1292 1631 1435 1665 diximus,
1464 1631 1564 1667 inepta
1588 1629 1742 1664 κακοζηλίᾳ
1769 1629 1824 1658 soli

1005 1683 1108 1711 sapere
1142 1676 1232 1704 videri
1273 1675 1376 1704 volunt
1414 1675 1549 1711 (Stobaeus
1577 1683 1605 1711 p.
1641 1675 1710 1710 37).
1746 1675 1824 1701 Μισῶ

1004 1720 1134 1756 σοφιστὴν
1151 1719 1226 1750 ὅστις
1244 1719 1294 1747 οὐκ
1312 1719 1386 1755 αὐτῷ
1409 1719 1501 1758 σοφός.
1525 1721 1558 1748 Si
1580 1719 1704 1756 placeat,
1728 1719 1825 1747 aiebat

1004 1763 1074 1791 olim
1086 1767 1205 1792 sanctus
1215 1765 1534 1801 Augustinusscribsns
1540 1767 1639 1793 contra
1649 1763 1822 1792 Petilianum

1003 1808 1065 1843 (lib.
1082 1810 1126 1842 ii),
1139 1813 1164 1837 el
1176 1811 1252 1838 vobis
1265 1818 1315 1846 pro
1341 1810 1498 1838 maledictis
1526 1809 1673 1837 maledicta
1693 1816 1824 1844 reponere

1001 1861 1154 1889 possumus,
1183 1856 1208 1882 et
1223 1863 1271 1882 nos
1285 1855 1386 1882 diserte
1413 1856 1482 1890 forte
1502 1855 1654 1882 conviciari
1666 1861 1821 1889 possumus,

1002 1902 1029 1925 et
1039 1906 1088 1926 nos
1103 1899 1197 1926 dicere
1214 1900 1412 1934 crepitantibus
1426 1900 1546 1934 ﬂammis
1564 1907 1571 1927 :
1586 1898 1632 1926 sed
1650 1898 1729 1926 nullo
1744 1897 1822 1926 modo

1001 1942 1072 1970 mihi
1086 1947 1165 1971 sonat
1178 1943 1286 1978 diserte,
1302 1944 1372 1979 quod
1386 1943 1487 1972 dicitur
1501 1945 1603 1979 inepte.
1620 1943 1653 1971 Et
1668 1943 1821 1971 Bessarion

1002 1988 1160 2017 cardinalis
1175 1989 1204 2016 in
1221 1989 1467 2024 Epistolainedita
1480 1989 1515 2017 ad
1533 1987 1702 2016 Michaelem
1716 1990 1822 2024 Byzan-

1001 2032 1086 2066 tium,
1125 2033 1205 2061 illius
1238 2033 1430 2061 eruditionem
1467 2033 1496 2061 in
1527 2033 1564 2060 iis
1591 2041 1651 2068 qua!
1682 2033 1822 2060 adversus

1000 2076 1185 2105 Theodorum
1208 2077 1315 2105 Gazam
1346 2078 1514 2114 scripserat,
1540 2077 1660 2105 laudare
1689 2076 1819 2111 quidem,

1001 2130 1059 2150 non
1075 2130 1141 2150 vero
1156 2122 1201 2149 τὸν
1215 2123 1264 2156 τῆς
1281 2122 1442 2160 συνηγορίας
1456 2121 1556 2158 τρόπον
1573 2121 1696 2158 probare
1712 2129 1743 2148 se
1758 2120 1817 2148 ait:

999 2165 1038 2194 Οὐ
1052 2166 1114 2204 γὰρ,
1130 2167 1231 2194 subdit
1245 2166 1304 2199 ille,
1330 2164 1481 2202 λοιδορίαις
1504 2167 1553 2192 τοῦ
1578 2163 1725 2198 ἀντιδίκου,
1755 2162 1819 2191 ἀλλ’

998 2209 1162 2247 ἀποδείξεσι,
1177 2210 1222 2238 καὶ
1238 2210 1362 2248 λογικαῖς
1388 2210 1512 2248 ἀνάγκαις
1538 2212 1578 2246 τῷ
1605 2220 1633 2236 τε
1659 2208 1731 2248 φίλῳ
1758 2218 1818 2236 συν-

999 2256 1165 2293 ηγορητὲον,
1188 2255 1234 2282 τόν
1258 2265 1287 2282 τε
1310 2255 1407 2293 ἐχθρὸν
1429 2254 1570 2291 ἀμυντέον.
1585 2255 1613 2283 Si
1631 2254 1748 2290 quando
1763 2253 1818 2288 igi-

124 2303 207 2339 quasi
223 2303 318 2332 aliena
333 2287 487 2342 eipilasse,
501 2287 547 2334 :Iel
563 2308 640 2343 quod
655 2308 691 2335 ab
710 2308 776 2336 ams
792 2287 945 2338 observat;
959 2291 983 2324 D
999 2303 1047 2328 tur
1061 2301 1098 2328 ab
1114 2300 1285 2336 quorumvis
1301 2300 1488 2336 scriptorum,
1512 2300 1619 2328 nedum
1644 2299 1818 2330 amicorum,

124 2357 179 2376 non
197 2358 282 2385 posse
310 2359 428 2379 rursum
458 2352 631 2389 scriptorem
661 2354 825 2388 observem,
856 2355 942 2383 velim

123 2395 316 2422 contendere:
332 2404 398 2423 cum
414 2399 608 2433 praaterquam
632 2407 699 2426 cum
719 2398 824 2427 iisdem
841 2408 944 2429 omnes

125 2436 235 2466 utimur
247 2437 343 2473 libris,
358 2449 421 2476 quis
437 2442 528 2470 semel
543 2442 572 2470 in
582 2443 731 2479 publicam
747 2443 842 2472 lucem
858 2444 943 2473 emit-

122 2483 234 2516 tuntur,
246 2483 324 2518 juris
339 2484 411 2512 ﬁant
425 2485 545 2521 publici.
563 2490 657 2524 Neque
668 2488 746 2516 enim
762 2496 796 2516 ex
811 2488 848 2516 iis
862 2497 941 2524 sum,

122 2526 170 2562 qui
187 2527 211 2555 si
226 2527 388 2564 quidpiam,
405 2532 456 2558 aut
470 2532 547 2567 quod
563 2531 717 2568 scripsere,
742 2535 792 2561 aut
820 2533 849 2561 in
879 2533 941 2562 suis

120 2573 206 2600 antea
221 2572 340 2601 omissis
356 2573 609 2604 lucubrationibus
625 2577 668 2604 vel
688 2577 790 2606 leviter
809 2578 940 2614 attigero,

120 2615 178 2650 alii,
196 2616 224 2645 id
237 2617 370 2654 exigente
386 2619 463 2654 quod
490 2622 727 2655 pertractandum
746 2626 941 2658 susceperunt

119 2662 414 2698 argumento,pariter
428 2663 667 2699 attingant,illico
682 2667 780 2694 nescio
797 2675 854 2702 qua
869 2667 940 2703 lym-

120 2704 176 2740 pha
192 2707 328 2742 correpti,
343 2708 423 2743 quasi
438 2709 468 2736 in
480 2710 590 2744 publici
604 2712 701 2738 κυανίί
722 2712 810 2745 Ιιινεε,
836 2714 868 2739 ut
896 2715 939 2741 est

120 2750 193 2784 apud
224 2750 444 2788 Hieronymum,
480 2753 649 2791 insurgunt,
687 2756 938 2791 quemadmodum

120 2795 238 2823 Luscius
255 2796 303 2824 ille
321 2797 475 2825 Luscinius
492 2798 520 2826 in
547 2799 711 2827 Terentium
729 2801 937 2831 comoediarum

119 2839 306 2875 scriptorem:
325 2841 368 2871 vel
397 2843 610 2878 repetundarum
630 2849 770 2883 accusant,
801 2847 832 2877 ut
846 2847 937 2876 (ἓτωοὶ

998 2346 1143 2374 sententia
1155 2346 1345 2379 discedimus,
1363 2346 1402 2373 ita
1417 2346 1523 2373 versari
1535 2345 1723 2377 debcinus,ut
1738 2351 1818 2371 asse-

999 2391 1120 2426 quendae
1137 2391 1278 2418 duntaxat
1293 2390 1422 2418 veritatis
1445 2398 1534 2418 causa
1561 2390 1590 2417 id
1621 2390 1681 2424 fiat,
1710 2388 1816 2420 allatis,

998 2435 1106 2471 quibus
1123 2438 1222 2463 nostra
1246 2435 1354 2463 ﬁrmari
1372 2434 1476 2470 possit,
1504 2434 1547 2462 vel
1563 2433 1756 2470 argumentis,
1774 2432 1816 2460 vel

997 2481 1173 2517 scriptorum
1190 2481 1422 2514 auctoritatibus,
1440 2488 1507 2508 cum
1518 2481 1546 2508 in
1563 2487 1665 2508 eorum
1677 2479 1773 2513 verba,
1785 2479 1816 2506 in

997 2533 1028 2553 re
1058 2525 1183 2553 maxime
1207 2525 1356 2559 litterario,
1379 2526 1478 2559 jurare
1503 2525 1624 2553 minime
1657 2526 1707 2552 aut
1731 2525 1816 2560 cogat

996 2570 1105 2606 quasvis
1121 2570 1316 2604 necessitudo,
1332 2570 1375 2597 vel
1392 2572 1474 2606 parta
1494 2569 1581 2598 etiam
1606 2569 1744 2598 doctrinis
1759 2568 1817 2596 exi-

995 2615 1137 2643 stimatio.
1166 2615 1242 2642 Tum
1271 2623 1337 2643 vero
1366 2616 1427 2642 sine
1455 2617 1547 2643 nostra
1573 2615 1690 2642 invicem
1713 2613 1814 2647 dolore,

995 2660 1072 2696 quod
1089 2660 1185 2688 aiebat
1199 2662 1319 2688 sanctus
1332 2661 1525 2696 Hieronymus
1540 2659 1672 2688 scribens
1696 2659 1729 2686 ad
1746 2665 1814 2685 san-

995 2708 1073 2733 ctum
1090 2704 1299 2740 Augustinum,
1316 2704 1411 2732 ludere
1425 2704 1519 2733 liccat.

993 2777 1077 2805 Multa
1087 2776 1157 2812 jocis
1166 2777 1290 2812 pateant,
1308 2775 1389 2804 liceat
1402 2784 1508 2812 quoque
1524 2775 1615 2803 ludere
1629 2775 1712 2812 ﬁctis.

992 2813 1043 2840 Sed
1059 2810 1154 2848 lingua
1166 2810 1307 2840 mulcente
1321 2810 1434 2847 gravem
1448 2810 1606 2848 interliderc
1620 2810 1739 2842 dentem,

992 2847 1255 2877 Luderc'blanditiia
1265 2849 1417 2884 urentibus,
1434 2852 1459 2876 et
1473 2849 1546 2876 male
1560 2847 1649 2874 dulces
