2021 3176
221 182 277 213 ΑΗ

222 249 398 289 fermentare
407 252 482 286 joco:
495 256 584 288 satyro
600 253 734 282 mordacis
750 258 836 289 aceto,

222 284 299 320 Saepe
312 284 460 321 poetarum
475 284 618 324 nunquam
634 289 708 317 decet
722 299 779 320 esse
792 284 950 327 parentum.

221 338 296 372 Quin
312 340 420 376 potius,

221 392 250 433 ξι
263 401 348 433 prauo
360 398 475 429 rectum,
491 396 516 422 si
531 395 661 432 religiosa
674 399 812 433 profanis,

222 429 344 469 Euxurie
352 438 486 469 parcum,
503 434 579 467 turpi
583 429 886 469 'mutaiur'honcslum,

220 464 329 503 βεαηίι,
346 466 430 499 iners,
447 464 563 494 obcurus
579 477 637 503 ago.
656 471 785 498 miserere
799 464 900 498 sodalis

217 500 249 542 ριν
263 501 336 542 malo
349 503 493 542 peruersi:
508 500 637 531 blandum
653 505 714 533 licet
729 507 773 534 ira
787 510 928 542 parentem

216 535 332 572 Excitet,
349 535 378 564 ut
394 539 507 572 lapsum
525 541 604 567 rectis
621 541 756 569 instauret
770 535 891 570 almicum

218 571 346 607 Moribus,
362 577 387 600 et
402 575 509 602 monitu
524 579 635 611 reparet
649 578 765 605 meliora
779 587 883 606 severo.

633 618 674 652 (ὃ.
693 617 808 652 Paulin,
826 627 921 654 poem.
937 620 998 651 xu.)

216 669 270 696 Sed
284 673 387 705 praeter
397 671 500 700 allatas
511 673 655 708 ejusmodi
672 676 714 702 tot
727 684 899 711 magnorum
910 676 1037 703 virorum

216 712 271 742 hac
286 714 320 742 de
340 723 369 743 re
391 717 561 752 sententias,
587 727 623 745 an
649 727 705 746 non
732 719 815 747 liceat
839 720 925 748 aliam
941 728 1040 748 recen-

215 757 310 794 tioris,
327 762 414 796 atque
431 761 501 789 adeo
517 762 676 798 singularis
687 764 862 792 eruditionis
874 765 1037 800 scriptoris,

214 802 261 829 hic
277 804 366 831 etiam
396 805 578 841 appingere?
608 809 634 834 ls
663 810 707 835 est
735 809 878 837 Henricus
900 810 1035 837 Valesius

213 846 352 875 Hadriani
369 848 468 882 frater,
484 850 534 885 qui
551 852 586 878 ad
602 853 743 888 Exoerpta
769 853 877 889 Polybii
903 854 944 881 sic
967 862 1037 890 pra!-

213 890 309 918 t‘atur:
328 902 342 917 α
360 894 450 928 Atque
466 893 525 921 hac
547 895 583 923 de
605 897 739 924 versione
764 898 927 926 Casauboni
951 899 1035 934 quasi

212 942 264 970 per
279 943 429 965 excessum
459 938 536 966 dicta
560 940 628 972 sint,
656 949 713 969 non
729 942 912 970 obtrectandi
939 943 1075 979 studioB

212 979 252 1015 (id
269 981 347 1008 enim
364 981 492 1010 alienum
508 986 553 1012 est
568 993 584 1011 a
600 985 693 1019 nobis)
710 986 760 1014 sed
779 989 811 1014 ut
826 987 849 1014 si
875 987 948 1015 forte
963 987 1032 1022 quid

210 1031 226 1051 a
243 1032 289 1052 me
313 1029 464 1061 peccatum
488 1027 517 1055 in
544 1029 676 1057 versione
701 1038 765 1058 mea
786 1031 1031 1067 deprehendetur,

209 1067 324 1097 facilius
346 1069 436 1098 lector
463 1071 615 1108 ignoscat:
641 1074 746 1103 deinde
761 1084 826 1103 vero
843 1078 875 1103 ut
889 1076 1032 1104 abstersis

209 1111 255 1140 his
271 1113 361 1141 navis
378 1114 506 1151 aliquam
522 1119 646 1152 gratiam
668 1127 684 1146 a
711 1120 852 1148 studiosis
876 1119 1028 1148 iniremus.

208 1156 341 1186 Hominis
356 1159 433 1187 enim
450 1160 569 1197 ingenui
584 1171 649 1190 esse
660 1163 833 1197 arbitror,ut
844 1165 884 1192 ait
895 1164 1029 1200 Polybius

208 1203 316 1237 noster,
334 1211 390 1230 non
407 1212 440 1231 ex
456 1205 559 1233 alienis
574 1208 676 1235 erratis
690 1207 813 1243 gloriam
834 1211 960 1244 captare,
977 1210 1027 1238 sed

207 1253 273 1273 cum
291 1248 409 1281 nostris,
426 1251 487 1277 tum
505 1250 593 1278 etiam
610 1252 713 1280 alienis
730 1253 858 1288 scriptis,
882 1256 1026 1288 quantum

205 1289 235 1316 in
253 1290 338 1318 nobis
353 1294 510 1326 est,curam
528 1297 613 1330 atque
626 1297 860 1325 emendationem
876 1298 1025 1327 adhibere.

205 1333 295 1369 Cujus
306 1335 424 1370 quidem
436 1337 563 1366 instituti
573 1341 664 1368 nostri
673 1341 781 1377 ubique
792 1342 876 1370 velim
888 1342 1024 1371 lectorem

206 1379 388 1414 meminisse,
404 1382 428 1409 si
450 1386 567 1418 quando
589 1385 617 1412 in
633 1385 715 1413 Notis
731 1395 748 1413 ει
763 1386 914 1416 doctorum
930 1388 1023 1416 homi-

204 1430 276 1450 num
292 1425 428 1460 opinione
443 1427 643 1457 dissentimus.
663 1430 799 1466 ldemque
813 1431 875 1467 ipse
888 1441 904 1460 a
914 1433 1026 1461 caeteris

205 1467 333 1512 postulo,
364 1472 396 1497 ut
420 1471 524 1504 sicubi,
548 1474 625 1508 quod
652 1474 775 1502 nimium
799 1485 875 1512 saepe
891 1477 1026 1506 fortassis

204 1511 320 1546 accidit,
346 1522 362 1541 a
389 1515 509 1544 verilate
546 1517 750 1554 aberraverim,
771 1511 915 1557 corrigere
937 1523 1025 1557 atque

203 1557 360 1586 emendare
376 1567 411 1587 ne
426 1560 578 1590 dubitent:
594 1562 649 1590 hoc
668 1564 746 1591 enim
768 1565 927 1593 dummodo
949 1566 1024 1593 bono

204 1608 283 1629 more
296 1604 324 1630 et
339 1603 412 1631 citra
427 1606 589 1634 convicium
605 1607 666 1640 ﬁat,
694 1609 793 1644 gratia:
809 1611 896 1646 atque
921 1609 1023 1638 honori

201 1644 369 1691 habendum
387 1652 467 1684 puto.
484 1661 498 1675 »
515 1650 615 1686 Neque
630 1652 793 1681 omittenda
808 1644 894 1682 verba
910 1655 1021 1691 Polybii

201 1689 507 1735 hiclaudata,cmteris
522 1703 538 1722 ει
553 1696 638 1724 nobis
654 1697 808 1734 descriptis
818 1689 1021 1735 adjungenﬁda:

200 1734 264 1770 Περῖ
281 1733 310 1762 δὶ
322 1738 375 1763 τῶν
391 1737 481 1765 τόπων
498 1738 609 1776 ἀγνοίας
622 1742 676 1768 τῶν
692 1742 759 1769 κατὰ
773 1742 822 1776 τὴν
849 1743 1019 1779 Λακωνικὴν,

201 1777 246 1805 διὰ
273 1780 304 1807 τὸ
327 1779 467 1819 ⁴μεγάλην
507 1783 573 1811 εἶναι
605 1785 792 1823 παράπτωσιν,
829 1787 877 1814 οὐκ
912 1786 1020 1823 ὤκνησα

199 1822 299 1859 γράψαι
325 1825 392 1862 πρὸς
415 1825 494 1854 αὐτὸν
520 1822 649 1864 Ζήνωναί
666 1829 776 1868 κρίνων,
799 1829 882 1858 καλὸν
900 1832 963 1859 εἶναι
988 1832 1019 1859 τὸ

201 1866 325 1912 μὴντὰς
360 1871 414 1897 τῶν
450 1870 535 1903 πέλας
571 1866 703 1912 ἁμαρτίαις
740 1873 796 1902 ἴδια
823 1876 1019 1912 πρυτερήματα

199 1911 329 1957 νομίζειν,
356 1914 475 1955 καθάπερ
504 1915 570 1945 ἔνιοι
598 1921 686 1946 ποιεῖν
710 1919 854 1954 εἰώθασιν,
881 1911 954 1948 ἀλλᾶ
980 1921 1018 1957 μή

202 1955 283 1991 μόνον
299 1960 353 1985 τῶν
379 1958 454 1988 ΐδίων
478 1962 692 1999 ὑπομνημάτων.
717 1963 789 1991 ἀλλὰ
803 1964 847 1991 καὶ
862 1967 915 1992 τῶν
933 1963 1019 1992 ἀλλο-

197 2001 292 2047 τριωγ,
320 2003 434 2032 καθόσον
460 2007 512 2034 οἶοί
541 2008 570 2034 τέ
596 2007 695 2044 ἐσμεν,
726 2011 860 2041 ποιεῖσθαι
890 2009 1019 2047 πρόνοιαν

197 2045 241 2073 καὶ
268 2045 411 2084 διόρθωσιν
446 2051 525 2088 χάριν
557 2055 606 2086 τῆς
645 2055 739 2087 κοινῆς
775 2045 917 2092 ὥφιλείαςξ
950 2056 1019 2087 Quae

197 2091 316 2126 quidem
331 2094 371 2122 ita
388 2095 486 2124 Latine
504 2097 630 2124 reddidit
645 2098 748 2126 doctus
774 2091 936 2135 interpres:
965 2101 1018 2128 Cae-

196 2140 286 2164 terum
311 2139 345 2166 de
367 2139 418 2168 illa
441 2141 511 2168 situ:
526 2141 667 2170 Laconica?
683 2143 865 2178 ignoratione,
887 2153 917 2173 eo
946 2146 1018 2182 quod

196 2183 289 2215 gravi:
303 2191 361 2211 sese
376 2185 398 2211 is
412 2193 490 2212 error
504 2185 654 2220 videretur,
665 2187 700 2214 ad
718 2188 810 2222 ipsum
823 2190 958 2218 Zenonem
973 2191 1018 2218 lit-
1032 2200 1036 2202 ·

196 2226 270 2253 tera:
284 2228 406 2256 scribere
419 2237 474 2256 non
488 2229 626 2262 dubitavi,
643 2232 762 2260 hominis
778 2235 892 2269 ingenui
904 2243 961 2263 esse
973 2244 1016 2263 ar-

197 2269 323 2305 bitratus,
339 2281 392 2299 non
404 2281 438 2300 ea,
452 2273 555 2301 alienis
569 2277 670 2303 erratis
685 2277 807 2312 gloriam
822 2280 1016 2315 captare,quod

195 2317 326 2344 nonnulli
349 2317 444 2350 solent,
469 2318 515 2346 sed
533 2327 596 2347 cum
610 2322 713 2348 nostri:
727 2326 783 2349 tum
799 2323 883 2351 etiam
911 2325 1014 2352 alienis

194 2360 419 2397 Commentariis,
443 2363 575 2391 utilitatis
589 2365 707 2400 publica:
720 2367 821 2402 gratia,
835 2371 970 2403 quantum
984 2370 1013 2396 in

191 2405 270 2432 nobis
283 2409 331 2438 est,
348 2413 445 2433 curam
459 2409 543 2443 atque
557 2409 775 2438 emendationem
802 2412 940 2440 adhibere.
971 2413 1014 2441 Ita

191 2449 301 2476 sentire
317 2449 412 2478 solent
427 2451 481 2479 viri
497 2452 570 2480 bene
585 2454 621 2482 de
635 2454 740 2483 litteris
756 2457 862 2491 meriti,
885 2457 934 2492 qui
955 2457 1012 2485 soi-

190 2492 258 2520 licet
270 2502 331 2538 (non
347 2495 507 2524 cathedrali
522 2499 649 2533 quadam
666 2500 887 2534 declamatione,
911 2504 940 2529 et
965 2504 1010 2538 ty-

191 2537 322 2581 rannica,
339 2541 371 2566 ut
389 2540 428 2568 ita
450 2540 565 2578 loquar,
591 2541 763 2581 παιδαγωγίᾳ
784 2544 857 2573 alios
880 2537 1011 2574 volentes

190 2580 322 2611 nolentes
338 2583 366 2611 in
388 2586 563 2614 sententiam
581 2595 662 2615 suam
677 2596 777 2623 repere
796 2597 829 2616 ac
841 2589 1010 2624 pertrahere

188 2629 340 2656 conantur.
360 2629 522 2666 Neminem,
540 2632 645 2667 inquit,
662 2640 790 2667 nuperus
806 2633 932 2668 scriptor
948 2643 1009 2670 per-

188 2672 255 2700 inde
271 2673 472 2710 doctissimus,
504 2676 696 2712 personaliter
722 2676 792 2709 lassi,
818 2678 872 2704 etsi
898 2686 914 2705 a
939 2679 1008 2707 viris

188 2718 540 2754 magnis,eruditis,bonis
555 2720 729 2753 amicis,non
747 2729 811 2749 raro
823 2722 1005 2751 dissentiam.

188 2761 246 2790 Hoo
263 2771 379 2799 semper
401 2773 418 2792 α
437 2774 484 2792 me
509 2766 617 2793 factum
643 2768 687 2792 est
710 2766 848 2794 incolumi
866 2769 1006 2804 amicitia,

186 2805 265 2833 cultu
281 2810 309 2835 et
324 2809 519 2837 observantia.
538 2809 748 2838 Dissentientes
763 2811 867 2846 colam,
895 2815 924 2841 et
947 2814 1005 2842 dis-

185 2851 358 2880 sentientem
375 2862 431 2889 me,
448 2858 491 2882 sat
507 2854 834 2892 scio,patientur,qui,si
850 2858 946 2894 quida
959 2866 1005 2887 me

895 191 1060 222 JOANNIS
1083 193 1255 224 ZONARIE

1061 261 1089 294 Α
1104 268 1189 288 secus
1206 269 1294 297 quam
1310 263 1415 291 veritas
1431 263 1495 298 ipsa
1511 264 1641 299 postulat
1661 265 1773 293 dictum
1790 266 1927 302 frequen-

1874 201 1928 231 412

1099 305 1158 333 tius
1174 306 1425 342 fuerit,monentes
1441 307 1546 336 lubens
1561 317 1678 344 sequar,
1696 312 1726 338 et
1737 318 1841 338 ceram
1853 319 1926 339 com-

1098 349 1240 385 planabo:
1258 351 1322 379 dico
1340 355 1504 386 monentes,
1525 361 1582 380 non
1609 354 1792 383 invadentes.
1828 357 1924 384 Lecto-

1056 388 1059 389 r
1098 401 1159 421 rem
1188 397 1254 429 opto
1284 395 1439 429 arbitrum,
1470 405 1526 424 non
1558 398 1770 433 adversarium,
1802 402 1838 427 ut
1858 399 1923 428 olim

1097 438 1208 473 optime
1231 439 1383 475 Stagirites
1412 440 1606 477 philosophus
1631 442 1713 470 dixit.
1741 446 1843 479 Atque
1868 443 1925 473 hinc

1096 482 1215 518 quidem
1234 483 1340 511 tradita
1369 484 1512 512 hactenus
1535 494 1552 513 α
1577 488 1619 514 tot
1639 486 1710 514 viris
1736 488 1924 523 sapientibus

1096 529 1251 563 praecepta,
1268 528 1294 555 si
1310 527 1335 554 ἐν
1365 531 1424 559 τοῖς
1453 531 1506 555 τῶν
1536 531 1632 567 ψυχῶν
1656 530 1755 568 ἠρίοις,
1772 532 1801 559 id
1819 535 1878 566 est,
1896 533 1922 560 in

1095 571 1261 599 animorum
1278 575 1445 601 nostrorum
1462 575 1672 610 monumentis,
1690 575 1732 603 uti
1756 576 1853 604 libros
1877 586 1922 604 vo-

1095 619 1141 643 cat
1157 616 1349 651 Themistius,
1366 627 1418 646 seu
1435 617 1460 645 ἐν
1479 618 1577 652 ζώσαις
1592 619 1676 646 εἰκόσι
1689 623 1739 654 τῆς
1754 622 1865 658 ψυχῆς,
1882 623 1921 650 uti

1094 660 1280 696 appellantur
1294 670 1311 689 a
1326 662 1466 690 Michaele
1483 663 1577 691 Psello
1593 664 1621 691 in
1652 665 1787 693 Monodia
1813 665 1924 694 inedita

1092 704 1122 731 in
1138 704 1280 733 Joannem
1307 706 1465 735 Patricium
1486 708 1588 736 sedulo
1612 717 1824 745 exsequamur,
1852 719 1920 746 prs:-

1093 748 1202 776 claram
1218 749 1247 778 in
1264 751 1349 778 nobis
1366 760 1479 779 morum
1496 752 1625 780 civilium
1648 753 1825 788 effingemua
1842 758 1872 782 et
1886 757 1918 784 ad

1093 795 1224 828 posteros
1240 795 1477 824 transmittemus
1493 796 1662 833 imaginem.
1678 798 1733 826 Sed
1749 799 1815 826 haec
1838 801 1918 836 quasi

1091 841 1358 873 pertransennam,
1380 840 1446 868 licet
1470 841 1542 869 forte
1557 844 1637 870 extra
1652 851 1724 877 rem,
1750 844 1834 872 dicta
1863 846 1919 873 sint

1092 882 1127 910 de
1143 882 1189 910 his
1204 884 1402 920 duntaxatqui
1419 893 1453 913 ex
1467 885 1673 922 hujuscemodi
1687 887 1839 916 inurbana
1848 890 1915 925 faci-

1091 927 1167 954 litate
1181 935 1213 954 ac
1224 928 1404 957 delectatione
1434 930 1553 966 quadam
1577 932 1806 967 reprehendendi,
1826 936 1859 961 ut
1873 933 1911 962 lo-

1089 971 1189 1006 quitur
1203 972 1300 1008 Lupus
1314 973 1405 1001 abbas
1425 975 1620 1004 Ferrariensis
1634 976 1740 1012 (Epist.
1755 977 1816 1013 26),
1835 977 1911 1014 plau-

1087 1024 1153 1043 sum
1169 1019 1287 1052 captare
1302 1017 1406 1045 solent.

1122 1060 1220 1089 XXlV.
1237 1061 1295 1090 Nos
1309 1070 1375 1090 vero
1391 1063 1441 1098 qui
1456 1065 1500 1091 tot
1517 1063 1594 1092 inter
1612 1064 1736 1100 hujusce
1762 1065 1818 1093 aevi
1849 1075 1906 1094 ern-

1085 1105 1162 1132 ditos
1179 1113 1214 1134 ne
1231 1106 1381 1134 minimam
1399 1107 1518 1142 quidem
1534 1109 1666 1136 obtinere
1693 1109 1813 1137 laudem
1839 1110 1904 1139 ultro

1083 1157 1150 1176 cum
1166 1150 1356 1179 dissertatore
1372 1152 1570 1187 agnoscimus,
1588 1156 1703 1181 nostras
1730 1154 1905 1190 qualescun-

1083 1201 1139 1228 que
1155 1196 1460 1229 commentationes,et
1473 1205 1547 1232 quas
1560 1197 1708 1225 interdum
1720 1199 1830 1228 demus
1843 1208 1907 1227 con-

1078 1238 1220 1272 jecturas,
1236 1240 1368 1267 omnium
1381 1240 1502 1276 judiciis
1522 1241 1647 1270 libentes
1674 1244 1864 1278 exponimus,
1877 1246 1905 1271 ut

1081 1282 1132 1317 qui
1147 1291 1164 1310 a
1177 1283 1367 1318 doctioribus,
1383 1285 1407 1312 si
1424 1284 1523 1321 lapsos
1539 1294 1592 1314 nos
1608 1287 1813 1322 contigerit,ob
1831 1296 1904 1316 erro-

1081 1326 1163 1355 ribus
1176 1327 1247 1363 erigi
1264 1328 1342 1356 haud
1358 1332 1475 1365 gravate
1490 1329 1628 1358 feramus.
1648 1331 1772 1360 Proinde
1788 1335 1902 1360 tantum

1081 1371 1172 1406 abest,
1188 1375 1220 1400 ut
1241 1373 1416 1401 sententiam
1438 1377 1568 1402 nostram
1584 1375 1620 1403 de
1649 1375 1791 1404 Hebdomi
1813 1378 1874 1405 situ
1890 1386 1904 1404 ι

1080 1414 1140 1442 viro
1156 1415 1192 1442 cl.
1210 1416 1370 1452 improbari
1385 1426 1460 1454 aegre
1475 1419 1604 1455 tulerim,
1615 1422 1647 1447 ut
1662 1419 1740 1448 illius
1756 1420 1903 1450 Disserta—

1079 1458 1186 1487 tionem
1203 1461 1307 1497 cupido
1321 1462 1420 1490 statim
1437 1463 1624 1499 arripuerim,
1649 1472 1682 1492 ex
1697 1472 1731 1492 ea
1760 1466 1841 1501 quod
1860 1475 1903 1493 me

1080 1503 1202 1539 fugisset
1228 1506 1379 1542 quidpiam
1416 1509 1639 1542 consecuturus,
1678 1517 1741 1536 cum
1777 1510 1905 1545 quaedam

1079 1549 1204 1578 scicntia
1227 1551 1315 1586 portio
1339 1551 1383 1585 ait,
1400 1551 1496 1587 inquit
1512 1552 1638 1580 Faustus
1664 1553 1839 1589 Rhegiensis
1865 1556 1903 1590 (in

1080 1592 1170 1629 Epist.
1198 1594 1233 1622 ad
1263 1594 1402 1631 Paulin.),
1425 1597 1498 1624 scire
1526 1596 1600 1631 quod
1623 1598 1710 1625 nescis
1733 1600 1759 1625 et
1786 1607 1819 1626 ea
1846 1607 1904 1635 qua

1078 1638 1242 1673 ignorantur
1256 1648 1312 1668 non
1328 1641 1469 1677 intelligi:
1481 1641 1635 1677 prudentur
1648 1643 1902 1680 inquirere.Neque

1076 1683 1155 1711 enim
1171 1692 1249 1712 sum.

1077 1757 1094 1776 ζ
1107 1756 1113 1763 .
1125 1757 1143 1776 _.
1166 1757 1181 1776 ,Δ
1195 1759 1201 1764 .
1220 1739 1280 1776 tam
1295 1737 1616 1776 stulte_repugnans,aut
1629 1749 1727 1768 amans
1740 1749 1824 1776 prave
1839 1749 1900 1770 mea

1076 1772 1145 1806 Quin
1157 1774 1251 1800 statim
1264 1772 1433 1809 culpandum
1444 1772 1698 1811 ᾰῦισηδίρνέεθεαηι
1707 1772 1788 1804 rectis
1798 1778 1898 1806 locum.

1614 1820 1738 1856 (Terent.
1756 1822 1863 1858 Maur.)

1074 1877 1151 1907 Sicut
1165 1880 1240 1907 enim
1255 1880 1401 1909 laudabile
1416 1885 1456 1908 est
1471 1889 1488 1908 a
1510 1888 1578 1909 vera
1592 1883 1727 1909 sententia
1747 1890 1806 1910 non
1818 1891 1898 1910 amo-

1073 1924 1142 1956 veri,
1159 1924 1256 1959 inquit
1271 1925 1465 1961 Augustinus,
1481 1925 1596 1962 (Contra
1617 1926 1752 1959 Graecam,
1777 1927 1830 1955 lib.
1854 1935 1896 1962 ιιι,

1072 1976 1137 2003 cap.
1151 1968 1190 2004 3),
1208 1970 1248 1996 ita
1272 1970 1411 2005 culpabile
1424 1971 1568 2005 persistere
1583 1972 1611 1998 in
1627 1971 1710 2006 falsa,
1726 1980 1811 2007 quam
1821 1980 1896 1999 nun-

1072 2021 1155 2048 quam
1171 2015 1266 2042 tenere
1289 2015 1382 2050 prima
1397 2015 1456 2042 laus
1471 2016 1520 2048 est,
1536 2015 1655 2043 secunda
1671 2018 1789 2050 mutare,
1802 2019 1833 2044 ut
1847 2021 1897 2044 aut

1071 2065 1108 2085 ea:
1125 2059 1206 2086 initio
1230 2067 1298 2087 vera
1325 2061 1495 2095 permaneat,
1517 2064 1577 2092 aut,
1606 2062 1716 2088 mutata
1737 2061 1897 2096 falsa,vera

1071 2103 1203 2131 succedat.
1220 2103 1339 2137 Verum,
1356 2105 1389 2131 ut
1404 2104 1496 2132 fatear
1511 2104 1588 2140 quod
1611 2113 1658 2132 res
1673 2107 1728 2140 est,
1741 2107 1808 2141 jure
1822 2106 1895 2134 forte

1072 2147 1242 2176 dubitabam
1258 2157 1295 2176 an
1308 2148 1338 2175 in
1354 2148 1432 2176 istud
1449 2148 1673 2185 disciplinarum
1690 2158 1783 2186 genus
1797 2150 1893 2178 oleum

1070 2200 1158 2220 suum
1174 2193 1315 2221 hactenus
1331 2192 1356 2221 is
1372 2193 1555 2225 contulisset,
1581 2201 1645 2221 cum
1670 2203 1800 2231 perstepe
1828 2203 1893 2223 cou-

1070 2237 1171 2272 tingat,
1203 2240 1234 2265 ut
1263 2237 1321 2264 illis
1345 2238 1433 2265 etiam
1459 2237 1509 2273 qui
1534 2237 1610 2265 inter
1636 2239 1766 2267 eruditos
1781 2239 1890 2275 primas

1070 2282 1181 2315 tenent,
1199 2281 1289 2309 multa
1305 2282 1450 2317 excidant,
1466 2282 1574 2318 quibus
1584 2291 1686 2310 vacare
1702 2291 1758 2311 non
1775 2291 1891 2320 semper

1068 2326 1179 2361 patitur
1198 2325 1211 2352 ὁ
1244 2325 1302 2362 βίος
1332 2325 1445 2363 βραχύς,
1470 2327 1499 2353 in
1526 2326 1710 2362 amplissima
1729 2329 1887 2364 prassertim

1068 2370 1164 2397 omnis
1179 2370 1294 2405 generis
1309 2369 1474 2398 litterarum
1500 2373 1608 2406 segete,
1624 2379 1749 2407 quarum
1770 2375 1889 2400 caetero-

1068 2413 1138 2449 quin
1167 2414 1184 2447 ἠ
1213 2413 1298 2451 τέχνη
1330 2414 1432 2451 μακρὴ,
1458 2415 1475 2448 ἡ
1502 2412 1530 2441 8‘s
1556 2417 1636 2451 πεῖρα
1660 2414 1793 2454 σφαλερὴ,
1823 2417 1839 2451 ὴ
1861 2415 1889 2443 δὶ

1066 2456 1153 2494 κρίσις
1169 2456 1290 2494 χαλεπή,
1319 2458 1465 2494 siquidem
1489 2459 1537 2486 hic
1558 2462 1659 2495 aptare
1688 2459 1774 2489 liceat
1802 2461 1889 2489 verba

1067 2501 1245 2529 medicorum
1262 2503 1403 2538 principis
1416 2511 1422 2530 :
1439 2503 1510 2530 adeo
1522 2506 1552 2530 ut
1562 2504 1586 2531 si
1601 2503 1696 2532 aliena
1707 2504 1780 2533 forte
1791 2505 1889 2533 studia

1065 2548 1219 2580 attentent,
1237 2547 1336 2575 statim
1365 2547 1516 2583 vulgatum
1533 2548 1613 2575 istud
1636 2549 1838 2585 Aristophanis
1853 2550 1888 2578 iis

1066 2590 1226 2625 occinatur,
1244 2589 1338 2628 ’Ἑρδοι
1353 2602 1394 2622 τις
1409 2592 1441 2626 ἣν
1457 2589 1570 2623 ἕκαστος
1585 2591 1667 2628 εἰδείη
1692 2592 1803 2631 τέχνην.
1833 2594 1887 2622 Sed

1063 2637 1311 2671 exspectationem
1328 2645 1422 2665 meam
1441 2637 1607 2673 speciosum
1624 2637 1730 2666 lemma
1750 2639 1888 2667 felellisse

1063 2681 1200 2708 continuo
1230 2682 1352 2715 adverti,
1382 2681 1514 2717 nihilque
1541 2682 1606 2709 novi
1635 2682 1671 2710 ab
1699 2691 1731 2711 eo
1752 2683 1885 2717 allatum,

1063 2725 1140 2761 quod
1158 2734 1193 2753 ne
1209 2726 1366 2754 minimum
1383 2726 1502 2762 quidem
1518 2735 1534 2754 a
1549 2726 1674 2762 pristina
1684 2728 1830 2756 sententia
1840 2736 1886 2756 me

1063 2770 1221 2805 dimovere,
1236 2779 1288 2798 nec
1303 2771 1439 2807 quemvis
1454 2771 1497 2798 vel
1514 2770 1616 2798 leviter
1631 2771 1660 2798 in
1684 2772 1813 2801 Historiae
1827 2774 1885 2809 By-

1061 2816 1186 2844 zantina?
1214 2816 1338 2844 lectione
1364 2818 1510 2844 versatum
1535 2815 1565 2842 in
1588 2815 1666 2844 illius
1682 2818 1779 2852 partes
1792 2817 1882 2845 abdu-

1059 2867 1124 2888 cere
1139 2860 1280 2896 debuerit,
1304 2868 1372 2888 oum
1398 2860 1427 2887 in
1445 2868 1478 2888 eo
1503 2859 1639 2894 maxime,
1665 2861 1741 2896 quod
1768 2861 1880 2891 Hebdo-
