2021 3176
113 196 180 226 M3

773 202 904 232 GANON
927 201 967 231 IN
990 201 1210 234 DEIPARAM.

1774 202 1834 231 4H

117 269 216 297 mum,
243 265 273 290 ut
285 263 449 300 attigimus,
480 266 640 302 septimum
665 269 701 296 ab
726 269 803 296 Urbe
819 267 946 303 lapidem
961 267 988 300 Α
1003 266 1131 302 fidenlia,
1145 271 1176 297 ut
1187 277 1238 306 pro
1255 269 1424 298 indubitata
1436 269 1520 297 velim
1542 268 1653 300 haberi,
1672 276 1706 294 ne
1722 268 1747 295 si
1763 267 1820 295 fort

114 306 206 334 unice
221 307 403 344 appellatum
419 310 574 346 putaverit,
604 312 833 340 reclamantibus
858 320 947 348 quan-

115 351 230 380 tumvis
245 353 281 380 ab
296 361 329 381 eo
343 356 372 381 et
382 362 399 381 a
414 355 498 383 nobis
508 355 636 384 laudatis
651 357 886 393 soriptoribus,ui
901 364 948 392 qui

114 403 133 422 α
148 397 289 432 principio
304 398 424 426 deviavit
438 400 471 427 ab
487 401 592 436 integro
608 405 732 437 tramite,
748 410 833 438 vagus
849 401 949 437 ubique

113 441 305 475 progrediens,
322 446 423 478 quanto
438 452 466 472 se
488 453 602 474 currere
623 447 724 482 fortius
744 447 859 482 putavit,
875 450 948 474 tanto

113 484 182 520 plus
210 495 308 515 errare
334 496 442 517 necesse
473 491 559 525 fuerit
590 491 736 528 (Pelagius
766 492 818 519 PP.
848 493 948 520 Contra

117 530 303 567 Pelagianos).
318 532 426 560 Verum
456 533 485 561 in
514 543 548 562 ea
576 536 715 571 Diatriba,
739 536 769 563 in
782 545 840 572 qua
851 536 949 572 reipu-

117 574 204 602 blicas
217 575 363 604 litterariis
376 577 518 607 hactenus
529 579 677 616 incognita
690 581 803 616 primus
810 580 948 617 vulgavit,

119 620 262 656 praclars
276 623 402 656 quadam
428 624 648 660 pollicitatione,
679 634 714 654 ne
741 626 836 654 dicam
852 628 950 654 osten-

118 665 243 700 tatione,
260 675 342 702 spem
372 668 456 696 nobis
483 669 622 704 injecerat
649 671 684 698 de
698 671 949 699 Secundianarum

119 709 234 738 Palatio
250 712 316 739 novi
337 712 448 748 aliquid
471 711 629 748 dicturum,
660 718 764 751 praeter
777 724 811 743 ea
827 724 890 751 quas
919 716 948 744 in

119 757 224 783 nostra
240 755 479 793 Comtanimopoli
502 759 708 795 attigeramus,
737 763 825 796 atque
849 760 948 788 lumen

119 799 200 834 quod
216 800 301 828 nobis
318 809 376 829 non
396 802 564 837 aﬁ'ulsisset,
582 804 659 840 quod
687 804 718 833 in
747 805 852 841 primis
866 808 948 842 opta-

119 843 201 877 bam,
217 844 419 880 detecturum;
436 848 487 875 sed
504 848 532 876 in
550 848 630 876 aliud
642 851 758 886 tempus
775 858 948 887 reservasse,

121 887 167 915 vel
185 893 260 916 certe
276 890 414 925 promissi
430 891 520 920 oblito
549 893 577 920 id
606 893 647 920 illi
676 894 819 922 excidisse
835 903 886 930 par
904 898 949 924 est

122 932 302 962 existimare.

161 977 325 1007 XXV.Heec
341 988 426 1015 porro
455 981 490 1008 de
520 981 661 1010 Hebdomi
682 982 740 1010 situ
768 991 784 1011 a
798 983 883 1012 nobis
898 985 951 1012 ob-

122 1024 240 1050 servata
251 1022 328 1050 haud
359 1024 473 1060 ingrata
495 1026 555 1053 fore
579 1026 736 1054 lectoribus
767 1027 850 1056 facile
878 1028 950 1056 mihi

123 1067 333 1100 persuadeo,ao
348 1067 384 1095 iis
407 1069 594 1104 potissimum
619 1070 670 1106 qui
697 1071 858 1100 evolvenda:
877 1073 950 1101 Con-

122 1110 391 1146 stantinopolitanze
402 1112 534 1141 Historias
550 1114 742 1143 incumbunt:
754 1124 815 1151 qua:
831 1117 949 1152 quidem

121 1152 170 1181 hic
182 1154 347 1184 describere
361 1157 486 1192 pretium
509 1166 602 1194 operas
631 1159 711 1194 duxi,
741 1168 798 1188 non
827 1163 888 1188 tam
918 1164 950 1189 ut

117 1197 330 1234 dissertatoris,
360 1201 446 1236 cujus
472 1202 668 1231 eruditionem
697 1206 726 1231 et
754 1213 876 1233 acumen
904 1205 947 1233 in-

116 1241 195 1277 genii
212 1251 329 1280 semper
353 1246 482 1281 suspexi,
510 1247 687 1275 sententiam
712 1248 747 1276 de
762 1248 816 1276 hac
832 1252 946 1278 contro-

118 1286 213 1314 versia
223 1288 424 1323 convellerem,
448 1298 537 1326 quam
553 1293 586 1318 ut
611 1293 741 1320 nostram
768 1292 838 1321 viris
853 1294 947 1322 doctis

122 1339 243 1359 rursum
255 1340 467 1368 proponerem:
486 1343 542 1362 non
555 1337 653 1363 tamen
670 1344 703 1364 ea
730 1345 788 1373 qua
802 1337 851 1365 ille
877 1346 946 1366 con-

1004 319 1120 347 ascopo
1136 313 1270 342 aberrare
1299 323 1345 342 me
1366 313 1479 350 judicet
1505 313 1607 346 lector,
1632 311 1728 340 statim
1754 312 1833 340 dicat

1003 357 1080 391 quod
1096 357 1131 384 de
1146 358 1315 386 Gasaubono
1337 367 1427 394 supra
1453 358 1592 385 laudatus
1620 356 1762 384 Henricus
1775 358 1831 383 Va-

1002 400 1151 438 lesius(ud
1177 403 1274 430 Dionis
1303 403 1462 439 Excerpta),
1488 411 1573 438 quem
1601 402 1630 429 in
1656 401 1827 436 explicando

1003 446 1130 481 quodam
1148 447 1277 474 Suetonii
1293 447 1366 482 loco,
1381 448 1454 475 nihil
1470 448 1578 480 vidisse,
1597 446 1647 479 ait,
1660 446 1739 481 idque
1761 447 1829 472 tunc

1003 498 1065 518 cum
1077 491 1139 526 plus
1152 492 1209 519 sibi
1225 492 1328 520 vidisse
1349 501 1431 528 quam
1458 493 1550 519 caeteri
1578 491 1738 519 videretur:
1756 491 1828 518 adeo

1005 537 1036 562 ut
1050 544 1109 570 qua
1123 537 1284 572 conjecturis
1312 537 1414 564 nititur
1437 537 1564 564 tractatio
1589 536 1650 563 sine
1672 535 1829 572 pertinacia

1003 579 1115 607 institui
1129 579 1234 613 debeat,
1253 583 1286 608 ut
1301 580 1494 616 Xenophanes
1519 580 1614 607 aiebat
1628 579 1706 615 apud
1720 579 1827 606 Varro-

1005 632 1082 651 nem.
1099 625 1281 660 Propositam
1296 632 1366 652 sane
1381 625 1411 652 iu
1442 625 1496 652 hac
1524 624 1737 659 Disceptatione
1750 623 1827 650 difﬁ-

1004 669 1143 696 cultatem
1159 669 1235 696 idem
1248 669 1391 702 Valesius,
1407 671 1512 696 nostras
1524 668 1617 695 astatis
1632 667 1826 695 litteratorum

1005 713 1089 741 facile
1114 714 1258 750 princeps,
1274 714 1311 741 de
1337 714 1390 741 hac
1415 712 1569 740 nobiscum
1590 712 1677 739 verba
1705 711 1828 744 faciens,

1004 757 1126 785 arduam
1153 760 1182 785 et
1211 758 1379 794 impeditam
1409 765 1473 785 esse
1502 755 1698 789 existimabat,
1725 755 1766 782 ita
1797 757 1831 783 ut

1004 810 1078 837 quas
1093 801 1122 829 in
1143 804 1241 837 partes
1261 802 1398 830 transiret
1426 801 1503 829 ultro
1533 808 1564 828 se
1581 800 1692 828 nescire
1715 799 1829 835 proﬁte-

1004 848 1092 880 retur,
1110 847 1249 874 oumloca
1272 855 1335 882 quas
1359 846 1389 874 in
1415 846 1564 874 Hebdomo
1580 845 1636 872 sita
1657 852 1722 873 esse
1737 843 1832 880 perhi-

1004 890 1121 923 bentur,
1131 890 1232 927 procul
1249 891 1284 919 ab
1299 891 1374 919 Urbe
1387 891 1478 918 fuisse
1494 890 1654 926 disparata,
1664 889 1742 917 haud
1758 888 1831 916 satis

965 945 990 978 Β
1005 936 1140 971 expensis
1156 935 1331 972 scriptorum
1362 934 1594 968 auctoritatibus,
1624 933 1671 961 vix
1686 935 1828 967 censeret,

1006 979 1108 1014 paucis
1123 979 1216 1007 etlevi
1227 988 1315 1007 manu
1329 980 1363 1007 ad
1376 979 1564 1007 Ammianum
1574 981 1603 1006 et
1617 979 1653 1006 ad
1669 977 1829 1006 Historiam

1005 1023 1231 1051 ecclesiasticam
1256 1024 1404 1051 annotatis
1419 1024 1495 1051 hanc
1519 1023 1651 1059 attigisse
1661 1024 1828 1051 contentus.

1004 1067 1157 1096 Enimvero
1177 1069 1201 1096 si
1218 1077 1280 1104 quas
1294 1069 1324 1096 in
1342 1069 1395 1096 hac
1405 1068 1615 1104 Disquisitione
1629 1067 1783 1095 attulimus
1794 1067 1830 1095 ad

1004 1113 1182 1140 ﬁrmandum
1199 1116 1328 1141 nostram
1345 1113 1379 1140 de
1394 1113 1525 1148 ejusdem
1542 1112 1683 1140 Hebdomi
1695 1112 1753 1140 situ
1765 1120 1828 1140 sen-

1005 1157 1126 1185 tentiam
1155 1157 1275 1185 minime
1304 1157 1420 1193 placent
1458 1157 1516 1185 viro
1545 1157 1669 1190 erudito,
1696 1157 1829 1185 dicamus

1004 1205 1125 1238 uterque
1141 1210 1208 1230 cum
1225 1202 1457 1238 Augustinoﬂib.
1468 1204 1564 1230 contra
1579 1202 1660 1238 Epist.
1672 1201 1827 1238 fundam),

1002 1249 1085 1275 Nemo
1110 1252 1233 1275 nostrum
1260 1247 1332 1275 dicat
1356 1248 1416 1283 jam
1448 1255 1476 1274 se
1504 1248 1638 1275 invenisse
1667 1247 1823 1281 veritatem,

1000 1292 1039 1319 sic
1053 1300 1114 1320 eam
1129 1299 1289 1327 queremus
1297 1293 1377 1327 quasi
1387 1292 1423 1319 ab
1438 1293 1562 1327 utrisque
1576 1293 1724 1320 nesciatur.

378 1475 914 1564 ΙΩΑΝΝΟΥ
978 1480 1561 1566 ΜΟΝΑΧΟΥ

786 1610 845 1637 ΚΑΙ
865 1611 1151 1640 ΠΡΩΤΑΣΗΚΡΗΤΙΣ

674 1689 848 1755 ΤΟΥ
902 1693 1255 1758 ΖΩΝΑΡΑ

290 1810 510 1858 ΚΑΝΩΝ
556 1813 654 1860 ΕΙΣ
705 1815 833 1863 ΤΗΝ
881 1816 1242 1866 ΥΠΕΡΑΓΙΑΝ
1294 1817 1635 1868 ΘΕΟΤΟΚΟΝ

544 1908 580 1935 OG
595 1909 613 1943 ἡ
630 1909 799 1948 ἀκροστιχίς·
815 1912 944 1944 "retorto:
963 1912 1035 1950 ἦχος
1052 1912 1163 1941 ὕστατον
1179 1913 1272 1942 πλέκιι
1291 1913 1384 1951 μέλος.

503 2072 550 2153 J
553 2071 757 2154 OAN
762 2006 965 2156 N18—

990 2075 1424 2160 ZONAR/E

693 2204 856 2234 MONACHI
870 2206 915 2234 ET
930 2207 1030 2235 PRIMI
1042 2209 1060 2235 Α
1074 2208 1246 2243 SECRETIS,

363 2281 428 2328 IN
467 2282 940 2334 SANCTISSIMAM
977 2288 1318 2336 DEIPARAM
1354 2290 1567 2338 CANON

329 2367 425 2407 Cujus
452 2369 634 2400 acrostichis
662 2370 817 2410 signiﬁcat

845 2381 853 2402 :
884 2373 1053 2404 Postremus
1085 2379 1169 2405 tonus
1194 2375 1371 2416 postremum
1399 2379 1491 2408 nectit
1516 2378 1614 2408 melos.

581 2445 631 2476 (Ex
643 2445 721 2471 Joan.
739 2447 801 2478 Bap.
816 2447 937 2473 Cotelerii
948 2449 1065 2474 Monum.
1076 2450 1146 2475 Eccl.
1158 2451 1212 2478 ατ..
1223 2453 1288 2476 tom.
1299 2451 1353 2479 lli.)

252 2567 340 2604 Ἢχος
355 2566 404 2594 πλ.
421 2566 451 2594 δ’·
469 2569 684 2607 ’Δρματηλάτην
700 2575 810 2610 Φαραῶ.

466 2622 585 2658 Ἄρειος.

154 2682 306 2720 ’Υπεραγία,
322 2683 340 2716 ἡ
354 2682 417 2710 Θιὸν
438 2684 561 2718 κυήσασα
583 2685 628 2712 τὸν
653 2691 763 2725 συμφυῆ
785 2690 825 2724 τῷ
840 2691 934 2728 Πατρί,

127 2728 254 2764 μονογενῆ
277 2727 375 2765 Λόγον,
400 2727 560 2766 σύγχρονον,
585 2730 730 2767 ὁμότιμον·
756 2731 803 2760 κᾶν
819 2733 832 2760 ὁ
847 2735 934 2772 παρά-

124 2781 192 2809 φρων
209 2772 317 2809 Ἀρειος
340 2771 439 2809 κτίσμα
461 2775 555 2801 τοῦτον
582 2774 697 2813 ἐφρόνει,
714 2777 817 2814 Πατρὸς
842 2779 934 2811 οὐσίας

126 2814 277 2853 ἀλλότριον·
293 2819 387 2844 τοῦτον
404 2816 552 2846 ἒχδυσώπει
569 2820 688 2855 σωθῆναι
704 2822 787 2858 ἡμᾶς.

1097 2576 1195 2604 Tonus
1207 2577 1343 2613 obliquus
1359 2579 1384 2606 4.
1402 2579 1534 2615 Aurigam
1546 2580 1709 2609 Pharaonis.

1357 2633 1449 2660 Arius.

1025 2693 1292 2729 Sanctissimaqua:
1316 2694 1409 2722 Deurn
1434 2696 1583 2732 peperisti,
1600 2696 1733 2731 ejusdem
1748 2704 1814 2723 cum

991 2738 1074 2766 Patre
1089 2740 1209 2771 naturae,
1228 2739 1412 2774 unigenitum
1425 2742 1562 2774 Verbum,
1583 2749 1721 2773 coaevum,
1738 2741 1815 2775 paris

990 2782 1127 2816 honoris;
1155 2782 1270 2810 etiamsi
1296 2783 1418 2813 insanus
1448 2786 1534 2813 Arius
1558 2793 1624 2812 eum
1649 2787 1812 2813 creaturam

989 2835 1054 2855 esse
1069 2827 1204 2859 senserit,
1220 2835 1236 2854 a
1251 2828 1346 2856 Patris
1373 2830 1539 2858 substantia
1561 2829 1688 2857 alienum
1710 2838 1716 2863 ;
1733 2829 1814 2858 illum

991 2874 1022 2900 ut
1031 2871 1103 2900 salvi
1118 2871 1224 2900 ﬁamus
1238 2880 1336 2903 exora.
