1973 3154
195 167 254 197 415

533 235 681 265 Sabelli”.

234 287 275 314 Tu
292 287 445 324 suscepisti
476 288 504 316 in
521 291 614 322 utero,
641 290 773 318 omnium
795 291 916 328 Regina,
933 291 1021 320 unius

197 331 359 359 divinitatis
388 335 447 360 tres
476 332 611 360 habentis
636 333 809 369 hypostases
836 343 901 362 vere
917 343 1020 369 unum,

197 375 299 402 Filium
314 384 320 408 ;
337 376 450 403 etiamsi
468 376 611 405 Sabellius
641 377 810 406 confusione
834 379 923 415 impie
939 387 1021 408 exco-

195 419 298 455 gitata,
315 419 344 446 in
357 428 446 447 unam
455 420 544 448 trium
557 422 709 449 nominum
723 431 876 458 personam
890 424 1023 460 improbe

196 463 371 491 Trinitatem
393 466 578 498 contraxerit,

515 525 703 553 Macedonius.

231 575 285 607 Qui
302 578 329 603 te
350 576 543 610 obumbravit,
569 578 772 612 Immaculata,
803 580 944 615 Spiritum
973 581 1022 608 Dei

195 619 370 654 inereatum,
397 621 489 649 Verbo
505 624 534 649 et
547 622 623 649 Patri
640 623 918 652 consubstantialem
935 624 1022 661 glori-

195 664 329 698 ficamus,
344 665 378 692 ab
398 665 449 693 hoc
466 667 668 701 procedentem
683 680 689 701 ;
707 668 909 696 Macedonium
925 670 1022 697 cuncti

193 708 315 736 delirare
331 709 472 743 sinentes,
486 710 536 746 qui
553 711 624 738 dicit
650 720 717 740 eum
734 721 797 740 esse
813 716 978 742 creaturam
994 717 1023 742 et

195 753 351 781 facturam.

510 799 716 836 Λροιιίηανίιισ.

231 850 271 877 De
283 850 354 878 coelo
369 851 551 880 descendam
568 853 707 882 Dominus
736 855 765 882 in
795 857 876 883 tuum
895 859 1021 891 uterum,

195 897 276 921 casta
293 894 384 931 virgo,
399 898 428 923 et
443 904 560 924 carnem
572 906 739 932 assumens,
751 900 860 928 mentis
874 903 902 928 et
917 901 1022 929 anima:

195 939 379 975 participem,
393 943 522 969 nostram
536 942 656 971 salvavit
668 945 912 974 naturam.Ploret
923 949 1021 975 autem

194 985 283 1019 atque
299 992 398 1019 pmnas
416 985 477 1013 luat
492 987 542 1022 qui
558 988 599 1015 ait
614 988 742 1017 animam
759 990 822 1018 sine
833 993 929 1019 mente
944 999 1022 1019 crea-

194 1029 254 1055 tam
270 1036 335 1056 esse
346 1029 516 1064 Dominum,
533 1039 635 1060 amens
654 1033 788 1061 videlicet
818 1034 1021 1071 Apollinarlus.

337 1086 397 1115 Ode
412 1088 437 1115 3.
466 1088 586 1117 ειειαλιίι
609 1091 723 1125 fornici:
746 1092 865 1121 culmen.

532 1125 683 1154 Hortarius.

230 1175 261 1202 Ei
278 1175 368 1212 quite
383 1185 450 1205 vere
481 1178 528 1205 Dei
557 1180 734 1207 Genitricem
760 1189 817 1209 non
847 1181 928 1214 dicit,
953 1190 1020 1210 eum

196 1220 404 1257 Nestoriopars
413 1222 461 1255 sit,
478 1226 650 1252 cunctorum
668 1225 795 1261 Regina;
812 1225 861 1261 qui
874 1226 1020 1255 Christum

195 1263 343 1292 hominem
373 1274 480 1301 purum
496 1276 561 1295 esse
581 1268 748 1302 decernens.
766 1272 793 1297 te
814 1270 920 1298 Christi
935 1271 1020 1299 Geni-

195 1308 298 1336 tricem
315 1309 420 1345 aiebat,
435 1319 498 1346 quae
514 1320 545 1340 es
562 1312 692 1349 Deipara.

540 1369 669 1398 Marcion.

232 1420 308 1448 Deus
324 1421 374 1457 qui
391 1430 405 1449 θ
430 1422 489 1450 tuis
505 1423 698 1460 sanguinibus
713 1434 829 1454 carnem
847 1428 1019 1464 assumpsit,

195 1465 330 1499 Domina,
358 1475 414 1494 non
430 1467 492 1495 sola
517 1469 664 1504 opinione,
676 1471 761 1505 juxta
777 1471 952 1502 Marcionsm
969 1473 1020 1502 im-

196 1510 407 1547 pium,duoque
418 1512 562 1549 principis
577 1515 679 1543 insane
694 1516 1019 1552 introducentem,ovile

195 1557 280 1584 tuum
292 1556 350 1584 ﬁde
365 1557 518 1586 conﬁrmet
532 1567 596 1587 sua.

526 1618 688 1647 Eunomius.

231 1667 301 1695 Tuis
311 1669 590 1704 supplicationibus,
605 1681 620 1700 ο
631 1673 726 1709 Virgo,
740 1677 823 1703 tuum
839 1676 912 1704 ovile
928 1677 1018 1705 libera

195 1720 210 1739 e
225 1713 379 1749 suppliciis
394 1716 519 1749 internis,
536 1725 600 1752 quae
617 1718 801 1754 impiissime,
819 1721 896 1748 velut
920 1721 1017 1750 indul-

194 1757 397 1792 gentissimus,
428 1760 589 1789 Eunomius
615 1763 650 1789 ad
667 1764 925 1793 comminationcm
955 1767 1017 1794 solo

194 1801 333 1837 ﬁgmento
349 1804 515 1839 conscripta
531 1813 594 1833 esse
615 1806 767 1835 delirabat.

261 1859 320 1887 Ode
335 1861 361 1887 4.
386 1861 422 1888 Τιι
437 1869 497 1889 mea
507 1863 652 1900 fortitudo,
669 1865 791 1900 Domine,
808 1868 838 1895 tu
849 1869 906 1896 mei
914 1872 949 1897 et.

535 1899 678 1934 Eutycius.

231 1947 370 1983 Eutychis
386 1949 647 1988 puerilistultaque
658 1957 754 1982 mente
771 1957 883 1991 praediti
899 1957 1018 1986 haeresis

197 1999 285 2019 unam
302 1995 435 2021 naturam
443 1995 610 2024 afﬁrmabat
624 1998 771 2027 inGhrislc
788 2004 853 2036 post
868 2003 1016 2032 unionem:

194 2043 300 2072 corpus
327 2037 386 2084 ille,
413 2048 430 2066 ο
459 2040 557 2076 Virgo,
587 2044 664 2078 quod
683 2045 823 2074 Dominus
843 2049 1016 2084 assumpsit,

195 2081 283 2109 unius
299 2082 452 2111 nobiscum
465 2093 529 2113 esse
544 2086 716 2116 substantia:
732 2098 918 2127 nequaquam
929 2081 1019 2121 sentit

194 2133 260 2154 cum
276 2127 399 2162 Severo;
417 2136 542 2165 quorum
573 2132 740 2167 opinionem
765 2143 817 2163 nos
833 2136 1016 2173 despuimus.

554 2190 655 2219 Manu.

231 2238 335 2267 Manus
351 2240 404 2273 tui,
418 2241 615 2276 immaculata,
634 2245 695 2273 Filii
708 2246 844 2275 formavit
860 2257 915 2283 me,
925 2250 974 2285 qui
989 2252 1018 2278 et

195 2283 363 2312 universum
395 2287 539 2315 mundum
569 2289 722 2318 constituit
738 2299 744 2318 :
760 2293 894 2324 quamvis
919 2295 1017 2322 furens
1034 2290 1056 2322 D

195 2327 294 2356 Manes
310 2330 367 2357 duo
392 2330 586 2360 introduxerit
615 2334 768 2370 principia,
796 2337 928 2373 duosque
948 2339 1018 2366 deos

193 2372 349 2407 docuerit;
376 2383 466 2403 unum
499 2377 619 2412 quidem
645 2378 767 2413 bonum,
797 2381 921 2410 alterum
951 2392 1017 2412 vero

194 2415 303 2444 malum
315 2426 321 2451 ;
333 2421 362 2446 et
376 2422 524 2449 creaturas
540 2421 613 2458 ipsis
629 2423 802 2459 dispertitus
813 2426 909 2455 fuerit.

565 2481 650 2509 Idem.

230 2529 298 2561 Isto,
315 2537 330 2556 ο
347 2532 532 2566 pura,miser,
547 2535 596 2570 qui
613 2537 641 2563 et
651 2535 715 2564 Filii
730 2538 773 2565 tui
788 2538 1018 2570 incarnationem

194 2571 224 2600 in
239 2572 333 2609 ﬁgura
348 2574 437 2604 fuisse
453 2577 620 2613 afﬁrmavit,
637 2589 689 2609 nec
706 2590 802 2610 verum
820 2587 865 2612 est
892 2586 1017 2615 arbitra-

192 2619 381 2654 tus,eumque
397 2621 533 2655 opinione
548 2624 689 2653 duntaxat
705 2635 823 2662 passum
841 2638 904 2657 esse
919 2631 1019 2659 docuit

193 2662 294 2699 impie,
308 2672 396 2690 unam
415 2664 600 2695 introducens
617 2672 763 2706 naturam,
780 2672 871 2700 solius
883 2674 1018 2703 divinita-

192 2708 240 2736 tis.
258 2709 299 2736 Ab
316 2708 403 2745 hujus
423 2709 512 2746 igitur
530 2711 624 2740 furore
640 2713 803 2744 liberemur.

505 2769 710 2804 Apollinarius.

229 2821 339 2855 Corpus
354 2822 460 2851 Christi
478 2823 672 2853 inanimatam
689 2827 855 2857 afﬁrmabat
872 2831 1017 2866 Apollina-

878 172 894 203 J
899 172 1001 203 OANN
1006 173 1041 204 IS
1064 174 1237 207 ZONABAE

1041 1803 1044 1806 .
1074 1769 1199 1801 θέστατος
1212 1791 1219 1804 ,

1827 184 1876 215 ιιθ

1391 245 1553 279 Σαόἑλλιος.
1577 283 1584 286 _

1114 296 1151 323 Σὺ
1181 295 1299 332 ὺπεδέξω
1323 298 1349 326 ἐν
1380 301 1488 338 γαστρὶ,
1514 302 1698 336 Παντάνασσα,
1721 302 1879 338 τρισυπσστά-

1076 350 1123 367 του
1149 343 1224 377 μιᾶς,
1240 342 1277 373 ὡς
1305 342 1416 378 ἀληθῶς
1434 343 1488 379 ἳνα⁷
1515 346 1561 373 τὸν
1589 346 1658 380 ι’ἱὸν,
1684 345 1816 381 θεότητος·
1839 346 1877 374 κᾶν

1078 381 1240 421 Σαϐἑλλιος,
1258 386 1389 425 σύγχυσιν
1406 387 1509 421 ἀσεϐῶς
1527 390 1666 426 ἐννοήσας,
1684 390 1722 422 εἷς
1745 390 1772 418 ’ἐν
1787 391 1878 428 συνῄρει

1076 429 1230 466 τριώνυμον
1247 432 1392 468 πρόσωπον
1407 434 1456 468 τὴν
1473 434 1544 466 θείαν
1561 434 1665 473 Τριάδα
1679 437 1778 466 κακῶς.

1398 535 1576 568 Μακεδόνιος.

1112 587 1147 614 Τὸ
1163 587 1206 614 ἐπὶ
1229 588 1271 615 σοὶ
1295 588 1462 624 ἐπισκιάσαν,
1487 590 1616 629 ἄχραντε,
1642 590 1765 618 ἅκτιστον
1791 593 1885 626 Πνεῦμα

1077 634 1155 666 Θεοῦ,
1181 633 1301 672 ὁμοφυὲς
1325 634 1405 672 Λόγῳ
1429 635 1473 662 καὶ
1500 635 1601 673 Πατρὶ,
1628 634 1774 672 δοξάζομεν
1790 657 1797 669 ,
1817 635 1885 662 αὖτοῦ

1077 675 1299 714 ἐκπορευόμενον·
1317 677 1481 707 Μακεδόνιον
1496 680 1592 711 πάντες
1609 680 1705 717 ληρεῖν
1730 680 1834 719 ἀφέντες
1848 680 1884 707 τὸν

1078 720 1193 758 λέγοντα
1208 722 1308 759 κτίσμα
1319 733 1349 750 τι
1363 723 1407 751 καὶ
1423 724 1532 760 ποίημα
1547 725 1612 752 εἶναι
1629 724 1705 753 αὐτό.

1380 812 1601 850 ’ΔπολΛινάριος.

1113 864 1174 892 Ἀπ’
1201 864 1317 902 οὐρανοῦ
1342 863 1512 903 συγκαταϐὰς
1535 867 1549 893 ὁ
1575 866 1673 903 Κύριος
1697 865 1724 892 ἐν
1751 867 1783 902 σῇ
1808 863 1884 900 νηδύϊ,

1037 925 1061 958 Β
1078 908 1157 946 ἁγνὴ,
1179 909 1223 936 καὶ
1247 908 1411 947 προσλαϐὼν
1439 910 1523 948 σάρκα
1548 907 1638 938 ἔννουν
1654 920 1685 937 τι
1706 909 1751 937 καὶ
1767 906 1884 946 ἔμψυχον,

1077 953 1156 989 ἡμῶν
1170 953 1221 988 τὴν
1245 954 1322 993 φύσιν
1343 953 1451 983 ἔσωσεν.
1479 954 1630 991 Οἷμωζὲτω
1656 953 1687 981 δὲ
1709 955 1724 981 ὁ
1749 952 1823 981 ἄνουν
1844 955 1883 990 ψυ-

1076 997 1130 1034 χὴν
1146 1001 1286 1033 κτισθῆναι
1298 999 1345 1026 τὸν
1370 999 1467 1037 Κύριον
1493 999 1593 1037 λέγων¹
1619 997 1653 1034 δὴ
1670 999 1685 1026 ὁ
1701 997 1781 1029 ἄνους
1803 997 1884 1025 ’Δπολ-

1077 1041 1210 1079 λινάριος.

1233 1099 1297 1140 ᾨδὴ
1312 1102 1344 1138 γ’.
1362 1101 1495 1140 Οὐρανίας
1515 1100 1612 1139 ἀψίὸος
1628 1101 1746 1140 ὀροφήν.

1409 1138 1563 1176 Νεστόριος.

1110 1191 1155 1224 Τῷ
1185 1189 1221 1225 μή
1252 1200 1281 1217 σε
1309 1190 1438 1218 Θεοτόκον
1475 1191 1513 1221 ὡς
1551 1190 1662 1226 ἀληθῶς
1698 1190 1805 1228 λέγοντι
1830 1188 1885 1225 μετᾶ

1077 1234 1223 1271 Νεπορίου
1248 1234 1262 1261 ὁ
1285 1233 1388 1271 κλῆρος
1414 1233 1467 1270 εἴη,
1498 1235 1683 1263 Παντάνασσα·
1714 1235 1787 1265 ὅστις
1813 1232 1882 1270 ψιλὸν

1073 1278 1119 1304 τὸν
1142 1278 1258 1316 Χριστὸν
1283 1278 1348 1306 εἶναι
1375 1279 1471 1317 βροτὸν
1497 1279 1690 1317 χρηματίζων,
1716 1278 1881 1316 Χριστοτὼιον

1075 1320 1151 1359 ἔλεγε
1162 1322 1212 1357 τὴν
1228 1322 1358 1351 Θεοτόκον
1369 1334 1407 1351 σε.

1416 1382 1543 1420 Μαρκίων
1549 1404 1555 1410 .

1110 1434 1138 1460 Ὁ
1153 1433 1183 1461 ἐκ
1203 1437 1257 1462 τῶν
1284 1437 1338 1462 σῶν
1364 1435 1486 1472 αἱμάτων
1511 1437 1597 1474 σάρκα
1618 1434 1731 1470 λαϐὼν,
1757 1435 1880 1466 Δέσποινα,

1074 1479 1149 1513 Θεὸς,
1179 1479 1211 1506 οὐ
1240 1478 1351 1515 δοκήσει
1379 1481 1446 1507 κατὰ
1473 1480 1623 1519 Μαρκίωνα
1648 1481 1695 1508 τὸν
1725 1476 1820 1512 ἀσεῦἦι
1846 1477 1881 1504 καὶ

1074 1523 1161 1561 ἀρχὰς
1177 1524 1351 1562 εἰσαγαγόντα
1364 1524 1488 1563 ἀφρόνως
1511 1525 1560 1557 τὰς
1575 1524 1668 1556 δισσὰς
1686 1526 1749 1562 [ἱηι.
1765 1522 1881 1562 τρισσὰς]ι

1073 1569 1122 1603 τὴν
1138 1567 1258 1605 ποίμνην
1275 1579 1323 1596 σου
1338 1569 1426 1597 πίστει
1443 1570 1565 1607 στηρίξαι
1581 1571 1615 1607 τῇ
1631 1570 1728 1597 αὐτοῦ.

1410 1627 1555 1664 Εὗνόμιος.

1110 1682 1176 1711 Σαῖς
1204 1680 1305 1714 λιταῖς,
1334 1681 1499 1717 ὥυαρθένε,
1530 1680 1607 1719 ρὖαι
1635 1681 1666 1709 τὸ
1696 1680 1742 1707 σὸν
1767 1678 1878 1714 ποίμνιον

1073 1724 1102 1752 ἐκ
1116 1727 1170 1752 τῶν
1186 1724 1304 1752 αἷωνίων
1332 1726 1465 1763 βασάνων,
1493 1726 1523 1757 ἇς
1548 1723 1722 1760 ἀσεϐέστατα,
1745 1724 1781 1755 ὡς
1805 1723 1879 1759 ἐμπι-

1261 1770 1329 1808 πρὸς
1368 1770 1483 1805 ἀπειλὴν
1525 1769 1659 1808 ἐληρώδει
1700 1768 1877 1807 συγγεγράφθαι

1072 1813 1212 1850 πλάσματι
1229 1815 1306 1851 μόνῳ
1321 1815 1470 1851 Εὐνόμιος.

1162 1871 1226 1911 ᾨδὴ
1244 1871 1274 1900 δ’.
1292 1872 1330 1900 Σύ
1347 1883 1399 1910 μου
1415 1872 1504 1919 ίσχὺβ,
1526 1872 1615 1909 Κύριε,
1632 1872 1663 1899 σύ
1681 1883 1735 1909 μου
1749 1871 1801 1899 καί.

1417 1908 1555 1946 Εὐτύχης.

1108 1962 1137 1989 Ἣ
1157 1961 1295 1998 Εὐτύχους
1323 1961 1424 2000 α’ίρεσις
1444 1964 1492 1990 τοῦ
1515 1961 1700 2000 νηπιόφρσνος
1730 1960 1789 1997 μίαν
1812 1958 1876 1996 φύσιν

1072 2004 1148 2044 ἔλεγε
1173 2007 1230 2042 μεθ’
1253 2005 1347 2034 ἕνωσιν
1372 2006 1416 2034 ἐπὶ
1442 2009 1572 2045 Χριστοῦ·
1590 2009 1681 2042 σῶμα,
1706 2007 1742 2033 ὧν
1768 2002 1876 2039 Παρθένε-

1073 2050 1087 2077 ὃ
1113 2050 1210 2088 Κύριος
1230 2048 1414 2088 προσελάϐετο
1431 2073 1438 2085 ,
1464 2054 1526 2087 μιᾶς
1552 2052 1620 2087 ἡμῖν
1646 2049 1739 2080 οὐσίας
1762 2049 1797 2085 μὴ
1821 2055 1875 2085 φρο-

1073 2097 1125 2123 νῶν
1151 2094 1196 2122 σὺν
1223 2093 1349 2133 Σεϐίρῳ*
1378 2096 1414 2123 ὧν
1439 2095 1487 2130 τήν
1514 2094 1590 2132 δόξαν
1616 2096 1699 2132 ἡμεῖς
1720 2091 1875 2127 διαπτύομεν-

1427 2198 1535 2234 Μάνης.
1888 2236 1889 2239 η

1109 2252 1173 2290 Χεῖρ
1198 2253 1215 2287 ἦ
1242 2254 1290 2279 τοῧ
1316 2254 1374 2284 σοῦ.
1397 2252 1525 2290 ἄχραντε,
1548 2251 1648 2279 Τέκνου
1674 2262 1708 2287 με
1723 2245 1872 2278 ἕπλασεν¹ὃς

1071 2297 1116 2323 καὶ
1139 2297 1242 2333 κόσμον
1265 2296 1330 2324 ὅλον
1356 2298 1544 2332 συνεστήσατο·
1571 2296 1595 2324 εἴ
1615 2296 1660 2324 καέ
1689 2295 1779 2333 μανεὶς
1795 2292 1872 2324 Μάνηῖ

1071 2342 1119 2373 τὰς
1131 2340 1220 2372 διττὰς
1245 2342 1332 2379 ἀρχὰς
1352 2341 1488 2378 ἐπεισῆγε,
1515 2342 1591 2373 θεούς
1612 2352 1641 2368 τε
1671 2339 1719 2367 δύο
1745 2336 1870 2387 ἐδίδαξκεγ“

1073 2386 1170 2423 ἀγαθὸν
1197 2386 1244 2422 μὲν
1268 2386 1314 2413 τὸν
1339 2384 1394 2419 ἕνα,
1417 2386 1537 2423 πονηρὸν
1563 2384 1592 2413 δὲ
1617 2385 1661 2412 τὸν
1678 2384 1763 2413 ἄλλον
1778 2381 1870 2412 καῖτῆν

1072 2429 1157 2457 κτίσιν
1173 2430 1266 2461 αὐτοῖς
1281 2430 1461 2468 συνεμιριζιν.

1409 2488 1438 2515 '0
1459 2487 1553 2518 αὐτός.

1108 2542 1202 2576 Οὗτος,
1229 2542 1311 2579 ἁγνὴ,
1342 2540 1447 2578 ἅθλιος,
1477 2541 1508 2573 ’ὸς
1534 2541 1580 2568 καὶ
1608 2541 1657 2576 τήν
1687 2540 1872 2589 σάρκωσινιτου

1073 2587 1136 2614 Υὶοῦ
1166 2596 1215 2614 σου
1244 2585 1351 2624 εἷ’ρηκεν
1379 2585 1405 2613 ἐν
1435 2587 1570 2623 σχήματι,
1597 2584 1647 2613 οὐκ
1674 2584 1762 2620 ἀληθῆ
1789 2584 1870 2613 ταύτην

1073 2631 1178 2667 οῒηθεὶς
1195 2653 1202 2665 ,
1228 2631 1271 2658 καὶ
1295 2631 1388 2658 πιθεῖν
1415 2629 1525 2665 δοκήσει
1546 2630 1625 2658 αὐτὸν
1650 2629 1736 2660 ἀθέως
1759 2625 1870 2656 ἐδίδασκε.

1075 2676 1136 2712 μίαν
1151 2676 1228 2714 φύσιν
1246 2675 1371 2714 εἰσάγων,
1387 2677 1436 2708 τῆς
1462 2676 1589 2711 θεότητος
1611 2675 1708 2712 μόνης.
1723 2677 1773 2708 Τῆς
1791 2668 1869 2708 μανίας

1073 2720 1118 2748 οὖν
1133 2720 1231 2748 τούτου
1247 2719 1354 2759 ῥυσθείη
1361 2731 1418 2757 μεν.

1373 2777 1594 2816 ⁷Λπολλινάριος.

1110 2834 1194 2869 Σῶμα
1209 2833 1326 2869 Χριστοῦ
1351 2831 1457 2870 ἄψυχον
1479 2830 1570 2869 ἔλεγεν
1595 2831 1797 2868 ’Δπολλινάριος
1816 2826 1865 2862 [mh
