2021 3176
101 179 164 210 421

635 175 843 208 EXPOSITIO
865 174 1054 206 GANONUM
1076 174 1300 206 DAMASCENI

1754 178 1813 208 422

100 246 235 284 γεγονὼς,
265 245 311 273 σὸν
349 249 510 283 χαρακτῆρα
535 245 691 281 πάντιμον,
721 244 765 272 καὶ
800 243 846 271 τὸν
883 244 972 278 τοῦΑ

993 244 1071 270 tuum
1087 243 1284 270 characterem
1299 242 1378 270 omni
1391 242 1499 270 honore
1519 243 1652 279 dignum,
1669 243 1812 279 illumque

99 291 169 318 Υἱοῢ
196 301 245 317 σου
281 290 326 317 τὸν
355 293 406 324 τῆς
432 290 529 327 σαρκὸς
559 290 688 323 κατέσπα,
719 289 833 316 Θεοτόκε
850 310 857 323 ,
887 286 930 314 καὶ

99 334 209 363 πάντων
226 337 279 362 τῶν
299 334 390 372 ἁγίων.
408 334 449 369 Ἐξ
465 331 587 365 ἀσεϐείας
601 334 634 368 ἧς
653 333 824 371 ῥυσθιίημεν,

435 391 595 430 Βογόμιλοι.

139 447 210 474 Δαὸν
239 446 267 473 ὃν
298 445 470 484 ἐλυτρώσατο
501 445 547 476 σὸς
577 445 649 479 Υἱὸς,
680 443 814 482 βδελυρᾶς
844 443 931 482 ῥῦσαι,

100 491 191 529 Κόρη,
224 491 352 528 αἱρέσεως
381 492 548 527 νεοφανοῦς,
576 491 625 524 τῆς
655 491 706 517 τῶν
745 488 906 526 Βογομίλων
924 498 930 504 ·

102 535 183 572 οἵπερ
209 534 271 574 φασῖ
295 535 327 562 τὸ
351 537 400 562 τοῦ
426 534 573 572 ἀνθρώπου
596 536 676 571 σῶμα
693 534 740 570 μὶν
763 533 846 570 μόνου
861 532 932 560 πλά-

101 591 161 617 σμα
176 581 244 607 εἶναι
259 582 308 607 τοῦ
321 582 454 617 πονηροῦ·
479 580 572 616 ψυχὴν
598 578 626 607 δὲ
649 579 681 606 αὖ
696 578 840 617 τυγχάνειν
865 579 932 605 Θεοῦ

101 625 276 662 ἰπουρανίουο
292 624 382 652 κοινὸν
401 623 430 651 δὶ
445 624 548 663 ἀμφοῖν
565 623 630 651 Θεὸν
647 623 678 651 οὗ
695 623 829 661 λεγουσιν.

451 683 485 711 Οἱ
500 681 585 710 αὐτοί.

140 736 197 763 οὐκ
226 736 292 763 εἶναι
323 734 518 773 δογματίζουσι
545 735 591 762 τὸν
630 735 702 769 Υἱὸν,
733 733 796 762 οὐδὲ
824 737 932 771 Πνεῦμα

101 780 224 818 ἀρχῆθεν
241 780 272 807 τὸ
288 780 375 818 ἅγιον·
401 779 510 817 ὕστερον
539 778 567 806 δὲ
591 779 711 816 γέννημα
735 779 839 817 Πατρὸς
855 780 932 816 γενέ-

101 830 163 856 σθαι
181 824 251 851 Υἱόν·
278 824 342 851 Υἱοῦ
366 823 394 851 δὶ
417 823 492 855 αὖθις
515 824 636 862 γέννημα
660 825 769 860 Πνεῦμα
792 825 824 851 τὸ
850 823 932 851 πανά-

99 878 172 907 γιον⁶
199 868 351 907 σφαλερῶς.
379 869 475 905 Ἡμεῖς
502 867 530 896 δὲ
553 868 597 895 καὶ
626 869 659 895 τὰ
686 867 749 906 τρία
776 869 932 906 συνάναρχα

988 286 1054 314 Filii
1069 287 1121 319 tui,
1133 287 1162 314 in
1176 295 1263 314 carne
1277 287 1422 322 videlicet,
1439 291 1467 314 et
1483 288 1615 315 omnium
1629 290 1811 321 sanctorum,

987 331 1167 364 dilaceravit,
1180 331 1313 367 Deipara.
1332 333 1351 359 Α
1367 341 1425 367 qua
1437 332 1586 368 impietate
1606 332 1774 360 liberemur.

1333 390 1477 425 Bogomili.

1024 441 1164 478 Populum
1182 450 1270 477 quem
1286 442 1409 470 redemit
1422 443 1509 470 Filius
1522 445 1599 475 tuus,
1615 442 1714 478 Virgo,
1731 445 1813 471 tuere

986 487 1023 514 ab
1038 486 1215 514 exsecranda
1233 486 1333 514 haeresi
1360 495 1459 514 recens
1484 491 1558 520 orta,
1571 487 1787 523 Bogomilorum
1804 495 1812 516 :

987 530 1033 566 qui
1047 531 1167 567 quidem
1181 531 1286 558 docent
1300 530 1428 558 hominis
1440 539 1546 566 corpus
1561 531 1653 560 solius
1663 532 1813 568 maliopus

985 583 1050 603 esse
1068 588 1075 609 ;
1092 578 1122 602 at
1132 583 1198 602 vero
1215 575 1356 610 animam,
1386 575 1513 603 coslestis
1529 576 1576 604 Dei
1595 585 1602 610 ;
1624 585 1811 605 communem

987 622 1085 647 autem
1100 619 1256 654 utriusque
1268 621 1355 647 Deum
1369 627 1426 647 non
1443 622 1615 656 agnoscunt.

1356 677 1452 705 Iidem.

1020 731 1077 759 Nec
1093 731 1199 759 Filium
1216 739 1268 759 nec
1282 731 1425 767 Spiritum
1442 734 1578 759 sanctum
1594 732 1630 759 ab
1654 731 1737 760 initio
1750 740 1814 760 esse

985 776 1108 809 docent;
1125 776 1175 803 sed
1193 779 1291 812 postea
1310 776 1403 804 Patris
1418 776 1584 812 genituram
1592 776 1682 804 fuisse
1697 776 1812 811 Filium;

985 828 1088 848 rursus
1104 823 1201 848 autem
1218 820 1279 848 Filii
1305 821 1527 848 sanctissimum
1543 821 1685 856 Spiritum
1701 821 1814 855 genitu-

985 873 1047 892 ram
1066 873 1072 899 ;
1091 864 1164 892 falsa
1179 865 1335 892 sententia.
1353 865 1411 893 Nos
1427 873 1512 901 porro
1536 866 1593 893 tria
1617 865 1723 901 pariter
1737 865 1814 893 initii

100 915 218 950 νοοῦμεν
234 913 278 940 καὶ
293 914 509 948 προσκυνοῦμεν,
526 912 722 951 Θεονύμφευτε.
947 932 970 964 Β

993 910 1114 945 :xpertia
1130 910 1336 945 cognoscimus
1350 913 1379 937 et
1402 910 1570 944 adoramus,
1592 919 1608 938 ο
1622 912 1736 946 Sponsa
1751 911 1811 939 Dei.

461 969 572 999 Ἰταλοί.
1359 969 1440 996 Itali.

141 1025 307 1060 Σκεπάσαις,
336 1024 373 1050 ὦν
401 1024 529 1062 ιίαρθὲνε,
558 1024 678 1060 ποίμνην
707 1024 757 1058 τὴν
787 1024 854 1058 σὴν,
883 1024 929 1050 καὶ

1020 1024 1153 1058 Protege,
1168 1023 1268 1059 Virgo,
1285 1023 1358 1051 ovile
1374 1025 1470 1057 tuum,
1488 1026 1576 1059 atque
1591 1026 1687 1052 averte
1701 1033 1717 1052 a
1732 1025 1814 1060 gravi

104 1067 197 1103 δεινῆς
218 1068 384 1103 ἆποστήσαις
411 1067 539 1105 αἱρέσεως
567 1068 620 1095 τῶν
651 1067 774 1103 Ἰταλῶν,
803 1067 851 1095 δύο
881 1068 927 1104 μὲν

993 1067 1248 1100 Jwresiltalorum,
1264 1068 1315 1104 qui
1330 1068 1358 1095 in
1376 1068 1463 1095 unica
1479 1070 1584 1096 natura
1597 1069 1654 1097 duo
1670 1069 1815 1105 principia

103 1114 194 1151 ἀρχὰς
222 1113 265 1140 ἰπὶ
293 1116 342 1148 τῆς
375 1115 438 1148 μιᾶς
462 1112 680 1150 δογματιζόντων
709 1111 825 1151 φύσεως,
850 1112 930 1139 lived-

993 1112 1158 1144 iecernnnt,
1188 1113 1320 1148 duasque
1343 1112 1468 1147 Spiritus
1501 1116 1672 1141 cunctorum
1701 1114 1814 1150 opiﬁcis

106 1167 192 1194 ματος
209 1156 298 1188 διττὰς
315 1155 344 1184 δὲ
372 1159 420 1184 τοῦ
443 1159 614 1194 παντουργοῦ
640 1156 775 1194 λεγόντων
801 1156 930 1195 ἐκπορεύ-

993 1157 1187 1192 prooessiones
1203 1159 1324 1192 ponunt,
1347 1157 1474 1184 absurde
1498 1166 1530 1184 ac
1547 1166 1618 1186 nove
1634 1167 1640 1186 :
1658 1166 1674 1186 a
1689 1167 1813 1194 quorum

103 1211 172 1236 σεις,
188 1201 269 1236 ξὲνως
283 1201 326 1228 καὶ
352 1201 504 1237 ἀσυνήθως·
530 1200 620 1239 ὧνπερ
643 1205 693 1236 τῆς
722 1200 829 1236 πλάνης
857 1202 931 1237 ἡμᾶς

993 1208 1083 1229 ari-ore
1094 1210 1147 1230 nos
1158 1201 1259 1229 libera.

103 1245 254 1284 λύτρωσαι.

360 1409 896 1496 ΙΩΑΝΝΟΥ
980 1409 1564 1496 ΜΟΝΑΧΟΥ

749 1552 873 1600 ΤΟΥ
919 1552 1170 1600 ΖΩΝΑΡΑ

338 1642 535 1670 ΓΕΓΟΝΟΤΟΣ
556 1642 716 1670 ΜΕΓΑΛΟΓ
735 1643 966 1671 ΔΡΟΥΓΓΑΡΙΟΥ
983 1644 1050 1669 ΤΗΣ
1070 1643 1195 1671 ΒΙΓᾹΑΣ
1217 1644 1273 1670 ΚΑΙ
1294 1644 1584 1673 ΠΡΩΤΟΣΕΚΡΗΤΟΥ

874 1701 1051 1729 ΕΞΗΓΗΣΙΣ

109 1781 238 1829 ΤΩΝ
256 1783 712 1831 ΑΝΑΣΤΑΣΙΜΩΝ
746 1766 1053 1832 ΚΑΝΟΝΩΝ
1077 1785 1204 1832 ΤΩΝ
1232 1787 1357 1834 ΤΟΥ
1378 1787 1812 1837 ΔΑΜΑΣΚΗΝΟΥ

587 1873 648 1910 περί
663 1873 774 1904 κανόνος
789 1874 834 1901 καὶ
851 1873 948 1912 εἰρμοῦ
965 1874 1007 1901 καὶ
1020 1873 1170 1912 τροπαρίου
1184 1875 1228 1902 καὶ
1244 1873 1329 1911 ᾠδῆς.

455 1936 570 1974 Εἴρηται
586 1935 614 1964 δὲ
627 1937 758 1975 πρότερον
776 1939 823 1974 μὲν
846 1939 1089 1976 συνοπτικώτερον,
1105 1939 1161 1966 εἶτα
1174 1939 1219 1966 καὶ
1234 1938 1454 1978 πλατυκώτερον.

496 2088 920 2171 JOANNIS
938 2023 1418 2174 —ZONAR/E

369 2212 429 2245 QUI
446 2212 528 2240 FUIT
558 2212 706 2240 MAGNUS
734 2213 963 2242 DRUNGARIUS
979 2214 1128 2242 VIGILUM
1146 2215 1189 2242 ET
1207 2215 1523 2252 PROTOASECRETIS,

102 2281 444 2330 EXPOSITIO
485 2283 801 2332 CANONUM
839 2284 1400 2335 ANASTASIMORUM
1435 2289 1812 2337 DAMASCENI

657 2375 702 2406 De
716 2385 835 2414 canone,
854 2375 964 2413 hirmo,
984 2378 1118 2417 tropart'o
1133 2381 1161 2407 et
1183 2377 1249 2408 oda.

540 2446 627 2471 Primo
640 2446 749 2478 quidem
758 2453 805 2478 per
822 2446 1018 2485 compendium,
1034 2447 1131 2472 deinde
1146 2448 1232 2473 fusius
1247 2451 1374 2474 tractatur

739 2508 814 2543 (Μαί.
832 2507 928 2544 Spict'l.
946 2509 1020 2537 Rom.
1037 2510 1103 2541 tom.
1129 2510 1177 2546 ν.)

138 2640 211 2668 Ἐπεὶ
240 2640 361 2668 κανόνων
390 2640 521 2684 ἑρμηνεία
544 2640 599 2668 ἐστὶ
623 2642 654 2669 τὸ
675 2643 760 2680 παρὸν
775 2641 926 2680 σύνταγμαΙ
943 2646 964 2679 C

1020 2644 1091 2672 Cum
1109 2653 1254 2674 canonum
1271 2646 1472 2683 interpretatio
1498 2648 1537 2675 sit
1551 2649 1703 2684 praesentis
1714 2648 1810 2684 operis

106 2685 159 2723 χρὴ
174 2684 294 2723 καὶπερῗ
325 2685 390 2712 αὐτὸ
417 2685 448 2712 τὸ
476 2682 564 2721 ὄνομα
591 2687 639 2713 τοῦ
658 2686 781 2722 κανόνος,
807 2686 851 2714 καὶ
877 2687 928 2722 τὴν

993 2697 1102 2724 ςοορυε,
1119 2691 1154 2717 de
1168 2690 1231 2725 ipso
1251 2692 1372 2719 canonis
1388 2693 1517 2727 nomine,
1547 2693 1642 2728 seriei,
1672 2693 1744 2725 ode.
1769 2691 1810 2720 si-

106 2731 150 2756 τοῦ
167 2728 263 2767 εἰρμοῦ
278 2730 321 2757 καὶ
338 2733 388 2764 τῆς
413 2727 487 2765 ᾠδῆς
512 2728 623 2763 κλῆσιν,
638 2729 676 2757 ἔτι
693 2729 721 2758 δὲ
741 2731 784 2758 καὶ
800 2732 849 2758 τοῦ
864 2741 927 2768 τρο-

993 2733 1046 2761 nul
1062 2742 1095 2761 ac
1105 2735 1224 2770 troparii
1241 2735 1533 2772 denominatione(ex
1548 2737 1613 2765 istis
1627 2736 1706 2764 enim
1722 2735 1811 2772 perﬂ-

106 2773 212 2809 παρίου,
234 2773 262 2800 ἐκ
285 2773 388 2802 τούτων
412 2774 463 2811 γὰρ
489 2773 661 2812 ἀπαρτίζεται
686 2775 700 2802 ὁ
724 2775 822 2809 κανὼν,
851 2774 927 2814 φιλο-

993 2777 1060 2805 ιίῑυῐ·
1079 2779 1195 2813 canon).
1224 2780 1309 2807 nobis
1338 2780 1542 2809 disserendum
1576 2780 1714 2808 estzista
1743 2788 1810 2808 vero

109 2819 318 2856 σοφῆσαιὴμῖις·
335 2821 418 2846 ταῦτα
447 2817 475 2846 δὲ
501 2819 534 2846 τὰ
560 2819 681 2856 ὀνόματα
705 2820 785 2847 οἱονεὶ
812 2820 927 2857 τεχνικὰ

993 2823 1114 2859 nomina,
1131 2826 1231 2859 utpote
1259 2824 1302 2851 rei
1327 2826 1456 2862 propria,
1473 2835 1489 2854 a
1506 2825 1649 2862 principio
1664 2825 1808 2853 detlniun-
