2021 3176
240 142 300 172 127

910 139 927 170 ,1
930 139 1008 170 ΟΔΝ
1011 136 1073 168 NlS
1094 137 1264 168 ΖΟΝΑΗΛΕ

243 209 331 246 elegit
344 217 360 237 e
374 208 510 236 Chaldmo
526 215 632 244 genere
646 215 774 244 eumque
787 207 871 235 duxit
880 207 918 243 [in
947 204 1060 234 Palaesti

1122 202 1272 238 Χαλδαίων,
1298 205 1342 232 καὶ
1368 205 1505 244 ἀπήγαγεν
1524 207 1612 235 αὐτὸν
1629 206 1671 238 εἷς
1685 207 1741 243 τήν
1756 208 1923 248 Παλαιστίνην,

240 263 319 289 nam,
336 257 445 282 terram
461 252 548 280 melle
564 252 696 288 lacteque
711 252 849 280 ﬂuentem
865 259 954 288 quam
979 251 1064 278 datu-

240 308 293 330 rus
309 301 372 327 erat
407 298 512 326 semini
552 298 617 333 ejus
647 298 810 325 secundum
840 295 1065 333 promissionem

240 352 324 372 suam
342 352 349 370 τ
366 343 409 371 sic
425 343 553 378 primum
590 342 738 370 hominem
764 342 800 369 ab
829 341 908 369 omni
932 342 1066 368 creatura

240 388 388 423 distinxit,
406 388 562 423 posuitque
578 387 608 414 in
620 386 780 422 voluptatis
805 386 879 418 loco,
896 385 1064 421 paradisum

241 433 316 465 dico,
331 439 418 468 quem
435 439 551 467 semper
566 439 758 466 possessurus
774 433 845 463 erat,
862 430 920 457 nisi
945 429 1064 456 manda-

240 480 304 504 tum
321 479 524 511 transgressus
540 478 630 503 esset.
647 478 681 502 Et
696 474 945 510 quemadmodum
975 474 1066 501 Abra-

241 520 322 549 hami
337 521 444 556 posteri
462 523 580 556 propter
595 519 694 548 cibum
711 520 740 547 in
756 520 910 555 Egyptum
925 518 1065 551 migrave-

240 568 335 594 runt:
350 565 391 592 sic
406 564 592 600 protoplesti,
609 564 674 592 cibo
690 564 831 600 superati,
847 561 1065 599 paradiso,heul

241 609 354 646 expulsi
370 611 439 637 sunt
453 612 482 636 et
496 609 526 636 in
540 609 699 645 figuratam
714 610 870 644 Egyptum
887 607 1008 640 inducit,
1024 609 1066 634 te-

239 654 346 682 nebras
376 653 487 681 scilicet
517 653 690 689 passionum
719 655 748 680 et
777 651 1065 685 malitiam;nomen

238 698 353 734 Egypti
369 698 497 725 tenebras
512 700 541 724 et
555 697 694 724 malitiam
709 697 807 725 Graeco
821 704 956 725 sermone
977 695 1066 730 signi-

239 743 315 770 ficat.
331 742 365 770 Et
380 742 458 770 sicut
474 741 634 769 Abrahami
653 745 782 777 posteros
799 749 897 769 servos
921 740 1068 767 habebant

237 787 317 816 enim
333 786 457 822 Egyptii
473 786 508 814 ad
523 788 651 814 laterum
675 786 833 818 fictionem,
861 793 984 812 annonas
1018 785 1067 811 de-

237 832 314 859 fectu
331 833 468 858 vexantes
483 839 543 864 eos,
556 833 584 858 et
601 830 730 858 delentes
746 833 831 858 natos
846 838 880 857 ex
894 830 935 857 eis
952 836 1066 856 mascu-

239 876 340 909 los;sio
357 875 474 911 figurati
487 875 612 911 Egyptii
625 875 749 902 tenebris
761 874 954 909 {acti,lumine
969 873 1066 901 divino

241 922 442 953 abutentes,ut
457 921 548 948 servis
564 921 723 948 utebantur
734 919 913 953 hominibus,
926 927 976 946 eos
991 919 1067 946 male

241 964 392 1000 habentes,
408 964 451 992 vel
466 964 563 1000 potius
579 973 614 992 an
628 963 737 992 malum
754 964 958 999 perducentes;
975 963 1065 997 siqui-
1081 964 1084 968 '

238 1010 305 1037 dem
317 1010 345 1037 in
361 1009 441 1037 omni
458 1008 570 1036 malitia
586 1009 792 1045 provolvebant
807 1017 856 1036 eos
873 1012 900 1036 et
917 1008 976 1036 luto
994 1008 1066 1035 late-

237 1062 361 1089 rumque
378 1054 498 1088 iictioni,
515 1053 587 1081 dum
603 1054 658 1089 ipsi
685 1053 859 1087 otiarentur,
886 1052 1067 1080 adhibebant

237 1106 299 1132 eos,
322 1099 358 1126 ad
388 1100 535 1126 terrenum
565 1098 677 1126 scilicet
705 1101 734 1126 et
762 1099 1008 1131 stramentosum,
1037 1098 1067 1124 et

237 1143 433 1171 oombustioni
449 1143 628 1170 destinatum
644 1151 718 1178 opus
744 1143 906 1170 secuddum
935 1142 1065 1177 Evange-

236 1187 393 1215 1ium:sie
417 1186 497 1214 enim
535 1195 608 1222 opus
641 1186 825 1220 ;conliciendi
867 1185 967 1214 lateris
1002 1185 1066 1213 luto

238 1232 344 1259 miscet
359 1231 484 1266 paleam.
501 1231 680 1258 Occidebant
695 1239 812 1266 quoque
829 1229 1066 1258 masculosﬁum

238 1275 318 1304 enim
333 1275 426 1302 virilis
455 1275 591 1310 cogitatio
617 1275 646 1302 in
675 1275 773 1311 aliquo
797 1274 983 1308 nascebatur,
1009 1282 1065 1301 non

240 1319 451 1357 permittebant
464 1327 528 1347 eam
544 1319 748 1355 grandescere,
765 1319 815 1346 sed
841 1318 1066 1351 interﬁciebant,

241 1372 278 1392 ne
294 1372 425 1400 unquam
455 1364 533 1400 quod
560 1363 604 1392 tas
627 1366 672 1392 est
686 1362 829 1392 sentirent
844 1371 896 1392 nec
924 1362 1066 1391 malitiam

241 1409 376 1437 vitarent.

275 1498 310 1525 Et
321 1497 569 1534 quemadmodum
592 1500 677 1533 Deus,
694 1498 852 1526 Abrahami
882 1500 1066 1534 posterorum

239 1543 389 1576 misertus,
405 1545 521 1579 Moysen
546 1543 700 1579 delegavit,
729 1543 779 1578 qui
809 1543 909 1570 eduxit
938 1542 1003 1570 illos
1032 1551 1067 1571 ex

236 1588 358 1624 lEgypto
374 1590 402 1615 et
416 1587 555 1615 servitute
571 1588 705 1624 improba
731 1586 866 1616 liberavit
884 1595 890 1617 :
907 1587 949 1615 sic
975 1588 1067 1615 totius

241 1632 358 1668 generis
375 1631 498 1660 humani
516 1631 657 1660 misertus
668 1633 697 1659 et
713 1631 905 1668 figuratorum
934 1632 1066 1668 Egyptio

239 1685 306 1705 rum
322 1677 463 1704 servitute
480 1676 604 1704 liberare
633 1675 744 1710 volens,
762 1685 819 1704 non
835 1676 984 1712 angelum,
1016 1684 1068 1704 nec

241 1720 396 1749 hominem
413 1721 567 1756 delegavit,
580 1721 631 1748 sed
652 1721 750 1757 ipsum
762 1721 868 1748 Filium
884 1729 971 1749 suum
1002 1720 1068 1748 uni-

242 1765 388 1802 genitum.
405 1765 512 1800 Majore
528 1765 607 1792 enim
623 1765 733 1792 auxilio
750 1766 824 1800 op'us
844 1767 907 1793 erat
939 1765 1069 1793 humano

246 1810 344 1847 generi
363 1809 415 1837 toti
432 1817 520 1844 quam
535 1809 651 1836 Hebraeo
668 1809 786 1844 populo,
803 1809 853 1845 qui
870 1809 998 1837 universi
1015 1809 1069 1836 hu-

247 1854 327 1881 mani
343 1853 458 1887 generis
487 1853 603 1882 nonnisi
632 1853 788 1889 perexigua
816 1861 884 1889 pars
909 1855 980 1881 erat.
997 1853 1070 1881 Cum

248 1897 328 1925 enim
341 1896 420 1925 istud
437 1897 624 1933 subegissent
647 1897 794 1925 daemones
820 1897 960 1934 Egyptiis
989 1899 1072 1926 erant

248 1941 449 1977 terribiliores,
477 1944 506 1969 et
520 1942 556 1969 ad
573 1950 623 1970 eos
653 1943 836 1977 superandos
869 1943 986 1970 fortiore
1013 1943 1072 1970 illis

247 1995 321 2023 opus
344 1988 416 2014 erat.
445 1988 478 2013 Et
502 1987 753 2022 quemadmodum
779 1987 896 2023 Moyses
924 1987 1072 2015 lsraelitas

244 2039 326 2060 mare
341 2031 485 2064 dividens,
504 2039 555 2067 per
570 2031 641 2059 illud
661 2031 755 2059 siccos
770 2031 910 2066 traduxit,
923 2032 1072 2069 Egyptios

244 2078 344 2104 autem
362 2075 391 2103 in
408 2075 468 2103 ullo
496 2076 657 2104 submersit
681 2079 890 2112 persequentes
918 2085 967 2105 eos
996 2079 1074 2113 post-

239 2129 329 2157 quam
345 2129 360 2149 e
376 2120 511 2148 manibus
527 2129 628 2148 eorum
645 2122 826 2158 aufugerunt
840 2130 847 2149 :
866 2122 908 2149 sic
939 2121 1073 2150 Salvator

239 2168 339 2194 noster
350 2165 403 2193 sibi
413 2165 594 2192 confidentes
607 2168 635 2193 et
646 2166 769 2193 insidias
781 2166 947 2194 damonum
961 2166 1074 2202 fugien-

237 2213 283 2238 tes
296 2210 424 2238 traducit
447 2209 525 2237 ultra
555 2217 699 2237 oceanum
730 2210 914 2246 passionum,
945 2218 1072 2246 quarum

1119 247 1158 279 sic
1185 252 1236 286 γῆν
1252 248 1363 287 ῥέουσαν
1378 250 1441 286 μὲλι
1457 251 1502 278 καὶ
1517 251 1600 288 γάλα,
1617 253 1651 286 ἢν
1668 249 1774 289 ἔμελλε
1798 252 1879 283 δοῦναι
1897 261 1924 289 τῖμ

1120 292 1254 338 σπέρματι
1277 293 1370 330 αὐτοῦ,
1396 295 1486 326 καθὼς
1507 287 1815 334 αὖτῷγὲπηγίγείλατο,
1830 299 1890 327 οὕτω
1907 287 1924 338 ἐξ

1119 337 1210 375 ἀρχῆς
1223 338 1268 365 τὸν
1286 338 1427 377 ἄνθρωπον
1442 339 1472 367 ἐκ
1492 341 1580 375 πάσης
1603 343 1659 373 τῆς
1681 341 1796 374 κτίσεως
1815 342 1926 380 ἐπῳκειώ-

1120 392 1185 409 σατο
1213 382 1257 409 καὶ
1285 382 1358 414 ἔθετο
1384 384 1423 415 εἰς
1450 385 1482 412 τὸ
1509 389 1616 424 τρυφῆς
1633 386 1756 423 χωρίον,
1774 386 1841 425 λέγω
1855 388 1882 424 δὴ
1894 391 1925 417 τὸν

1119 425 1294 463 παράδεισον,
1311 426 1474 465 ἐνδιαίτημα
1488 431 1582 456 τοῦτον
1604 429 1753 466 μέλλοντα
1779 430 1858 470 ἔχειν,
1871 434 1926 471 εἷμὴ

1119 469 1225 508 παρέϐη
1254 472 1304 506 τήν
1332 472 1456 508 ἐντολήν·
1488 474 1531 501 καὶ
1563 474 1601 505 ὡς
1636 475 1665 502 οἱ
1681 474 1868 515 τοῦᾊϐραὰμ
1882 469 1927 514 μιτ-

1120 515 1229 551 ῲκησαν
1259 516 1296 547 είς
1334 515 1469 554 Δί’γυπτον
1495 516 1539 545 διὰ
1569 519 1739 557 βρώματος,
1766 520 1833 548 οὕτω
1853 522 1890 549 καὶ
1910 524 1927 550 ol

1120 559 1343 597 πρωτόπλαστοι,
1379 561 1508 599 βρώσεως
1538 563 1724 598 ἡττηθέντες,
1752 567 1799 592 τοῦ
1826 566 1928 604 Repulsi-

1121 615 1179 639 σου,
1194 603 1261 643 φεῦι
1293 606 1508 642 μετῳκίσθησαν,
1524 607 1568 634 καὶ
1583 607 1623 638 εἰς
1638 608 1693 642 τήν
1714 610 1860 645 νοουμένην
1879 621 1926 638 κατ-

1120 650 1249 686 ήχθησπν
1278 649 1425 687 Αἴγυπτον,
1442 651 1480 682 εἰς
1493 651 1525 679 τὸ
1540 649 1640 684 σκότος
1667 651 1779 688 δηλαδὴ
1802 655 1832 682 τὸ
1845 654 1871 682 ἐκ
1887 659 1926 683 τῶν

1121 695 1212 721 παθων
1229 694 1272 722 καὶ
1293 695 1343 729 τήν
1368 695 1393 730 ἐξ
1417 695 1505 724 αὐτῶν
1527 697 1663 724 κάκωσιν*
1681 698 1715 725 τὸ
1738 698 1790 736 γὰρ
1805 697 1881 735 ὄνομα
1892 704 1927 735 τῆς

1121 738 1260 776 Αῗγύπτου
1289 739 1383 770 σκότος
1407 740 1450 767 καὶ
1479 741 1598 768 κάκωσιν
1627 741 1719 777 δηλοῖ
1742 742 1926 781 ὲξελληνιζόμε-

1120 793 1177 810 νον·
1205 783 1249 810 καὶ
1275 783 1312 816 ὡς
1331 786 1390 815 τοῖς
1414 784 1439 819 ἐξ
1465 782 1592 822 Ἀϐραὰμ
1618 786 1650 813 οἱ
1677 786 1823 825 Αἰγύπτιοι
1838 788 1870 819 ὡς
1881 787 1925 816 30'3-

1122 826 1181 858 λοις
1198 827 1346 865 ἐκέχρηντο
1375 830 1414 864 τῷ
1437 827 1522 865 πηλῷ
1545 830 1589 857 καὶ
1604 832 1642 868 τῇ
1659 830 1787 867 πλινθίᾳ,
1815 831 1926 860 ταλαιπω-

1123 874 1232 909 ροῦντες
1255 872 1353 903 αὐτοὺς
1377 872 1463 909 σίτου,
1488 873 1533 901 καὶ
1557 874 1740 912 ἀναιροῦντες
1762 876 1796 903 τὰ
1814 876 1838 911 ἐξ
1862 876 1925 904 αὐτῶν

1120 917 1252 954 γενόμενα
1266 916 1374 955 ἄρρενα,
1405 917 1536 945 οὕτωκαὶ
1566 919 1591 946 οἳ
1622 920 1725 956 νοητοὶ
1753 920 1886 958 Αἰγύπτιοι
1907 921 1924 948 οἳ
1972 946 1973 951 η

1122 962 1216 992 σκότος
1233 961 1367 999 ἐγένοντο,
1391 961 1569 994 ἐκπάσσοντες
1598 967 1649 992 τοῦ
1683 965 1760 998 θείου
1790 966 1878 1004 φωτὸς,
1895 967 1923 993 οἷα

1121 1005 1216 1033 δοῦλοι
1243 1008 1277 1043 τῇ
1305 1007 1460 1044 ἀνθρωπεία
1489 1007 1566 1046 φύσει
1591 1009 1771 1047 ἐκέχρηντο,
1810 1012 1921 1041 κακοῦντες

1120 1050 1218 1082 αὐτοὺς
1242 1051 1259 1085 ἢ
1283 1051 1443 1083 κακύνοντες
1468 1051 1586 1089 μᾶλλον·
1615 1054 1655 1085 ὡς
1684 1054 1726 1085 εἰς
1745 1057 1830 1082 πᾶσαν
1855 1056 1919 1082 κακίαν

1121 1096 1218 1128 αὐτοὺς
1245 1095 1433 1133 ἐγκυλίσαντες
1466 1098 1509 1124 καὶ
1539 1100 1579 1134 τῷ
1593 1098 1681 1134 πηλῷ
1697 1099 1746 1126 καὶ
1771 1101 1804 1136 τῇ
1826 1099 1918 1133 πλινθείᾳ

1121 1139 1259 1178 σχολάσαι
1275 1140 1406 1175 διηνεκῶς
1429 1138 1608 1176 ἑκϐιάζοντες,
1635 1145 1699 1174 τοῖς
1723 1143 1829 1181 γηΐνοις
1850 1143 1920 1176 δηλον-

1121 1184 1163 1211 ότι
1187 1185 1231 1212 καί
1256 1183 1410 1222 ἆχυρώδεσι
1440 1185 1591 1223 πράγμασι,
1613 1187 1662 1214 καὶ
1679 1187 1720 1218 εἰς
1734 1190 1827 1216 καῦσιν
1850 1187 1921 1215 ἀποτι-

1119 1230 1263 1266 ταγμὲνοις
1300 1229 1368 1256 κατᾶ
1402 1229 1433 1256 τὸ
1472 1230 1651 1268 Εὐαγγὲλιον·
1690 1234 1816 1260 τοιοῦτον
1850 1233 1921 1270 γὲρὴ

1121 1271 1234 1304 πλινθία
1255 1272 1339 1309 πηλῳ
1364 1273 1542 1312 συμφόρουσα
1571 1275 1673 1314 ἄχυρα·
1704 1277 1821 1314 ἀνῄρουν
1848 1275 1872 1304 δὲ
1892 1277 1922 1303 καὶ

1120 1317 1154 1345 τὰ
1166 1316 1276 1355 ἇῤῥίνα·
1303 1317 1327 1344 si
1352 1317 1402 1355 γάρ
1424 1329 1465 1350 τις
1489 1318 1668 1357 ἀρρενοποιὸς
1699 1321 1832 1358 λογισμὸς
1849 1320 1922 1358 ἐτέχθη

1121 1362 1185 1398 τινὶ,
1215 1361 1264 1390 οὐκ
1291 1360 1353 1390 εἶ’ων
1389 1361 1561 1400 ἀνδρωθῆναι
1601 1364 1697 1401 αὑτὸν,
1729 1365 1796 1394 ἀλλ’
1821 1366 1921 1403 ἀνῄρουν,

1118 1405 1163 1434 ’ίνα
1193 1407 1231 1443 μή
1261 1417 1328 1434 ποτε
1341 1407 1373 1434 τὸ
1389 1406 1448 1435 δέον
1464 1409 1620 1446 φρονήσωσι
1636 1411 1683 1438 καὶ
1708 1411 1761 1445 τὴν
1785 1409 1869 1438 κακίαν
1893 1409 1922 1436 bi-

1121 1450 1236 1490 φύγωσι.

1158 1496 1206 1523 Καὶ
1234 1495 1324 1533 ὥσπερ
1340 1495 1403 1527 τοὺς
1427 1496 1452 1532 ἐξ
1476 1494 1602 1534 Ἀϐραὰμ
1617 1497 1756 1536 οίκτιίρας
1778 1500 1792 1526 ὁ
1806 1499 1872 1533 Θεὸς,
1891 1497 1922 1524 τὸν

1122 1542 1241 1573 Μωυσῆν
1279 1540 1459 1576 ἐξαπέστειλε,
1497 1545 1546 1576 τῆς
1581 1541 1724 1580 Αἷγύπτου
1765 1543 1869 1573 τούτους
1892 1541 1923 1576 ἰξ-

1123 1586 1224 1622 άγοντα
1246 1585 1289 1612 καὶ
1320 1583 1538 1622 ἐλευθερώσαντα
1562 1590 1612 1621 τῆς
1639 1587 1770 1625 χαλεπῆς
1800 1586 1921 1619 δουλείας,

1122 1629 1194 1656 οὕτω
1221 1629 1266 1656 καὶ
1294 1629 1326 1656 τὸ
1350 1629 1428 1666 γένος
1455 1629 1525 1657 ἅπαν
1549 1632 1740 1670 κατοικτείρας
1754 1633 1785 1660 τὸ
1813 1631 1922 1669 βρότειον,

1122 1673 1167 1700 καὶ
1195 1677 1245 1708 τῆς
1275 1671 1400 1704 δουλείας
1419 1675 1473 1701 τῶν
1499 1675 1651 1712 νοουμένων
1678 1676 1832 1714 Αἰγυπτίων
1858 1673 1921 1710 ἐξελί-

1125 1724 1184 1750 σθαι
1198 1717 1325 1752 θελήσας,
1353 1717 1403 1746 οὐκ
1429 1717 1546 1756 ἄγγελον
1575 1720 1746 1758 ἀπέστειλεν,
1777 1719 1837 1748 οὐδὶ
1851 1719 1923 1756 μέντοι

1123 1773 1155 1799 γε
1169 1761 1322 1799 ἄνθρωπον.
1340 1761 1402 1790 ἀλλ’
1417 1763 1497 1790 αὐτὸν
1512 1764 1557 1791 τὸν
1575 1765 1635 1792 Υἶὸν
1660 1765 1745 1794 αὐτοῦ
1770 1766 1815 1793 τὸν
1834 1772 1922 1801 μονογε-

1124 1810 1169 1841 νῆ,
1188 1806 1308 1843 μείζονος
1331 1806 1380 1844 γὰρ
1403 1805 1488 1834 ἐδεῖτο
1515 1807 1672 1846 ἐπικουρίας
1702 1811 1720 1845 ἡ
1752 1809 1869 1846 σύμπασρ
1881 1809 1921 1834 τῶν

1125 1851 1274 1888 ἀνθρώπων
1303 1851 1380 1889 φύσις
1410 1850 1427 1885 ἢ
1443 1852 1473 1879 τὸ
1488 1854 1542 1879 τῶν
1557 1850 1692 1890 Ἐϐραίων
1722 1852 1804 1889 ἔθνος,
1821 1851 1893 1890 μέρος
1905 1851 1926 1878 δν

1128 1894 1217 1934 βραχύ
1232 1905 1258 1922 τι
1273 1899 1322 1930 τῆς
1337 1897 1390 1923 τῶν
1407 1896 1557 1933 ἀνθρώπων
1582 1897 1691 1926 πάντων
1718 1898 1857 1933 ὁλότητος·
1882 1894 1925 1923 ἐπεὶ

1125 1939 1171 1967 καὶ
1198 1940 1225 1966 οἱ
1257 1939 1357 1973 ταύτην
1387 1939 1642 1973 καταδουλώσαντες
1667 1941 1797 1980 δαίμονες
1823 1944 1870 1969 τῶν
1889 1939 1925 1968 Αἱ·

1126 1984 1248 2022 γύπτίων
1275 1985 1343 2019 ἦσαν
1370 1983 1535 2023 δεινότεροι,
1565 1986 1610 2014 καὶ
1633 1989 1681 2014 τοῦ
1717 1987 1868 2023 κατάξοντπ
1891 1983 1925 2012 αὖ·

1126 2028 1188 2060 τοὺς
1212 2028 1390 2066 ἷσχυροτὲρου
1413 2027 1552 2066 δεόμενοι.
1581 2031 1633 2058 Καὶ
1663 2029 1755 2070 ὥσπερ
1785 2033 1798 2059 ό
1827 2031 1924 2061 Μωῦσῆε

1126 2073 1189 2105 τοὺς
1213 2073 1384 2111 Ἰσραηλίτας
1409 2074 1459 2109 τήν
1483 2073 1617 2106 θάλασσαν
1647 2074 1795 2114 διατεμὼν,
1818 2072 1924 2112 ἀϐρόχωτ

1128 2117 1162 2146 δι’
1187 2118 1271 2153 αὐτῆς
1296 2115 1451 2153 διεϐίϐασε,
1483 2118 1546 2150 τοὺς
1577 2118 1606 2147 δὶ
1633 2119 1799 2158 Αἰγυπτίους
1826 2119 1849 2147 ὲν
1872 2116 1924 2150 αὐτῇ

1126 2162 1300 2190 κατεπόντισε
1316 2162 1463 2194 διώκοντας
1491 2162 1599 2199 αὐτοὺς,
1627 2164 1671 2191 καὶ
1700 2166 1768 2202 μετὰ
1785 2165 1831 2198 τήν
1847 2161 1871 2190 ἐκ
1882 2161 1922 2188 τῶν

1127 2210 1228 2246 χειρῶν
1258 2206 1366 2235 ἐκείνων
1395 2206 1560 2245 ἀπόδρασιν,
1587 2208 1660 2236 οὕτω
1689 2211 1734 2238 καὶ
1764 2210 1778 2237 ὁ
1806 2203 1923 2243 Σωτήρδ

239 2254 470 2282 amaritudinem
487 2262 545 2281 non
561 2256 683 2289 gustant
700 2262 706 2282 :
723 2254 871 2282 daemones
887 2257 983 2282 autem
1001 2256 1067 2283 sub-

1125 2253 1258 2289 ὖμέτερος
1281 2251 1348 2283 τοὺς
1372 2251 1446 2288 αὐτῷ
1473 2253 1650 2289 πειθομένους
1673 2255 1719 2282 καὶ
1746 2258 1794 2290 τῆς
1821 2249 1921 2281 δουλείας

238 2299 346 2335 mergit
360 2301 388 2326 et
403 2298 537 2325 suﬁ‘ocat.
564 2297 703 2325 Videntes
725 2299 803 2325 enim
829 2298 974 2332 homines,
996 2308 1069 2335 quos

237 2342 319 2378 prius
335 2341 730 2374 dominabantur,absolutos
745 2341 864 2370 illorum
881 2343 1024 2371 servitute
1040 2346 1069 2372 et

237 2387 336 2422 potius
351 2386 423 2421 ipsis
439 2385 631 2420 imperantes,
649 2387 676 2412 et
690 2386 775 2421 quasi
790 2395 880 2422 super
900 2387 1020 2422 nspides
1041 2390 1070 2416 et

237 2430 373 2458 basilicas
384 2429 572 2457 ambulantes
582 2438 678 2466 super
692 2438 753 2464 eos,
770 2431 819 2466 qui
844 2431 943 2459 leones
973 2432 1069 2460 vides.

235 2476 284 2502 tur
299 2476 327 2502 et
343 2473 547 2502 fortitudinem
564 2474 792 2510 aspiranl,vaide
804 2475 958 2503 irritantur
969 2478 998 2504 et
1009 2477 1069 2504 suf-

235 2520 378 2548 focantur.
397 2518 498 2546 Vocari
513 2522 637 2555 possunt
662 2519 751 2547 iidem
781 2522 810 2547 et
836 2519 972 2553 tertiarii,
998 2510 1069 2556 quia

235 2567 296 2593 tres
311 2564 415 2592 animas
432 2566 528 2599 partes
545 2567 688 2600 occupant
702 2567 730 2591 ot
745 2564 787 2591 sic
810 2571 860 2591 eos
888 2564 938 2599 qui
970 2564 1067 2600 negli-

235 2609 382 2646 gentiores
410 2610 490 2640 sunt,
535 2616 711 2645 quocunque
743 2607 901 2644 voluerint,
940 2608 1062 2637 ducunt.

232 2653 406 2690 Composita)
419 2654 517 2681 autem
534 2655 604 2680 sunt
615 2653 675 2681 σάω
692 2661 743 2688 pro
756 2653 845 2680 certis
862 2653 1058 2688 temporibus:

231 2707 320 2736 quam
337 2698 373 2726 ob
389 2705 451 2726 rem
462 2697 600 2725 omnibus
611 2697 723 2724 caeteris
734 2697 790 2725 ista
806 2697 956 2733 proposita
971 2698 1058 2727 estJn

231 2743 306 2771 libro
321 2743 399 2771 enim
411 2742 501 2770 Exodi
517 2750 533 2768 a
544 2743 640 2777 Moyse
655 2741 807 2777 scribitur,
825 2744 880 2770 etc.

1123 2299 1176 2325 τῶν
1204 2296 1340 2333 δαιμόνων
1370 2295 1628 2334 ἀποδιδράσκοντας,
1649 2296 1800 2333 διαϐιϐάζει
1821 2297 1864 2331 τὴν
1885 2292 1921 2320 θά-

1125 2341 1224 2369 λασσαν
1237 2343 1290 2368 τῶν
1307 2342 1412 2375 παθῶν,
1428 2340 1572 2378 ἀγεύστους
1599 2346 1739 2381 συντηρῶν
1764 2347 1812 2378 τῆς
1833 2337 1920 2376 πικρίας

1124 2386 1222 2413 αὐτῶν·
1238 2385 1301 2416 τοὺς
1327 2383 1457 2421 δαίμονας
1481 2384 1510 2413 δὲ
1533 2391 1697 2415 καταποντιῖ
1710 2399 1740 2416 τε
1753 2388 1797 2416 καὶ
1825 2380 1920 2413 ἀποπνί-

1123 2439 1182 2467 γει·
1215 2431 1331 2466 ὁρῶντες
1359 2432 1409 2467 γὰρ
1447 2429 1510 2461 τοὺς
1547 2430 1706 2469 ἀνθρώπους
1736 2433 1772 2461 ὦν
1797 2430 1854 2469 πρὶν
1875 2427 1920 2455 ἐκυ-

1124 2475 1225 2512 ρίευον,
1241 2473 1424 2505 ἀπολυθέντας
1439 2477 1490 2509 τῆς
1514 2475 1672 2512 τυραννίδος
1698 2478 1783 2505 αὐτῶν
1805 2474 1847 2503 καὶ
1865 2470 1920 2509 μᾶλ-

1123 2518 1170 2546 λον
1196 2517 1288 2549 αὐτοις
1315 2517 1518 2553 ἐπιτάσσοντας,
1543 2520 1587 2547 καὶ
1619 2521 1657 2553 ὡς
1679 2520 1724 2549 ἐπὶ
1755 2518 1865 2549 ἀσπίδων
1886 2511 1919 2542 καῖ

1124 2562 1288 2600 βασιλίσκων
1314 2562 1355 2589 ἐπ’
1381 2562 1478 2595 αὐτοὺς
1501 2561 1708 2601 ἐπιϐαίνοντας,
1739 2565 1801 2596 τοὺς
1829 2563 1919 2591 λέοντας

1121 2607 1266 2639 δοκοῦντας
1281 2607 1324 2635 καὶ
1341 2605 1488 2645 δράκοντας
1511 2608 1560 2643 τὴν
1585 2609 1677 2647 ἰσχὺν,
1706 2604 1879 2647 πικραίνονταί
1898 2611 1919 2647 τξ

1120 2651 1223 2692 σφόδρα
1250 2651 1295 2680 καὶ
1320 2651 1532 2690 ἀποπνίγονται.
1563 2653 1623 2682 Εἶεν
1646 2653 1670 2682 δ’
1693 2655 1723 2682 ἃν
1748 2655 1774 2683 οἱ
1795 2651 1862 2681 αὐτοὶ
1883 2644 1917 2675 καί

1118 2698 1266 2736 τριστάται,
1297 2697 1334 2728 ὡς
1359 2697 1392 2724 τά
1420 2700 1537 2734 τριμερῆ
1566 2701 1616 2733 τῆς
1632 2700 1724 2737 ψυχῆς
1747 2695 1917 2728 ἐπιϐαίνοντες”

1117 2741 1160 2770 καὶ
1186 2740 1222 2769 δι’
1251 2740 1333 2768 αὐτοῦ
1366 2740 1430 2772 τοὺς
1466 2740 1663 2780 ἀμελεστέρους
1699 2745 1767 2771 ὅπου
1795 2738 1916 2780 βούλονται

232 2787 356 2824 ἄγοντες.
374 2787 511 2815 Τέθεινται
527 2783 556 2812 δὲ
569 2785 597 2812 αἱ
612 2783 680 2821 ᾠδαὶ
695 2785 763 2813 κατὰ
775 2785 839 2818 τοὺς
855 2785 956 2814 οἰκείου
971 2786 1098 2825 χρόνευς·
1115 2787 1174 2815 ὅθεν
1190 2786 1235 2814 καὶ
1252 2786 1290 2818 ὡς
1304 2785 1506 2825 προγενεστὲρα
1520 2786 1587 2822 αὕτη
1603 2790 1656 2816 τῶν
1674 2787 1767 2816 ἄλλων
1791 2782 1916 2823 προτέτακ-

233 2840 290 2859 ται·
307 2830 334 2859 ἐν
352 2831 403 2869 γὰρ
419 2833 454 2868 τῇ
469 2833 518 2866 τῆς
535 2829 645 2866 Ἐξόδου
661 2828 751 2869 βίϐλῳ
766 2832 896 2864 Μοϋσὲως
911 2832 1072 2871 γέγραπται,
1086 2843 1114 2864 κ.
1128 2844 1153 2861 τ.
1171 2831 1198 2861 λ.
