1973 3154
197 168 255 199 431

871 161 1036 194 JOANNIS
1059 161 1232 192 ΖΟΝΔΚΔΞ

1839 167 1892 198 432

200 237 246 264 est
256 229 390 272 persona,
406 242 469 271 quae
485 233 535 262 uni
551 241 585 261 ex
600 232 810 269 illisoopulata,
826 239 859 259 eo
874 230 1020 264 defuncto,

1077 237 1133 261 ται,
1148 227 1295 265 πρόσωπον
1326 227 1351 256 δ’
1378 226 1469 267 ἕτερόν
1499 230 1554 258 ἐστι
1580 231 1612 259 τὸ
1643 232 1747 260 τούτων
1774 232 1810 260 ἐνὶ
1837 244 1890 261 συν-

201 280 387 308 Iobrinorum
404 278 552 314 superstiti
565 280 609 305 est
619 276 915 313 copulanda,nuptias
931 273 1026 302 licitas

203 325 394 352 arbitrantur.
416 323 506 350 Aiunt
522 322 630 358 quippe
646 330 677 349 se
692 321 768 349 nolle
784 319 883 356 regula
898 327 963 347 esse
980 326 1026 346 re—

202 369 318 402 ctiores,
334 370 422 404 atque
438 376 472 395 ea
487 366 605 402 quidem
619 374 683 402 qum
702 365 748 392 lex
775 363 877 398 vetuit,
893 363 993 391 eadem
1011 370 1028 389 a

203 421 234 441 se
248 421 364 449 quoque
378 412 468 440 vetari
482 420 489 447 ;
506 420 569 447 quas
585 419 650 439 vero
663 409 712 437 illa
721 417 787 437 cum
801 408 957 445 prohibitis
969 415 1027 434 non

203 457 362 492 recensuit,
391 457 479 484 etiam
510 465 527 484 a
554 464 585 483 se
614 454 752 490 permitti.
778 454 843 482 Hec
872 453 968 488 itaque
984 453 1028 479 est

206 501 294 530 unius
308 501 400 538 partis
416 500 567 537 responsio
583 500 620 528 ad
636 498 908 535 interrogationem,
933 503 1027 532 eoque

205 548 290 582 pacto
307 545 342 573 ab
358 545 394 573 iis
409 544 514 581 quaetio
531 544 662 572 solvitur.

239 687 266 714 3.
283 688 371 715 Porro
387 687 437 723 qui
464 695 499 715 ex
526 686 661 723 opposita
689 687 771 722 parte
800 686 880 718 sunt,
904 685 1027 713 vetitum

203 738 268 759 esse
280 731 309 759 id
325 731 547 759 matrimonium
563 735 649 767 atque
664 730 801 757 illicitum
826 729 1027 757 existimantes

204 778 232 803 et
243 780 418 811 asserentes,
431 775 605 804 sententiam
629 783 712 803 suam
728 774 796 802 inde
806 773 1025 808 oonstnbiliunt,

204 822 293 856 atque
308 820 417 854 dicunt,
435 821 511 855 quod
528 819 721 856 legislatores,
738 819 774 846 de
789 818 901 853 nuptiis
916 818 1027 846 illicitis

205 872 238 892 ac
252 864 416 892 interdictis
431 865 606 899 sancientes,
617 864 646 892 in
662 863 888 891 ascendentibus
904 863 1024 899 quidem

205 910 234 936 et
249 908 505 944 descendentibus,
531 909 567 937 ad
596 908 745 936 inﬁnitum
775 908 893 943 nuptias
925 907 1013 936 vetita
1041 929 1067 963 Β

204 960 268 980 esse
278 953 440 987 deﬁniunt;
458 954 487 981 in
503 953 540 981 iis
560 961 626 981 vero
643 953 692 989 qui
722 961 756 981 ex
783 955 950 980 transverso
979 961 1027 980 co-

203 997 528 1034 gnationejunguntur,
546 1001 699 1034 postquam
715 998 856 1033 quasdam
873 1005 1027 1025 enumera-

203 1044 307 1070 veruut
324 1050 475 1076 personas,
491 1050 598 1078 easque
616 1045 757 1078 tanquam
773 1041 905 1077 exempla
922 1049 1025 1077 posue-

1081 272 1179 316 arpbév,
1196 273 1324 300 κάκείνου
1350 274 1544 312 παρελθόντος,
1572 278 1611 312 τῷ
1636 276 1830 316 περιλειφθέντι
1847 281 1893 306 τῶν

1082 315 1278 355 δισεξαδέλφων
1315 319 1573 358 συναφθησόμενον·
1602 321 1647 348 τὸν
1681 315 1771 360 γάμον
1798 322 1893 350 ἀκώλυ-

1080 371 1126 388 τον
1151 360 1264 399 ἥγηνται
1283 384 1289 390 .
1321 363 1365 396 Μή
1399 363 1449 400 γὰρ
1485 363 1586 392 ἐθέλειν
1625 365 1689 393 εἶναι
1720 367 1769 394 τοῦ
1796 368 1895 400 κανόνος

1083 405 1219 444 εύθότεροι
1250 405 1384 444 λέγουσιν*
1413 407 1478 435 ἀλλ’
1503 407 1520 435 ἃ
1545 409 1591 445 μὶν
1622 410 1635 437 6
1663 411 1748 447 νόμος
1778 411 1895 449 ἐκώλυσι,

1081 452 1165 478 ταῦτα
1187 450 1358 483 κεκωλύσθαι
1382 451 1426 479 καί
1448 453 1516 489 πρὸς
1540 453 1637 480 αότῶν“
1653 454 1670 482 ἃ
1685 454 1708 482 δ’
1733 455 1832 488 ἐκεῖνος
1846 459 1898 489 τοῖς

1082 494 1285 539 κεκωλυμένοις
1314 495 1345 523 οὗ
1385 496 1605 534 συνηρίθμησιν,
1635 497 1824 539 ἐπιτετράφθαι
1858 501 1898 528 καὶ

1082 538 1156 577 παρὰ
1171 541 1257 577 σφῶν.
1283 539 1357 574 Αὕτη
1384 541 1431 577 μὶν
1456 541 1501 568 οὗν
1517 543 1534 577 ἡ
1557 544 1607 575 τῆς
1631 546 1694 580 μιᾶς
1719 538 1815 583 μοίρας
1838 545 1899 573 ἀπό-

1083 593 1171 621 κρισις
1201 584 1268 622 πρὸς
1292 583 1324 612 τὰ
1350 583 1542 623 ἐρωτώμενον·
1572 586 1617 614 καὶ
1646 587 1717 616 οὕτω
1742 589 1848 622 τούτοις
1872 591 1899 618 τὸ

1085 629 1194 665 ζήτημα
1210 627 1312 656 λύεται.

1117 682 1150 719 γ’.
1167 683 1201 710 Οἱ
1217 681 1246 710 δὲ
1268 685 1318 717 τῆς
1344 683 1456 721 θατέρας
1480 683 1603 722 μερίδος,
1627 685 1819 723 κεκωλυμένον
1843 687 1899 714 εἶναι

1081 727 1127 754 τὸν
1152 725 1241 764 γάμον
1264 726 1449 771 καὶᾷθεσμον
1473 728 1516 755 καὶ
1542 727 1698 765 δοξάζοντες
1720 731 1766 759 καὶ
1791 732 1900 771 ἀποφαι-

1082 771 1203 808 νόμενοι,
1228 770 1273 798 τὸν
1299 770 1401 798 οῗκεῖον
1428 771 1511 810 λόγον
1537 772 1657 806 ἐντεῦθεν
1682 770 1900 804 ωνιπῶσιινκαὶ

1083 815 1207 852 λέγουσιν
1225 824 1232 831 ’
1263 815 1300 847 ὡς
1329 816 1354 843 οἱ
1382 817 1536 852 νομοθέται,
1565 818 1628 856 περὶ
1656 819 1753 856 γάμων
1783 820 1899 857 ἀθέσμων

1081 859 1125 887 καὶ
1145 858 1343 896 κεκωλυμένων
1373 859 1543 896 θεσπίζων-τες
1567 862 1611 889 ἐπὶ
1637 863 1684 900 μὶν
1710 864 1839 892 ἀνιόντων
1862 866 1900 892 καὶ

1081 903 1228 932 κατιόντων
1252 904 1291 935 εἷς
1313 904 1462 942 ἀπέραντον
1485 905 1655 939 κεκωλύσθαι
1676 908 1722 936 τὸν
1744 908 1835 947 γάμον
1851 909 1899 947 ὀρί-

1084 951 1186 983 ζουσιν¹
1209 948 1253 976 ἐπὶ
1279 948 1307 976 δὲ
1332 959 1363 987 γε
1389 951 1442 977 τῶν
1471 949 1502 977 ἐκ
1529 950 1658 989 πλαγίου,
1688 953 1826 991 πρόσωπά
1849 964 1900 981 τινα

1083 994 1362 1030 ἀπαρίθμησάμενοι,
1391 994 1436 1022 καὶ
1464 996 1548 1022 ταῦτα
1577 996 1666 1028 θέντες
1695 998 1793 1025 ὡσανεὶ
1824 1009 1899 1036 παρα-

1081 1037 1212 1075 δείγματα
1234 1041 1288 1066 τῶν
1313 1038 1511 1076 κεκωλυμένων
1537 1040 1644 1077 γάμων,
1669 1041 1726 1069 ἐπεὶ
1751 1043 1791 1080 μὴ
1810 1044 1900 1071 οἷόντε

203 1088 273 1113 runt
296 1086 518 1114 interdictarum
549 1087 730 1122 nuptiarum,
762 1087 832 1122 quia
855 1086 964 1122 singuli
993 1094 1020 1114 ex

1081 1082 1270 1120 κεκωλυμένον
1298 1083 1402 1120 βαθμὸν
1426 1081 1538 1111 ἕκαστον
1561 1087 1614 1112 τῶν
1640 1085 1669 1113 ἐκ
1692 1086 1813 1125 πλαγίου
1833 1088 1899 1126 πέρι-

203 1131 370 1158 transverso
384 1131 492 1166 gradus
507 1131 588 1159 vetiti
603 1131 733 1158 oratione
748 1130 954 1166 comprehendi
967 1139 1025 1158 non

202 1175 571 1210 poterant,subjunxerunt
585 1175 779 1211 generaliter:
793 1176 824 1203 [η
837 1176 954 1211 nuptiis,
969 1183 1025 1202 non

201 1218 232 1246 id
256 1219 334 1247 modo
360 1219 431 1255 quod
458 1221 624 1256 permissum
651 1223 702 1255 est,
730 1220 778 1248 sed
793 1221 878 1248 etiam
897 1219 925 1247 id
953 1219 1023 1256 quod

199 1263 328 1291 decorum
343 1266 382 1291 est
396 1266 425 1291 et
439 1264 589 1298 honestum,
606 1267 762 1301 naturaque
767 1266 891 1301 justum,
921 1265 1022 1300 quart-

197 1308 333 1336 mua.Non
342 1308 419 1335 enim
429 1309 514 1344 quasi
522 1309 550 1336 in
562 1309 621 1336 illis
632 1309 859 1344 prohibitionem
871 1309 1021 1341 sisterent,

198 1352 385 1380 sobrinorum
416 1354 594 1381 mentionem
624 1355 773 1387 fecerunt;
804 1354 855 1381 sed
886 1361 1020 1381 sermone

194 1396 287 1425 instar
322 1397 446 1433 exempli
475 1398 582 1434 posito,
626 1400 725 1434 postea
754 1398 783 1425 id
827 1398 1019 1426 subdiderant

193 1442 271 1477 quod
288 1444 350 1469 erat
364 1441 568 1470 universalius.
584 1443 683 1478 Neque
699 1443 729 1470 in
757 1443 794 1470 iis
810 1443 951 1470 duntaxat
967 1442 1018 1478 qui

193 1488 263 1514 sunt
278 1486 411 1521 alatere,
427 1487 455 1514 id
482 1487 585 1515 fecisse
614 1487 813 1521 inveniuntur,
845 1488 896 1514 sed
919 1489 947 1514 et
986 1487 1016 1514 in

194 1531 320 1559 naturali
344 1531 490 1567 progenie.
516 1531 588 1560 Nam
614 1539 679 1560 cum
700 1532 781 1568 prius
811 1532 846 1559 de
871 1531 1016 1567 adoptivis

194 1575 283 1604 locuti
298 1578 408 1610 essent,
424 1576 481 1604 ista
496 1584 612 1612 quoque
634 1576 826 1604 addiderunt:
838 1577 951 1604 Etenim
964 1584 1015 1603 na-

1082 1125 1196 1162 λαϐεῖν,
1225 1127 1360 1166 ἐπήγαγον
1389 1130 1513 1165 γενικῶς·
1531 1130 1574 1156 Ἐν
1600 1133 1658 1161 τοῖς
1687 1131 1790 1169 γάμοις
1819 1133 1848 1160 οὐ
1866 1125 1899 1160 τὸ

1080 1172 1335 1211 ἐπιτετραμμένον,
1366 1171 1439 1200 ἀλλὰ
1474 1172 1520 1200 καί
1553 1174 1584 1202 τὸ
1621 1174 1751 1213 εὐπρεπὲς
1789 1177 1836 1205 καὶ
1866 1187 1900 1205 σε·

1080 1217 1144 1253 μνὸν
1174 1217 1219 1244 καὶ
1236 1216 1311 1256 φύσει
1326 1215 1429 1244 δίκαιον
1461 1219 1605 1255 ζητοῦμεν.
1637 1220 1675 1248 Οὐ
1691 1220 1743 1259 γὰρ
1759 1221 1797 1252 ὡς
1811 1222 1900 1260 μέχρις

1077 1260 1186 1289 ἐκείνων
1219 1260 1339 1292 ἱστάντες
1371 1262 1421 1296 τὴν
1444 1261 1562 1290 κώλυσιν
1581 1286 1588 1299 ,
1612 1266 1666 1291 τῶν
1706 1263 1899 1306 δισεξαδέλφων

1077 1305 1259 1342 ἐμνήσθησαν·
1290 1305 1352 1333 ἀλλ’
1378 1305 1467 1343 ὥσπερ
1499 1306 1650 1345 ὑπόδειγμα
1677 1309 1722 1336 τὸν
1750 1309 1836 1348 λόγον
1863 1322 1896 1338 τι-

1076 1351 1201 1387 θέμενοι,
1231 1351 1325 1390 ἐφεξῆς
1355 1350 1492 1388 ἐπήγαγον
1519 1352 1551 1379 τὸ
1577 1351 1796 1391 καθολικώτερον
1813 1377 1820 1383 .
1851 1356 1893 1383 Καὶ

1075 1395 1124 1423 οὐκ
1138 1394 1249 1422 ἐπὶτῶν
1276 1395 1305 1422 ἐκ
1327 1394 1447 1432 πλαγίου
1472 1395 1554 1432 μόνον
1578 1399 1659 1425 τοῦτο
1684 1400 1826 1432 ποιοῦντες
1853 1401 1892 1428 εὗ-

1073 1441 1220 1478 ρίσκονται,
1249 1439 1321 1467 ἀλλὰ
1349 1440 1393 1467 καὶ
1419 1439 1464 1467 ἐπὶ
1489 1443 1573 1478 γονῆς
1602 1445 1740 1480 φυσικῆς.
1770 1444 1892 1476 Εἷπόντες

1070 1485 1121 1523 γὰρ
1150 1485 1212 1523 περὶ
1242 1485 1324 1512 θετῶν
1362 1484 1495 1522 πρότερον
1513 1507 1521 1520 ,
1551 1485 1686 1524 ἐπήγαγον
1726 1487 1771 1515 καί
1810 1489 1891 1516 ταυτί·

1071 1530 1122 1558 Καὶ
1151 1530 1164 1557 ὀ
1187 1529 1299 1567 φυσικὸς
1324 1529 1374 1567 γὰρ
1400 1529 1492 1567 πατὴρ
1530 1529 1561 1557 οὐ
1591 1527 1725 1566 λαμϐάνει
1754 1533 1804 1566 τὴν
1831 1544 1891 1570 πορ-

1070 1575 1167 1612 νογενῆ
1182 1574 1263 1601 αὐτοῦ
1290 1574 1430 1612 θυγατέρα.
1460 1574 1526 1601 Εἶτα
1555 1574 1623 1612 πρὸς
1650 1575 1681 1602 τὸ
1709 1576 1829 1608 καθόλου
1851 1578 1890 1605 νό-

194 1620 296 1647 turali:
308 1622 386 1656 pater
399 1628 454 1648 non
475 1621 576 1656 accipit
587 1621 677 1656 ﬁliam
691 1629 771 1649 suam
786 1628 820 1649 ea:
833 1621 1018 1656 fornicalirne

1076 1630 1159 1656 μιμον
1184 1617 1311 1653 ἀπεῖδον,
1341 1617 1387 1645 καὶ
1415 1617 1464 1651 τήν
1495 1619 1604 1655 γενικὴν
1632 1618 1783 1656 ἐπήνεγκαν
1806 1621 1890 1649 κώλυ-

193 1666 299 1692 natam.
316 1665 426 1693 Deinde
442 1665 478 1693 ad
495 1665 689 1694 universalem
705 1666 797 1702 legem
817 1668 1015 1702 respexerunt,

193 1710 223 1736 et
236 1708 371 1744 generale
385 1709 573 1738 interdictum
590 1710 761 1744 intulerunt,
771 1719 821 1747 per
831 1710 892 1738 haec
907 1710 995 1738 verba
1007 1718 1013 1738 :

191 1752 298 1782 Natura
312 1754 384 1782 enim
403 1762 522 1790 aequum,
539 1758 565 1782 el
579 1753 645 1791 quid
659 1755 764 1790 deceat,
780 1755 810 1783 in
824 1755 934 1791 nuptiis
952 1763 1015 1783 con-

189 1797 342 1826 Jidaralur.

227 1851 253 1878 4.
270 1851 327 1878 Nec
342 1851 420 1878 enim
435 1851 582 1887 quispiam
606 1852 721 1886 dixerit,
738 1854 814 1889 quod
838 1854 906 1889 quia
921 1854 1013 1883 solius

192 1893 390 1922 meminerunt
405 1895 469 1922 filis:
485 1904 519 1924 ex
531 1898 626 1924 scorto
640 1897 756 1933 genitae,
773 1901 875 1933 neptes
886 1906 936 1927 eas
949 1907 1013 1935 quae

191 1942 413 1974 consequuntur
427 1941 601 1976 exceperint,
631 1950 683 1969 nec
705 1943 874 1978 conjugium
894 1952 960 1971 cum
976 1944 1012 1972 iis

190 1983 403 2018 prohibuerint.
431 1985 464 2012 Et
492 1993 558 2013 vero
573 1993 665 2014 canon
681 1989 850 2015 sanctorum
867 1987 1012 2023 apostolo-

190 2035 257 2056 rum
272 2028 313 2056 ait
329 2037 334 2056 :
353 2029 405 2063 Qui
418 2029 488 2057 dua:
509 2039 614 2058 sorores
642 2032 764 2065 duxerit,
790 2035 839 2060 aut
852 2033 952 2068 fratris
970 2033 1012 2061 vel

190 2081 292 2101 sororis
306 2073 405 2109 ﬁliam,
429 2082 484 2102 non
510 2077 599 2107 potest
625 2084 682 2103 esse
709 2076 836 2104 clericus.
867 2077 920 2110 Qui
943 2085 1011 2114 ergo

189 2118 338 2146 sobrinum
369 2118 494 2153 duxerit,
525 2122 576 2147 aut
601 2121 725 2148 sobrinze
762 2123 890 2157 neptem,
919 2122 1012 2150 eritne

188 2162 310 2190 clericus
325 2163 339 2190 ‘I
351 2165 442 2191 Nemo
453 2172 523 2192 sane
538 2164 592 2192 hoc
602 2165 1010 2200 dixerit.Cernis,adversarie.

187 2207 290 2234 nonin
308 2207 344 2234 iis
373 2216 445 2243 quos
476 2212 619 2236 memorat
647 2209 755 2244 Canon,
783 2210 1008 2246 prohibitionem

187 2260 272 2280 suam
284 2251 451 2285 terminare,
461 2253 510 2280 sed
528 2253 616 2287 ultra,
630 2257 748 2289 propter
763 2255 902 2282 decorum
917 2257 1008 2291 quod-

1070 1674 1122 1699 σιν,
1153 1662 1197 1691 διὰ
1224 1665 1272 1690 τοῦ
1301 1661 1397 1689 εἰπεῖν·
1427 1662 1462 1689 Τὸ
1489 1662 1566 1701 φύσει
1591 1662 1642 1701 γὰρ
1658 1662 1763 1692 δίκαιον
1793 1666 1836 1693 καὶ
1861 1667 1887 1694 τὸ

1070 1708 1199 1746 εὐπρεπὲς
1215 1707 1240 1735 ἐν
1256 1710 1315 1739 τοῖς
1328 1707 1426 1745 γάμοις
1442 1709 1592 1736 σκοπεῖται.

1101 1853 1134 1880 κ’.
1151 1851 1187 1879 Οὐ
1218 1851 1269 1889 γὰρ
1294 1851 1323 1878 ἂν
1345 1860 1387 1882 τις
1411 1847 1483 1877 εἷ’ποι
1508 1849 1555 1880 ὡς.
1582 1849 1640 1877 ἐπεὶ
1661 1853 1791 1890 θυγατρὸς
1807 1852 1883 1889 ἐμνή-

1067 1898 1166 1932 σθησαν
1202 1895 1287 1932 μόνης
1316 1896 1521 1932 πορνογενοῦς,
1551 1893 1599 1926 τὰς
1631 1893 1744 1933 ἐγγὸνας
1773 1896 1816 1924 καὶ
1840 1896 1882 1928 τὰς

1067 1941 1146 1980 ἐφεξὴ
1176 1939 1315 1975 ὑπεξεῖλον
1333 1961 1340 1974 ,
1367 1938 1411 1966 καὶ
1437 1939 1487 1972 τὴν
1519 1938 1588 1975 πρὸς
1618 1938 1720 1972 ἐκείνας
1749 1943 1879 1977 συνάφειαν

1066 1985 1116 2013 οὐκ
1141 1984 1291 2013 ἐκώλυσαν.
1320 1983 1371 2012 Καὶ
1395 1984 1481 2010 κανὼν
1507 1981 1535 2010 δὲ
1549 1985 1602 2010 τῶν
1629 1984 1714 2021 ἁγίων
1729 1984 1879 2013 ἀποστόλων

1066 2030 1170 2070 φησὶν”
1201 2032 1228 2056 ‘0
1267 2027 1315 2056 δύο
1344 2027 1462 2065 ἀδελφὰς
1495 2027 1639 2065 ἀγόμενος,
1669 2028 1686 2063 ἢ
1717 2028 1877 2067 ἀδελφιδῆν,

1066 2075 1097 2102 οὺ
1127 2073 1237 2102 δύναται
1263 2073 1331 2100 εἶναι
1361 2072 1504 2110 κληρικός.
1535 2072 1595 2110 'Ap’
1626 2071 1671 2099 οὖν
1702 2073 1716 2100 ὁ
1744 2073 1879 2114 ἐξαδέλφην

1065 2119 1209 2157 ἀγόμενος,
1239 2117 1256 2153 ἢ
1287 2115 1437 2155 ἐξαδέλφης
1466 2117 1588 2153 ἀνεψιὰν,
1618 2114 1704 2145 ἔσεται
1733 2117 1876 2155 κληρικόςς

1065 2163 1122 2192 Οὐκ
1145 2162 1174 2191 ἄν
1202 2174 1243 2194 τις
1274 2165 1354 2190 τοῦτο
1370 2162 1433 2200 ἐρεῖ.
1465 2162 1554 2199 Ὁρᾷς,
1584 2162 1598 2190 6
1626 2161 1775 2197 ἀντίθετος,
1799 2163 1833 2194 ὡς
1853 2161 1876 2189 οὗ

1066 2208 1163 2245 μέχρις
1181 2208 1218 2235 ὧν
1234 2208 1248 2235 6
1271 2206 1359 2235 κανὼν
1386 2207 1519 2243 ἐμνήσθη,
1537 2203 1599 2241 ἵστη
1619 2206 1652 2234 τὰ
1666 2208 1716 2242 τῆς
1732 2207 1876 2240 κωλύσεως,

1064 2252 1137 2280 ἀλλὰ
1161 2252 1206 2280 καὶ
1234 2252 1386 2290 περαιτέρω
1408 2250 1452 2278 διὰ
1472 2251 1503 2278 τὸ
1527 2250 1657 2288 εὖπρεπὶς
1685 2251 1730 2279 καί
1756 2252 1786 2279 τὸ
1812 2252 1875 2290 φύσει

186 2304 243 2332 que
264 2299 369 2324 natura
391 2305 509 2332 requum
534 2300 588 2330 est,
619 2299 774 2332 procedere
789 2299 802 2326 ‘I
818 2299 1007 2335 Reperiemus

1073 2297 1165 2324 ἱίκαιον
1194 2297 1315 2335 πρόεισιν
1333 2306 1340 2331 ;
1361 2296 1523 2333 Εὐρήσομεν
1552 2294 1581 2322 δὲ
1609 2295 1654 2323 καί
1682 2306 1742 2323 τινα
1773 2298 1809 2334 μὴ
1835 2295 1874 2323 ὑπό

185 2342 283 2369 autem
308 2343 336 2368 et
364 2341 516 2374 nonnulla,
546 2350 609 2378 quae
625 2341 693 2370 licet
721 2343 757 2370 ad
780 2343 892 2371 nullum
922 2345 1009 2380 plane

185 2385 308 2420 gradum
323 2386 498 2419 referantur,
514 2387 601 2414 vetita
616 2389 713 2415 tamen
727 2390 797 2415 sunt
820 2389 856 2416 ob
875 2388 1008 2418 honesta-

185 2430 244 2455 tem
259 2430 288 2455 et
302 2429 450 2457 decorum.
467 2430 617 2466 Siquidem
639 2431 787 2467 prohibuit
808 2432 863 2467 lex,
894 2442 930 2462 ne
958 2443 1007 2463 no-

184 2469 299 2499 vercam
315 2473 363 2507 qui
379 2474 442 2509 ejus
471 2475 609 2511 privignae
639 2476 764 2505 maritus
788 2477 842 2505 fuit
871 2478 1005 2514 accipiat,

185 2524 354 2552 quanquam
372 2517 425 2545 hoc
448 2518 478 2546 in
503 2527 572 2547 casu
597 2521 721 2556 gradum
750 2525 919 2558 computare
947 2532 1004 2551 non

183 2561 357 2597 poterimus.
373 2561 402 2589 Si
414 2570 482 2598 ergo
498 2563 601 2592 decora
625 2573 670 2592 res
686 2568 730 2593 est
745 2565 790 2593 vel
815 2567 947 2601 honesta,
974 2571 1006 2596 ut

182 2606 283 2634 eadem
301 2605 409 2633 femina
428 2606 543 2634 duobus
559 2609 651 2637 nubat
666 2610 803 2646 sobrinis,
820 2611 867 2639 his
896 2615 925 2640 et
940 2621 1003 2648 per-

181 2651 318 2680 mittatur
336 2650 526 2679 connubium.
547 2652 598 2680 Sin
622 2662 687 2682 vero
709 2654 752 2682 illi
783 2664 849 2684 vere
864 2660 934 2684 sunt
956 2666 1003 2685 co-

180 2694 272 2731 gnati,
290 2694 331 2722 uti
348 2696 427 2731 patel
441 2702 475 2721 ex
496 2703 529 2722 eo
544 2697 620 2731 quod
635 2700 769 2726 vetentur
793 2699 904 2727 sobriui
928 2700 1004 2728 inter

180 2748 211 2767 se
250 2738 438 2768 matrimonio
463 2740 646 2769 commisceri
668 2751 674 2776 ;
700 2751 758 2778 quo
786 2745 870 2779 pacto
899 2744 1003 2772 dixerit

179 2783 338 2820 quispiam,
363 2784 442 2812 viros
471 2783 542 2812 adeo
573 2793 718 2822 germanae
735 2788 917 2825 cognationis
933 2797 1001 2818 cum

181 2835 240 2856 una
249 2829 371 2859 muliere
384 2837 470 2866 posse
486 2830 648 2867 conjungi?

1064 2341 1168 2379 βαθμὸν
1198 2341 1271 2372 ὅλως
1299 2340 1361 2368 τινὰ
1383 2340 1545 2378 ἀναγόμενα,
1575 2340 1620 2367 καὶ
1650 2339 1727 2377 ὅμως
1753 2340 1874 2369 κεκωλυ-

1064 2386 1130 2423 μένα
1145 2385 1190 2414 διὰ
1212 2386 1244 2413 τὸ
1270 2385 1367 2422 σεμνόν
1391 2395 1420 2413 τε
1443 2384 1488 2412 καὶ
1510 2382 1663 2422 εὔσχημον.
1683 2386 1737 2420 Τὴν
1764 2386 1812 2424 γὰρ
1827 2396 1874 2421 μη-

1060 2431 1154 2469 τρυιὰν
1184 2428 1275 2458 Λαϐεἷν
1301 2430 1346 2457 τὸν
1374 2429 1519 2467 γενόμενον
1549 2428 1634 2467 ἄνδρα
1668 2433 1719 2465 τῆς
1748 2430 1874 2468 προγόνης

1061 2476 1145 2509 αὐτῆς
1172 2476 1186 2502 6
1214 2475 1298 2511 νόμος
1329 2473 1472 2510 ἐκώλυσε,
1501 2474 1591 2501 καίτοι
1632 2473 1737 2512 βαθμὸν
1776 2475 1873 2505 ἐνταῦθα

1061 2520 1177 2559 ψηφίσαι
1202 2519 1233 2546 οὗ
1258 2518 1439 2555 δυνησόμεθα.
1462 2518 1493 2547 El
1511 2520 1574 2556 γοῦν
1599 2517 1731 2556 εὐπρεπὲς
1746 2519 1763 2554 ἦ
1788 2518 1871 2555 σιμνὸν

1059 2564 1104 2592 καὶ
1126 2565 1157 2591 τὸ
1180 2565 1230 2599 τὴν
1256 2564 1340 2597 αὐτὴν
1366 2561 1569 2602 δισεξαδέλφοις
1585 2561 1644 2590 δυσὶ
1667 2564 1869 2597 συνευνηθῆναι,

1059 2608 1244 2647 ἐπιτετράφθω
1273 2608 1317 2635 καὶ
1347 2608 1361 2635 6
1390 2607 1479 2645 γάμος
1504 2607 1608 2638 αὐτοῖς.
1625 2607 1656 2636 Εἰ
1677 2606 1700 2635 δ’
1729 2607 1870 2645 οὗτοιγντξ-

1058 2664 1112 2681 σιοι
1142 2655 1275 2691 συγγενεῖς
1293 2663 1299 2669 ’
1325 2653 1370 2680 καὶ
1395 2651 1479 2687 δῆλον
1504 2652 1534 2680 ἐκ
1555 2654 1603 2680 τοῦ
1627 2651 1793 2680 κεκωλύαθαι
1816 2650 1869 2680 τοὺς

1059 2697 1263 2737 δισεξαδέλφους
1291 2696 1429 2733 ἆλὶήλοις
1457 2697 1668 2735 συμμίγνυσθαν
1696 2708 1754 2729 πως
1782 2695 1809 2724 ἄν
1834 2704 1868 2724 τις

1057 2741 1129 2771 εἷ’τιοι
1157 2742 1221 2774 τοὺς
1262 2741 1333 2769 οὕτω
1370 2741 1500 2780 γνησίους
1535 2742 1604 2770 κατὰ
1640 2743 1791 2781 συγγένειαν
1828 2739 1869 2775 μιᾷ

1055 2787 1162 2826 γυναικὶ
1178 2798 1223 2815 συν
1228 2787 1385 2822 ευκάζεσθαι
1403 2795 1410 2822 ;
