1973 3154
84 182 135 214 433

611 187 663 218 DE
685 184 939 218 MATRIMONIO
962 185 1232 219 SOBRINORUM.

1713 185 1774 216 434

112 251 136 276 ι’.
151 250 212 279 Πῶς
231 247 255 276 δ’
270 248 298 276 ἄν
321 249 335 277 ὁ
356 250 424 278 κατὰ
447 249 571 289 δεύτερον
600 252 701 288 ταύτην
723 252 811 291 γάμον
837 250 888 279 λα-

983 253 1010 281 5.
1027 254 1088 286 Quo
1104 255 1202 282 autem
1219 253 1305 282 modo
1330 253 1380 289 qui
1401 261 1466 281 eam
1482 260 1534 289 per
1557 252 1702 281 secundas
1717 260 1772 280 nu-

83 290 130 320 δὼν
140 291 236 330 καλίσῃ
262 293 369 329 αὐτήν;
391 294 509 334 νύμφην,
536 297 572 328 ὡς
597 290 744 336 ἐξαδέλφοο
765 299 890 334 γυναῖκα,

81 337 159 368 καθὼς
173 337 215 364 καὶ
241 338 337 375 πρώην
357 339 458 375 ταύτην
486 338 625 378 ὠνόμαζεν
643 351 649 358 ο
672 340 691 376 η’
706 341 837 380 γαμετὴν,
855 341 891 372 ὡς

81 381 140 418 αὐτῇ
168 382 420 421 συμφθιιρόμενος;
451 385 508 413 Ηοὗ
536 384 558 412 δ’
588 385 617 413 ἂν
643 386 751 422 θείημεν
776 385 821 413 τὸν
843 387 891 413 τοῦ

80 425 190 463 μεγάλου
219 427 364 455 Βασιλείου
385 428 484 456 κανόνα
506 430 551 458 τὸν
578 430 693 469 λέγοντα
709 441 716 448 ”
740 433 783 459 Ἐν
805 430 843 461 οῖς
857 429 891 458 τὶ

77 474 119 505 τῆς
154 471 306 509 συγγενείας
345 472 465 510 ὀνοματα
507 476 681 512 συγχέονται,
720 474 746 503 ἐν
783 475 891 506 τούτοις

77 515 88 542 ὁ
113 515 196 553 γάμος
225 516 380 553 ἀθέμιτος;
412 511 644 557 Ἐπιχειρησομεν
674 519 713 555 δὲ,
743 520 818 559 φασὶ,
843 511 891 547 καιὶ

78 560 216 597 βιαιότερον
237 560 353 590 ἄλλοθεν
381 562 398 598 ἢ
428 563 612 602 ἀληθέστερον
638 564 766 602 μάλιστα.
792 565 889 603 Εἶγὰρ

74 605 132 632 κατὰ
156 605 200 632 τὸν
229 606 300 633 θεῖον
330 608 459 645 χρησμὸν
488 609 628 648 φάσκοντα
656 610 719 647 περὶ
742 611 796 637 τῶν
822 610 889 637 κατὰ

74 650 152 687 γάμου
177 650 321 678 κοινωνίαν
361 653 573 690 συναπτομένων
590 663 597 670 ·
637 655 758 682 Ἔσονται
785 654 810 681 οἱ
840 652 887 682 δύο

75 693 106 725 είς
141 694 222 731 σάρκα
266 695 352 731 μίαν·
389 697 438 733 μία
463 698 527 736 σὰρξ
557 699 583 725 οἱ
615 697 813 736 συναπτόμενοι
841 710 886 726 πι-

77 737 200 766 στεύονται
213 739 336 777 γίνεσθαι
355 752 360 757 -
387 742 401 769 ὸ
425 744 459 779 τῇ
478 744 529 769 τοῦ
553 742 655 770 οἰκείου
679 742 825 782 ἐξαδέλφου
839 754 886 782 γυ-

75 782 137 826 ναικὶ
152 784 371 822 συμμιγνύμενος
399 786 438 818 εἷς
465 786 566 814 οἰκεῖον
586 790 634 816 τοῦ
661 789 757 826 γένους
777 787 886 816 εἰσιέναι

76 825 139 855 δοκεῖ
154 838 160 844 ·
173 829 215 856 καὶ
238 831 442 868 προσρήγνυται
467 832 516 867 μὶν
539 832 584 860 καὶ
609 834 649 869 τῷ
664 832 729 869 θείῳ
740 835 832 870 θεσμῷ
845 836 886 869 τῷ

75 872 212 907 θισπίζοντι
230 884 236 890 ·
280 875 340 903 Οὐκ
381 875 521 913 εἶσελεύσῃ
559 877 627 915 πρὸς
662 878 749 905 πάντα
784 877 885 906 οἰκεῖον

75 917 160 954 σαρκός
173 928 231 955 σου,
248 918 430 957 ἀποκαλύψαι
441 921 638 959 ἀσχημοσύνην
653 922 746 952 αὐτοῦ.
901 940 925 973 Β

104 1006 131 1038 ς“·
148 1007 248 1039 Ἀθετεῖ
276 1006 307 1036 δὶ
329 1009 375 1037 καὶ
402 1009 447 1037 τὸν
480 1011 576 1048 νόμον,
602 1011 625 1047 ᾦ
651 1011 675 1039 οἶ
697 1015 747 1046 τῆς
773 1010 886 1049 θατὲρας

77 1050 158 1088 μοίρας
193 1055 242 1086 τῆς
275 1052 379 1085 οἰκείας
419 1055 533 1092 γνώμης
573 1055 612 1087 εἷς
638 1055 763 1083 σύστασιν
788 1056 886 1084 ἀποκέ-

74 1104 185 1132 χρηνται,
210 1099 250 1133 τῷ
279 1098 364 1136 μέχρι
401 1097 600 1135 δισεξαδέλωων
630 1104 726 1136 στῆναι
747 1099 888 1139 λεγομένῳ

76 1141 116 1174 τὴν
141 1140 269 1170 κώλυσιν.
297 1143 327 1170 El
354 1143 406 1182 γάρ
431 1144 445 1171 ὁ
469 1144 601 1183 πρότερος
614 1147 665 1178 τῆς
679 1146 806 1184 γυναικὸς
819 1146 887 1182 ἀνὴρ

77 1186 117 1211 τοῦ
138 1187 179 1212 νῦν
205 1187 365 1223 ξυνευνέσου
393 1187 494 1224 ταύτης
521 1191 554 1224 ἧν
583 1188 782 1229 δισεξάδελφος,
812 1192 830 1226 ἡ
860 1189 889 1218 δὲ

78 1230 134 1266 γυνή
154 1230 215 1268 σὰρξ
241 1231 293 1268 μία
319 1234 360 1268 τῷ
389 1233 534 1262 ἀπελθόντι
564 1233 681 1272 ἐγένετο,
710 1234 794 1270 δῆλον
823 1235 889 1262 πάν-

77 1284 122 1319 τιυς
141 1273 193 1302 ἐστὶ
207 1276 240 1303 τὸ
269 1277 454 1315 συμπέρασμα
477 1278 522 1306 καὶ
547 1279 761 1319 ἀναμφήριστον,
787 1280 824 1312 ὡς
851 1279 890 1312 ei;

79 1317 167 1347 οἲκεῖον
186 1321 286 1358 σαρκὸς
311 1321 394 1350 αὖτοῦ
419 1321 526 1351 εἷ’σεισιν
545 1324 558 1351 ὁ
581 1326 615 1361 τῇ
639 1324 746 1362 γυναικὶ
769 1326 815 1352 τοῦ
832 1323 889 1352 δισ-

82 1361 218 1404 εξαδὲλφου
244 1367 484 1404 συνευναζόμενος.
514 1368 546 1396 Εἰ
573 1361 650 1407 γοῧνν
666 1372 725 1401 τοῖς
750 1368 888 1407 Ἰσραηλί-

77 1417 128 1438 ταις
149 1410 362 1446 νενομοθέτηται
389 1412 432 1447 τὸ,
461 1412 519 1442 Ούκ
546 1412 683 1451 εἷ’σελεύσῃ
707 1414 775 1451 πρὸς
804 1413 890 1442 πάντα

79 1451 167 1480 οἰκεῖον
193 1455 295 1492 σαρκός
321 1466 369 1483 σου
386 1466 392 1472 ·
419 1459 477 1488 τοῖς
502 1457 634 1496 σκληροῖς
653 1458 697 1486 καὶ
711 1459 761 1493 τὴν
777 1457 887 1496 καρδίαν

76 1496 267 1541 ἀπξριτμήτοις,
297 1501 337 1531 οἷς
362 1501 376 1528 ὁ
396 1500 512 1533 παλαιὸς
535 1502 618 1539 νόμος
632 1503 670 1534 εἰς
683 1501 777 1530 πολλὰ
792 1513 889 1541 συγκα-

75 1539 194 1570 ταϐαίνων
224 1542 281 1573 ἕστὶ
314 1543 359 1573 διὰ
387 1546 436 1581 τήν
468 1546 575 1574 ἐκείνων
601 1547 746 1584 παχύτητα
763 1557 768 1564 ¹
785 1539 844 1579 πὼξ
859 1546 890 1575 οὗ

76 1585 148 1614 πλέον
174 1589 240 1625 ἡμῖν
273 1589 384 1618 ἐκείνων
413 1590 469 1629 ἐρεῖ
497 1602 538 1624 τις
566 1590 766 1630 ἐπιτετάχθαι;
796 1592 889 1620 Κάκεί-

75 1641 122 1675 νρις
147 1633 191 1669 μὶν
216 1634 370 1667 ἀκωλύτως
395 1636 463 1674 πρὸς
485 1636 572 1664 πάντα
597 1636 697 1664 οἰκεῖον
718 1637 816 1675 σαρκὸς
832 1637 887 1665 εἴσ-

76 1674 132 1703 ιένοι
155 1677 288 1716 ἀπείρητο
307 1690 314 1697 ’
347 1681 414 1716 ἡμῖν
444 1679 467 1707 δ’
494 1680 684 1720 ἐπιτετράφθαι
702 1681 741 1712 τίς
763 1681 885 1717 οἰήσεται

74 1721 115 1755 τὴν
128 1724 174 1749 τοῦ
194 1721 410 1762 διασεξαδὲλφου
434 1728 548 1762 γυναῖκα
572 1723 677 1761 λαϐεῖν,
702 1726 746 1753 καὶ
776 1725 885 1764 νύμφην

75 1764 230 1804 κεκλημένην
257 1769 353 1805 ἡμῶν,
381 1770 425 1797 καὶ
456 1769 495 1800 εἲς
523 1770 608 1808 σάρκα
634 1770 696 1807 μίαν
722 1771 816 1808 ἐκείνῳ
841 1782 886 1809 γε-

75 1810 178 1847 νομὲνην
194 1810 238 1840 διὰ
250 1814 305 1848 τῆς
333 1813 505 1851 ἀνακράσεως
523 1824 530 1850 ;
556 1814 588 1842 El.
612 1815 663 1853 γὰρ
687 1816 756 1843 κατὰ
775 1815 821 1843 τόν
838 1816 885 1844 νό-

77 1865 118 1889 μον
192 1859 240 1884 τοῦ
264 1856 462 1897 γαμϐροῦ’³καὶ
499 1862 550 1894 τῆς
576 1859 685 1898 νύμφης
713 1861 888 1899 προσηγορίᾳ

76 1900 112 1926 καὶ
135 1901 159 1928 οὶ
183 1906 339 1940 μνηστῆρες
364 1902 524 1939 δηλοῦνται,
541 1903 640 1941 πολλῷ
662 1915 692 1943 γε
720 1904 826 1942 μᾶλλον
845 1906 885 1938 οἷς

75 1944 111 1970 καὶ
127 1945 161 1976 εἰς
176 1946 264 1984 γάμον
281 1945 438 1985 προϐέϐηκε
451 1949 483 1976 τὸ
498 1947 688 1987 συνάλλαγμα.

107 1990 134 2024 ζ’.
149 1992 212 2019 Εἶτα
227 1991 278 2020 οὐκ
300 1992 412 2027 ἄτοπον,
438 1993 537 2030 φύντος
562 1993 608 2030 μὶν
633 1995 755 2030 μνηστὴν
769 1993 787 2030 ἤ
803 1994 887 2032 ὁμαί-

79 2043 150 2068 μονος
173 2037 210 2072 μή
237 2036 336 2072 ἐξεῖναι
364 2038 433 2065 κατὰ
459 2038 546 2076 γάμον
571 2036 718 2075 λαμϐάνειν
741 2040 826 2076 ἡμᾶς,
846 2039 886 2067 ὅτι

78 2078 149 2115 ἡμὶν
166 2084 311 2118 μητρυιᾶς,
328 2082 345 2117 ὴ
372 2080 401 2110 δὶ
423 2081 532 2120 νύμφης
555 2082 627 2119 τάειι
650 2082 742 2121 ἐπέχει
761 2093 766 2099 ·
793 2084 843 2118 τήν
860 2082 889 2111 δὲ

79 2124 167 2159 κυρίως
189 2125 338 2162 κληθεῖσαν
367 2125 497 2166 νύμφην,
521 2127 559 2159 ὡς
584 2129 800 2156 ωνευνασθεῖσαν
831 2127 889 2156 δισ-

79 2167 215 2207 εξαδὲὶκρῳ,
240 2169 351 2208 ἄγεσθαι
389 2172 458 2210 πρὸς
486 2173 573 2210 γάμον
597 2173 643 2200 τὸν
673 2171 888 2212 δισεξάδελφον;

76 2212 115 2239 καὶ
127 2214 168 2241 τὸν
185 2215 231 2251 μὲν
255 2215 333 2244 θετὸν
358 2216 428 2251 υἱὸν,
445 2216 475 2244 ἐκ
500 2215 605 2255 φύσεως
630 2217 668 2254 μὴ
695 2216 796 2255 σχόντα
822 2217 890 2255 πρὸς

77 2256 115 2284 τὸν
129 2259 200 2290 θετὸν
226 2259 330 2298 πατέρα
359 2260 509 2297 οἷκιίωσιν,
533 2264 762 2300 καταχρηστικῶς
787 2261 816 2290 δὲ
842 2263 891 2300 μό-

948 297 1025 334 ptias
1040 298 1193 333 acceperit,
1208 299 1321 326 vocabit
1336 298 1415 326 illam
1426 297 1440 326 Ἰ
1455 305 1612 330 nurumne,
1628 299 1770 332 tanquam

946 343 1113 370 consobrini
1130 351 1260 377 uxorem,
1276 343 1526 379 quemadmodum
1540 342 1658 378 etprius
1673 341 1768 377 ipsam

946 387 1136 421 nominabat;
1153 396 1190 415 an
1206 396 1335 421 uxorem,
1353 396 1419 415 cum
1436 396 1493 423 qua
1509 395 1614 423 nempe
1630 394 1766 414 concum-

946 431 995 459 bat
1007 433 1017 458 P
1031 431 1084 459 Ubi
1102 440 1187 468 porro
1204 440 1347 468 ponemus
1367 431 1465 468 magni
1489 431 1588 460 Basilii
1613 439 1766 466 canonem,

946 476 996 511 qui
1014 476 1055 504 ita
1080 476 1180 505 habet:
1205 478 1237 505 In
1261 477 1358 512 quibus
1380 478 1493 505 nomina
1516 477 1686 513 cognationis
1701 484 1765 503 con-

943 521 1109 555 fundantur,
1125 523 1154 549 in
1177 522 1214 550 iis
1228 523 1440 550 matrimonium
1450 522 1581 550 illicitum
1595 523 1634 549 est
1644 521 1674 548 ⁵7
1690 523 1766 549 Pras-

944 567 1033 599 tcreu,
1049 565 1200 602 inquiunt,
1215 567 1304 594 etiam
1329 566 1448 594 aliunde
1470 567 1547 594 idem
1572 569 1705 594 astruere
1719 573 1767 594 co-

944 610 1083 638 nabimur
1115 611 1280 644 violentius,
1311 611 1370 639 imo
1399 611 1562 639 verissime.
1597 610 1712 639 Etenim
1742 610 1767 638 si

940 654 1023 689 juxta
1036 655 1167 683 divinum
1183 656 1345 691 oraculum,
1358 656 1434 691 quod
1453 656 1488 683 de
1500 655 1537 683 iis
1553 655 1602 691 qui
1618 655 1768 683 communi

943 699 1078 735 coniugio
1094 700 1243 728 sociantur
1259 700 1318 729 ait:
1345 701 1431 728 Erunt
1451 700 1505 728 duo
1533 701 1565 728 in
1579 709 1663 728 came
1677 709 1732 728 una
1745 701 1766 741 3,

942 743 993 779 qui
1017 745 1245 781 conjungunlur,
1271 753 1329 773 una
1353 753 1419 773 caro
1445 746 1606 773 creduntur
1630 745 1711 779 fieri;
1740 745 1765 772 is

942 788 1077 824 quicum
1107 789 1275 817 consobrini
1305 789 1415 825 proprii
1445 798 1534 818 uxore
1562 789 1713 824 miscetur,
1730 789 1766 817 ad

941 833 1059 861 afﬁnem
1075 834 1189 870 generis
1213 834 1259 862 sui
1284 835 1399 862 videtur
1424 834 1556 870 ingredi;
1587 836 1674 870 atque
1694 834 1765 862 adeo

941 877 1054 914 impigit
1070 878 1099 906 in
1118 878 1199 907 illam
1226 879 1354 908 divinam
1375 878 1470 915 legem
1494 887 1558 915 quas
1579 878 1691 906 sancit:
1705 879 1764 906 Non

940 923 1105 958 ingrediaris
1118 924 1154 951 ad
1172 932 1280 952 omnem
1303 925 1415 960 afﬁnem
1439 925 1533 952 carnis
1556 925 1621 957 tuae,
1637 923 1673 951 ad
1687 931 1762 951 reve-

941 967 1055 996 lamium
1070 969 1269 1004 turpitudinem
1283 969 1339 1003 eius
1350 969 1370 996 ι.

975 1012 1003 1039 6.
1018 1013 1073 1040 Sed
1089 1014 1118 1040 et
1132 1021 1196 1040 eam
1212 1013 1305 1049 legem
1321 1012 1420 1047 violat,
1435 1021 1493 1048 qua
1505 1011 1663 1040 adversarii
1679 1011 1765 1040 abusi

942 1059 1011 1085 sunt
1038 1057 1074 1084 ad
1099 1066 1157 1085 sua:
1181 1057 1329 1093 opinionis
1351 1057 1630 1093 comprobationem,
1654 1058 1686 1084 ut
1702 1064 1765 1092 quae

941 1101 1019 1129 dicat
1034 1101 1222 1129 interdictum
1239 1102 1268 1129 in
1285 1102 1412 1129 sobrinis
1423 1102 1563 1129 desinere.
1577 1101 1651 1129 Nam
1666 1101 1690 1129 si
1707 1100 1766 1136 pri-

942 1154 1009 1174 mus
1025 1145 1158 1174 mulieris
1172 1146 1226 1180 vir,
1241 1149 1304 1174 erat
1326 1146 1450 1182 hujusce
1465 1145 1514 1182 qui
1539 1153 1617 1173 nunc
1633 1145 1766 1181 ejusdem

943 1191 1069 1219 maritus
1083 1193 1138 1226 est,
1154 1191 1302 1224 sobrinus,
1327 1191 1432 1219 mulier
1455 1192 1554 1219 autem
1578 1190 1690 1218 exstitit
1709 1197 1768 1217 una

944 1243 1010 1264 caro
1026 1243 1091 1264 cum
1108 1235 1257 1272 defuncto,
1273 1235 1351 1263 claro
1367 1235 1486 1264 omnino
1504 1234 1686 1270 iudubiaque
1701 1242 1768 1262 con-

944 1279 1038 1308 clusio
1052 1283 1107 1315 est,
1123 1280 1200 1316 quod
1216 1280 1245 1308 in
1262 1280 1380 1308 afﬁnem
1396 1279 1494 1308 carnis
1516 1288 1574 1307 suas
1591 1278 1765 1315 ingreditur,

944 1325 994 1360 qui
1010 1333 1076 1352 cum
1092 1333 1180 1353 uxore
1194 1325 1305 1354 sobrini
1321 1324 1483 1360 copulatur.
1500 1324 1534 1352 Et
1544 1326 1622 1352 certe
1637 1323 1662 1351 si
1678 1323 1767 1351 Israe-

944 1369 1005 1397 litis
1029 1369 1075 1397 lex
1096 1377 1130 1398 ea
1158 1369 1341 1405 promulgata
1364 1369 1437 1397 fuit:
1458 1369 1516 1397 Non
1545 1368 1712 1403 ingrediaris
1727 1367 1767 1396 ad

944 1422 1052 1443 omnem
1080 1414 1194 1449 afﬁnem
1216 1415 1308 1442 carnis
1332 1419 1398 1449 tuz,
1422 1413 1482 1441 illis
1511 1413 1604 1447 duris,
1621 1413 1766 1448 cordeque

944 1459 1171 1494 incircumcisis,
1187 1458 1293 1494 quibus
1317 1458 1439 1494 antiqua
1462 1458 1508 1486 lex
1534 1458 1562 1485 in
1588 1457 1690 1485 multis
1702 1464 1767 1484 sese

945 1504 1157 1536 accommodat,
1174 1506 1292 1539 propter
1305 1511 1405 1531 eorum
1430 1502 1677 1535 crassitudinem;
1694 1509 1766 1537 quo-

945 1548 1032 1576 modo
1048 1556 1104 1576 non
1117 1548 1209 1576 multo
1220 1548 1313 1583 magis
1326 1547 1410 1575 nobis
1421 1555 1510 1583 quam
1522 1547 1580 1574 illis
1596 1545 1766 1582 impositam

945 1600 1009 1621 esse
1024 1593 1139 1620 duxerit
1153 1593 1299 1629 quispiam
1310 1592 1324 1619 ‘I
1334 1593 1427 1628 Atque
1441 1591 1500 1620 illis
1516 1592 1638 1620 vetitum
1654 1592 1766 1624 erat,ne

944 1637 980 1665 ad
1004 1645 1122 1665 omnem
1147 1636 1243 1664 carnis
1266 1637 1383 1664 afﬁnem
1408 1636 1498 1664 libere
1521 1636 1765 1672 ingrederentur;

941 1681 1026 1709 nobis
1040 1690 1107 1710 vero
1133 1681 1246 1709 licitum
1273 1681 1340 1717 quis
1362 1681 1487 1717 putabit,
1513 1680 1624 1709 sobrini
1643 1688 1763 1708 uxorem

941 1726 1081 1762 accipere,
1098 1734 1161 1762 qua:
1177 1727 1239 1753 tum
1261 1734 1354 1753 nurus
1377 1727 1477 1754 nostra
1501 1727 1603 1753 vocata
1618 1724 1683 1759 fuit,
1699 1726 1762 1752 tum

941 1771 971 1799 in
988 1779 1047 1798 una
1061 1778 1149 1798 carne
1164 1779 1229 1798 cum
1245 1770 1296 1798 illo
1311 1770 1433 1806 exstitit,
1450 1770 1486 1798 ob
1502 1765 1763 1798 commistionem‘?

940 1815 1013 1843 Nam
1028 1815 1053 1843 si
1066 1815 1152 1851 juxta
1167 1815 1273 1851 legem.
1287 1815 1387 1849 generi
1403 1817 1432 1842 et
1446 1823 1537 1843 nurus
1555 1813 1761 1851 appellatione,

940 1860 1028 1889 etiam
1057 1860 1159 1896 sponsi
1187 1860 1369 1894 indicantur,
1397 1859 1490 1888 multo
1519 1868 1590 1888 sane
1617 1859 1713 1896 magis
1741 1858 1762 1887 ii

942 1913 1067 1942 quorum
1083 1904 1237 1933 conventio
1251 1905 1286 1932 ad
1303 1905 1422 1940 nuptias
1437 1904 1588 1941 processit.

976 1995 1004 2022 7.
1030 1994 1099 2022 Dein
1126 2002 1222 2022 nonne
1247 1993 1409 2021 absurdum
1432 1995 1487 2027 est,
1513 1995 1545 2021 ut
1573 1993 1660 2021 liceat
1680 1993 1765 2022 nobis

942 2047 1079 2076 sponsam
1093 2038 1184 2074 patris
1195 2038 1237 2066 vel
1250 2037 1347 2066 fratris
1358 2037 1421 2074 lege
1433 2037 1613 2065 matrimonii
1624 2037 1765 2073 accipere,

943 2083 1013 2120 quia
1028 2083 1078 2111 illa
1093 2090 1232 2118 noverca},
1245 2081 1307 2110 haec
1327 2090 1421 2109 nurus
1445 2081 1542 2110 locum
1557 2083 1656 2114 tenet;
1681 2081 1767 2109 liceat

942 2135 1010 2156 vero
1030 2127 1159 2160 sobrino,
1188 2134 1308 2154 uxorem
1334 2126 1440 2154 ducere
1468 2133 1532 2153 eam
1563 2133 1626 2161 quae
1651 2125 1766 2162 proprie

943 2173 1114 2207 nuncupata
1130 2171 1184 2199 fuit
1205 2179 1308 2204 nurus,
1335 2172 1435 2206 utpote
1455 2179 1519 2206 quae
1548 2169 1635 2198 fuerit
1648 2169 1766 2198 sobriae

944 2215 1102 2253 copulata?
1116 2218 1208 2252 utque
1222 2215 1376 2252 adoptivus
1391 2214 1510 2251 quidem
1535 2214 1615 2243 illius
1635 2214 1699 2250 (qui
1716 2223 1767 2242 na.

944 2261 1070 2290 turalsm
1079 2268 1137 2288 non
1151 2260 1238 2288 habet
1249 2260 1420 2288 atﬂnitatem
1431 2268 1500 2288 cum
1509 2261 1593 2296 patre
1599 2259 1768 2296 adoptante,

79 2311 117 2328 vov
135 2302 162 2330 ἐκ
187 2308 307 2342 νομικῆς
340 2306 479 2337 αυθιντίας
511 2305 730 2344 χληρωσάμενον
757 2307 806 2342 τήν
836 2306 888 2335 υἱός

975 2307 999 2335 ιὰ
1016 2305 1134 2335 abusive
1157 2305 1301 2333 duntaxat
1325 2313 1359 2333 ex
1385 2304 1484 2340 legum
1509 2304 1680 2332 auctoritate
1695 2304 1770 2332 filia-

79 2355 147 2382 τητα,
170 2350 212 2376 καὶ
240 2348 288 2377 διὰ
305 2353 355 2385 τῆς
386 2350 627 2387 αὖτεξουσιότητος
655 2350 890 2389 ἀλλοτριούμυον

79 2390 177 2435 τούτου,
205 2394 242 2427 ὡς
270 2393 355 2431 μηδὶν
381 2393 420 2423 ἔτι
450 2396 526 2423 θετὸν
552 2395 618 2423 εἶναι
645 2395 719 2432 αὐτῷ
750 2397 819 2435 πρὸς
841 2397 890 2431 τὴν

79 2433 169 2464 ἐκείνου
196 2439 347 2478 συγγένειαν
364 2449 371 2456 ·
397 2441 415 2475 ἡ
443 2439 494 2479 γὰρ
519 2441 725 2478 προσγενομένη
754 2433 799 2469 διὰ
820 2442 890 2470 θέσιν

81 2481 207 2518 ωτγὲνεια
235 2483 391 2513 ἀπόλλυται
418 2485 488 2513 κατὰ
511 2485 558 2513 τὸν
587 2485 670 2522 νόμον
700 2490 749 2521 τῆς
768 2486 893 2522 αὐτεξου-

32 2554 37 2560 ,
81 2525 194 2569 σιὸτητος
210 2538 216 2545 ·
256 2529 426 2558 κικωλύσθαι
462 2530 513 2565 τὴν
549 2532 598 2558 τοῦ
632 2531 734 2569 πατρὸς
771 2531 893 2569 γαμετὴν

82 2567 216 2606 λαμϐάνειν
230 2571 275 2601 διὰ
292 2574 324 2601 τὸ
344 2574 484 2613 εὑσχημον
498 2585 504 2592 ·
520 2574 566 2602 καὶ
582 2567 737 2603 τουναντίον
757 2567 802 2604 τθν
819 2576 894 2604 θετὸν

82 2615 173 2659 πατέρα
199 2618 248 2652 τὴν
268 2621 316 2646 τοῦ
338 2619 463 2647 τοιούτον
487 2619 548 2647 υἱοῦ
569 2621 693 2658 γαμετὴν
721 2620 896 2659 ἀπείργεσθαι

85 2657 192 2696 ἄγεσθαι,
222 2666 262 2699 μΤ
290 2665 515 2701 προσαπτόμενον
538 2667 587 2692 τοῦ
619 2666 714 2703 γένους
737 2668 785 2694 τοῦ
809 2657 896 2694 θετοῦ

85 2703 138 2748 νἱοῦ
161 2707 225 2742 μετᾶ
250 2708 300 2743 τὴν
330 2708 360 2737 ἐκ
387 2712 438 2744 τῆς
466 2708 568 2742 οἱκείας
593 2710 687 2748 χειρὸς
709 2710 811 2739 ἕκείνου
829 2710 897 2738 ἀπό-

86 2745 153 2778 λυσιν
169 2761 175 2768 ·
189 2752 236 2787 τὴν
254 2751 282 2781 δὶ
305 2752 352 2782 διὰ
373 2756 423 2782 τοῦ
448 2745 645 2794 δισεεαδέλῷοιί
667 2756 843 2793 συνημμάνην
858 2754 898 2793 τῷ

119 2860 130 2878 ³
142 2861 229 2899 Epist.
245 2864 305 2895 197.
341 2866 353 2886 ³
367 2866 474 2897 Matth.
490 2874 549 2904 xIx,
564 2867 593 2897 5.
630 2868 642 2886 ‘
656 2867 745 2899 Lavit.
760 2875 840 2904 xuii,
854 2868 884 2898 6.

945 2353 1055 2381 tionem
1084 2350 1225 2387 possidet,
1250 2358 1283 2378 ac
1310 2358 1361 2386 per
1385 2348 1651 2385 emancipationem
1676 2349 1712 2377 ab
1736 2357 1770 2377 eo

947 2397 1060 2426 alienus
1076 2395 1119 2429 ﬁt,
1137 2396 1208 2423 adeo
1225 2397 1257 2423 ut
1278 2394 1433 2431 adoptivus
1458 2393 1531 2422 nihil
1557 2393 1686 2430 amplius
1701 2402 1772 2431 erga

945 2443 1046 2480 ipsum
1061 2440 1100 2469 sit
1115 2440 1225 2469 ratione
1235 2439 1418 2476 cognationis
1431 2447 1438 2473 ς
1453 2439 1692 2475 quandoquidem
1708 2442 1771 2468 orta

947 2496 1000 2524 per
1052 2485 1240 2522 adoptionem
1283 2484 1417 2521 cognatio
1468 2484 1544 2520 perit
1584 2493 1636 2520 per
1680 2484 1773 2521 legem

948 2531 1201 2567 emancipatiouis)
1230 2529 1321 2566 patris
1349 2536 1468 2557 uxorem
1498 2528 1688 2565 prohibeatur
1716 2528 1773 2557 sibi

949 2583 1076 2610 sumere,
1093 2574 1257 2603 honestatis
1271 2582 1340 2610 ergo
1353 2582 1360 2607 ;
1386 2575 1415 2602 et
1429 2573 1489 2601 vice
1511 2582 1594 2602 versa
1609 2573 1775 2610 adoptionis

950 2624 1034 2658 pater
1059 2619 1231 2656 hujusmodi
1261 2618 1314 2646 lilii
1343 2627 1463 2646 uxorem
1492 2621 1604 2647 vetetur
1633 2618 1775 2654 accipere,

951 2674 1018 2694 cum
1034 2667 1132 2693 tamen
1146 2663 1180 2692 ad
1208 2662 1339 2698 udoptati
1359 2662 1410 2690 ﬁlii
1435 2662 1578 2691 familiam
1610 2663 1776 2691 nullatenus

952 2710 1087 2746 attingat.
1105 2710 1262 2744 postquam
1292 2707 1375 2735 illum
1392 2715 1407 2735 e
1432 2715 1521 2736 manu
1548 2716 1605 2736 sua
1629 2706 1776 2740 emiserit;

952 2755 1076 2792 impune
1091 2755 1188 2782 autem
1203 2752 1289 2781 nobis
1312 2752 1399 2781 liceat
1412 2751 1443 2781 in
1467 2751 1688 2781 matrimonium
1703 2749 1779 2779 acci-
