1973 3154
169 157 231 187 435

563 155 725 188 JOANNIS
747 153 920 186 ΖΟΝΑΗΕ
939 153 991 184 DE
1012 152 1183 184 MATRIM.
1207 153 1479 185 SOBRINORUM.

1805 155 1855 185 L36

171 231 240 259 pere
255 222 395 250 feminam
412 230 475 258 quae
504 230 556 258 per
585 223 737 251 sobrinum
767 221 866 258 generi
896 221 983 248 nostri

1059 217 1179 256 ἡμετέρῳ
1201 218 1282 255 γάνει,
1308 219 1346 249 ὡς
1367 219 1412 245 καὶ
1437 217 1476 249 είς
1498 219 1547 253 τὴν
1572 218 1754 256 κληρονομίαν
1777 218 1857 247 καλεῖ-

173 267 330 303 conjuncta
351 269 405 302 est,
421 267 461 294 ita
484 269 515 293 ut
537 267 649 295 cmteris
675 267 890 300 deﬁcientibus,
906 264 994 292 etiam

174 312 210 339 ad
227 311 425 339 haareditatem
442 311 496 339 viri
512 311 558 338 sui
575 311 714 339 vocetur?
730 313 759 338 et
782 308 926 346 ejusmoJi
941 317 994 336 nu-

173 356 239 392 ptim
254 356 418 384 habeantur
431 364 484 392 pro
498 355 662 391 legitimis?

208 409 236 436 8.
252 412 349 445 Atque
359 409 420 437 haec
431 409 550 445 quidem
560 409 637 437 dicta
648 409 707 436 sint
718 409 752 437 ad
766 407 996 444 propositionem

173 462 274 483 eorum
293 454 343 490 qui
357 454 412 482 hoc
432 454 655 481 matrimonium
679 454 864 490 permittunt,
880 452 997 480 dicunt-

175 506 233 536 que
254 498 489 526 interdictionem
517 498 547 526 in
575 498 674 534 nuptis
702 498 738 526 ad
767 500 882 525 sextum
903 504 997 532 usque

174 543 297 579 gradum
319 543 452 579 protendi
480 551 497 570 a
521 542 594 579 lege.
622 542 863 578 Quandoquidem
886 550 953 569 vero
970 543 998 569 et

175 587 298 616 ulterius
313 587 448 624 progredi
464 587 681 623 cognationem,
698 587 728 615 in
754 586 790 614 iis
806 586 857 622 qui
878 594 895 614 a
909 585 998 614 latere

175 635 256 667 sunt,
276 631 322 660 lex
350 632 440 664 novit,
457 634 489 659 ut
516 633 545 659 et
567 633 600 659 ad
632 632 830 659 hereditatem
859 633 1000 658 vocentur

175 675 309 704 nonnulli
325 684 340 704 θ
356 676 480 712 septimo
496 676 608 712 gradu:
634 675 796 704 secundum
823 675 915 711 legem
935 682 999 710 qua

176 720 265 749 dicit:
283 721 421 748 Possessio
446 722 518 748 unde
531 721 650 756 cognati,
671 729 720 748 rex
740 720 841 755 gradus
856 719 1000 754 cognatio-

175 766 220 792 nis
243 766 440 801 complectitur,
469 766 550 800 atque
576 773 591 792 e
617 765 733 800 septimo
759 772 892 800 personas
919 763 999 798 duas,

177 810 284 845 prolem
298 809 407 837 sobrini
419 810 443 837 et
457 809 575 837 sobrina
587 818 597 836 :
613 812 641 836 et
651 809 814 836 secundum
829 808 923 844 legem
938 817 1001 844 quis

178 854 236 882 ista
250 854 439 890 prosequitur
451 861 458 881 :
475 855 510 882 In
523 854 654 881 naturali
667 853 839 889 cognatione,
854 854 1002 887 septimum

177 899 296 934 gradum
318 906 375 926 non
397 898 653 934 pralergredimar,
679 900 708 925 et
733 906 796 933 quae
816 900 1000 933 sequuntur;

174 944 242 978 jure
257 943 323 978 quis
350 942 465 975 dixerit,
481 950 531 970 eos
556 950 673 978 quoque
697 942 749 978 qui
777 942 854 969 inter
877 950 908 970 se
930 944 1001 970 sunt

176 987 295 1023 septimi
310 987 429 1022 gradus,
445 995 462 1015 a
477 989 581 1015 mutua
596 986 625 1014 in
642 987 782 1014 connubii
797 986 935 1014 societate
950 995 1000 1015 co-

175 1031 245 1067 pula
260 1031 418 1068 prohiberi.
436 1031 590 1058 Addiderit
611 1033 640 1058 et
661 1031 820 1067 quispiam,
847 1031 1000 1067 pontiﬁces

175 1076 226 1112 qui
243 1078 378 1104 statuunt
392 1075 445 1103 has
460 1076 579 1111 nuptias
605 1075 698 1103 arceri
721 1075 827 1103 debere
842 1078 999 1111 antequam

176 1121 258 1155 ﬁant,
275 1129 332 1148 non
347 1129 414 1148 vero
431 1120 522 1148 factas
545 1119 678 1154 dissolvi,
694 1120 744 1148 sed
771 1120 877 1156 pccnali
893 1119 1000 1155 subjici

178 1173 320 1198 censuras,
335 1173 522 1201 nequaquam
539 1167 673 1192 accurato
685 1165 745 1199 juri
768 1165 914 1192 adhaerere
930 1165 999 1192 dum

179 1210 223 1238 sic
237 1210 408 1243 decernunt,
423 1209 495 1245 quin
509 1209 568 1237 imo
582 1209 680 1244 potius
696 1209 964 1238 accommodaticio.

217 1299 244 1326 9.
261 1298 376 1326 Scilicet
398 1297 538 1326 indecens
561 1299 606 1325 est
630 1299 658 1326 et
680 1298 882 1334 inhonestum,
908 1307 1002 1334 neque

182 1345 287 1372 natura
298 1344 424 1379 justum,
437 1341 589 1370 mulierem
606 1351 669 1378 ques
680 1343 716 1370 ad
727 1343 1003 1379 haereditatemjure

181 1387 364 1425 cognationis
378 1389 507 1420 vocatur,
524 1395 582 1414 una
598 1395 665 1415 cum
681 1387 795 1415 herede
809 1389 838 1416 in
855 1391 1001 1424 corrupte-

179 1433 237 1461 lam
253 1432 391 1466 ineidere,
408 1440 521 1460 necnon
532 1439 566 1459 ex
581 1431 645 1467 ipsa
661 1432 739 1468 gigni
752 1432 858 1461 liberos
873 1433 1002 1462 nominis

180 1477 312 1514 ambigui
326 1476 474 1512 dubiique.
492 1477 553 1508 Quo
566 1477 643 1505 enim
669 1477 787 1505 nomine
807 1478 856 1513 qui
873 1486 939 1506 cum
955 1480 1001 1506 sui

180 1522 291 1551 sobrini
306 1521 365 1550 ﬁlia
386 1521 509 1557 junctus
524 1523 569 1549 est
592 1530 659 1549 eum
686 1522 835 1550 donaverit
859 1523 908 1559 qui
927 1523 952 1551 ei
968 1532 1002 1551 ex

180 1567 231 1596 illa
241 1569 330 1595 natus
341 1566 429 1594 fuerit
441 1568 452 1594 Ρ
462 1566 538 1594 Num
550 1566 612 1600 ﬁlii,
625 1567 667 1594 vel
684 1575 717 1594 ex
728 1570 852 1603 cognata
863 1568 1002 1604 nepotis?

1050 269 1110 295 σθαι
1138 265 1186 290 τοῦ
1215 262 1318 290 οἰκείου
1348 261 1455 301 ἀνδρὸς,
1470 265 1524 290 τῶν
1550 262 1642 290 ἄλλων
1668 262 1858 298 ἐπιλειπόντων,

1050 306 1134 338 ἀδεῶς
1159 308 1226 343 ἡμῖν
1254 310 1386 335 συνοικεῖν
1413 307 1534 343 ἐξεῖναις
1560 308 1604 335 καί
1627 308 1746 345 νόμιμον
1770 308 1811 335 τὸν
1821 309 1861 345 γά-

1053 363 1103 389 μον
1120 351 1274 389 λογίζεσθαι
1292 361 1299 387 ;

1087 417 1104 442 η
1116 427 1122 433 .
1140 407 1231 434 Ταῦτα
1249 407 1296 443 μὲν
1311 406 1356 434 οὗν
1381 406 1450 444 πρὸς
1473 409 1522 441 τὴν
1548 409 1603 434 τῶν
1617 405 1810 444 ἐπιτρεπόντων
1823 407 1862 434 τὸν

1051 450 1139 488 γάμον
1162 448 1292 488 πρότασιν
1328 449 1457 489 εἴρηται·
1497 450 1631 489 λεγόντων
1671 450 1769 489 μέχρις
1794 449 1862 478 ἕκτου

1054 496 1161 532 βαθμοῦ
1176 495 1223 522 τὸν
1247 495 1330 532 νόμον
1355 496 1405 530 τῆν
1429 495 1547 523 κώλυσιν
1573 495 1684 523 ἐπὶτῶν
1701 496 1796 532 γάμων
1810 495 1865 523 ἒπε-

1052 542 1163 576 νεγκεῖν.
1191 539 1266 567 Ἑπεὶ
1297 538 1325 567 δὲ
1353 539 1397 567 καὶ
1426 539 1578 578 περαιτέρω
1606 540 1654 575 τὴν
1686 539 1832 578 συγγένειαν
1854 540 1866 567 ὁ

1052 584 1138 620 νόμος
1162 582 1218 612 οἶδε
1246 581 1401 622 προϐαίνειν
1429 583 1474 612 ἐπὶ
1501 586 1553 612 τῶν
1577 584 1606 612 ἐκ
1626 584 1756 622 πλαγίου,
1773 584 1808 615 ὥς
1829 584 1868 612 καί

1053 629 1122 666 πρὸς
1149 628 1339 667 κληρονομίας
1366 629 1441 660 τινὰς
1470 629 1610 658 καλεῖσθαι
1634 630 1681 657 καὶ
1711 632 1766 657 τῶν
1788 632 1833 657 τοῦ
1846 630 1868 657 ἒ-

1054 671 1160 710 ϐδόμου
1191 674 1299 711 βαθμοῦ
1316 697 1323 709 ,
1347 674 1418 701 κατᾶ
1443 675 1487 701 τὸν
1517 675 1601 710 νόμον
1623 675 1669 702 τὸν
1696 674 1828 712 λέγοντα·
1843 675 1869 702 Ἡ

1055 719 1199 756 συγγενικὴ
1242 718 1355 756 βοήθεια
1460 718 1581 756 βαθμοὺς
1610 719 1766 756 συγγενείας
1800 728 1869 756 περι-

1056 760 1200 799 λαμϐάνει,
1227 762 1272 790 καὶ
1297 763 1350 790 ἀπὸ
1379 765 1428 790 τοῦ
1454 761 1574 800 ἑϐδόμου
1599 774 1736 801 προσωπα
1765 762 1820 797 δύο,
1843 763 1869 790 τὸ

1054 807 1213 843 τικτόμενον
1257 807 1310 835 ἀπὸ
1350 806 1542 846 δισεεαδέλφου
1583 807 1627 835 καὶ
1664 806 1869 846 δισεξαδέλοης·

1055 851 1099 879 καὶ
1138 852 1198 879 καθ’
1227 849 1317 888 ἕτερον
1358 852 1443 888 νόμον
1482 851 1614 888 διεξιόντα
1641 852 1722 880 ταυτί
1753 863 1759 869 ·
1777 852 1817 879 Ἐν
1842 853 1869 888 τῇ

1018 898 1156 940 Βφυσικῆ
1184 896 1323 934 συγγενείᾳ
1350 897 1395 924 τὸν
1431 894 1548 934 ἕϐδομον
1581 897 1688 934 βαθμὸν
1724 897 1755 924 οὗ
1783 897 1870 934 παρεξ-

1055 941 1204 978 ερχόμεθα,
1229 940 1274 968 καὶ
1303 941 1336 968 τὰ
1364 941 1445 978 ἑξῆς·
1475 940 1597 979 εὐλόγως
1626 940 1656 969 ἄν
1687 951 1731 972 τις
1755 939 1815 979 εἴπῃ
1833 941 1870 968 καὶ

1053 985 1117 1016 τοὺς
1145 983 1264 1022 ἑϐδόμου
1289 985 1357 1023 πρὸς
1384 985 1526 1021 ἀλλήλους
1557 984 1635 1018 ὄντας
1667 986 1778 1024 βαθμοῦ
1799 996 1871 1013 κεκω-

1055 1028 1151 1061 λύσοαι
1168 1030 1236 1068 πρὸς
1251 1029 1341 1068 γάμου
1364 1030 1507 1058 κοινωνίαν
1531 1029 1669 1066 ἀλλήλοις
1694 1031 1872 1058 συνάπτεσθαι.

1055 1075 1103 1102 Καὶ
1119 1075 1183 1106 τοὺς
1206 1075 1259 1112 πρὸ
1287 1077 1335 1102 τοῦ
1358 1076 1477 1112 γενέσθαι
1501 1075 1547 1103 τὸν
1567 1077 1694 1103 τοιοῦτον
1723 1076 1811 1113 γάμον
1826 1073 1871 1102 δεῖν

1056 1118 1194 1157 εἴργεσθαι
1233 1118 1392 1157 διαγνόντας
1422 1120 1571 1158 ἀρχιερεῖς,
1603 1120 1672 1156 μετὰ
1695 1118 1725 1147 δὶ
1749 1120 1780 1147 τὸ
1807 1120 1872 1156 γενι-

1056 1169 1116 1196 σθαι
1134 1164 1171 1200 μὴ
1198 1162 1368 1200 διασπᾶσθαι,
1394 1163 1458 1192 ἀλλ’
1481 1165 1533 1192 ὑπὸ
1559 1163 1721 1201 ἐπιτίμησιν
1742 1164 1871 1202 γίνεσθαι·

1056 1208 1108 1236 οὐκ
1136 1205 1273 1244 ἀκριϐείας
1303 1209 1453 1246 ἐχομένους
1492 1207 1563 1236 εἷ’ποι
1602 1219 1644 1241 τις
1678 1209 1710 1237 ἃν
1742 1208 1872 1247 διαγνῶναι

1055 1254 1147 1289 τοῦτο⁹
1165 1252 1271 1289 μᾶλλον
1291 1253 1338 1287 μὲν
1355 1263 1403 1280 ουν
1418 1263 1449 1291 γε
1464 1250 1697 1292 συγκτταὸάσεως.

1092 1297 1124 1329 θ’.
1154 1297 1286 1336 Ἀπρεπὲς
1313 1292 1365 1335 γᾶρ
1402 1297 1509 1329 πάντως
1547 1298 1592 1325 καὶ
1636 1298 1669 1326 οὐ
1698 1298 1794 1335 σεμνὸν
1820 1296 1873 1325 οὐδὲ

1057 1341 1133 1380 φύσει
1150 1340 1262 1375 δίκαιον,
1279 1342 1328 1376 τὴν
1354 1342 1392 1373 είς
1418 1343 1538 1380 νόμιμον
1563 1342 1592 1370 ἐκ
1615 1342 1772 1381 συγγενείας
1785 1341 1873 1370 καλου-

1059 1387 1141 1423 μὲνην
1157 1386 1355 1424 κληρονομίαν,
1369 1387 1469 1422 ταύτην
1492 1389 1533 1423 τῷ
1557 1386 1729 1425 κληρονόμῳ
1753 1386 1870 1425 συμφθεί-

1058 1437 1160 1469 ρεσθαι,
1197 1432 1249 1459 κάκ
1282 1431 1384 1467 ταύτης
1423 1431 1557 1459 τίκτεσθαι
1593 1431 1696 1464 παῖδας
1725 1430 1870 1470 ἀμφίϐοΛον

1056 1476 1105 1510 τὴν
1121 1475 1220 1510 κλῆσιν
1251 1476 1296 1503 καὶ
1324 1476 1375 1504 οὐκ
1401 1475 1600 1515 ἀναμφίλεκτον
1626 1475 1755 1515 ἔχοντας.
1775 1477 1808 1506 Τί
1829 1477 1871 1514 γὰρ

1057 1520 1112 1548 avt
1141 1522 1174 1557 τῇ
1199 1522 1248 1548 τοῦ
1273 1520 1374 1548 οἰκείου
1399 1519 1591 1559 δισεξαδέλφου
1615 1520 1696 1549 παιδὶ
1726 1522 1872 1560 συζευχϐεῖς

1057 1566 1103 1592 τὸν
1134 1565 1162 1600 ἐζ
1190 1565 1294 1600 ἂκείνης
1326 1565 1400 1601 αὐτῷ
1434 1566 1564 1603 τεχθίντα
1599 1565 1751 1603 καλέσειεν,
1779 1565 1870 1599 Υὶὸνῆ

180 1613 254 1640 Nam
265 1611 411 1647 siquidem
426 1620 491 1638 eum
503 1593 784 1648 appellatumque;
797 1621 811 1639 e
821 1593 929 1640 lumbis
941 1612 983 1640 sui

1060 1593 1189 1646 ἀνεψιόζη
1217 1609 1250 1637 Εἴ
1272 1593 1319 1646 μὶν
1345 1593 1398 1648 γὰρ
1420 1610 1457 1641 ὡς
1517 1610 1617 1649 ὀσφύος
1641 1593 1728 1639 αὐτοῦ
1743 1593 1872 1648 ’τεχθέντα

182 1659 291 1690 ortum,
308 1656 400 1684 ﬁlium
412 1655 595 1690 nominabit;
609 1656 654 1683 sin
666 1664 734 1684 vero
748 1659 779 1683 ut
789 1665 823 1684 ex
835 1658 1004 1685 consobrini

183 1701 244 1729 ﬁlia
257 1701 400 1737 genitum,
415 1699 529 1728 vocabit
543 1704 742 1736 pronepotem.
757 1702 837 1733 Quod
859 1702 882 1729 si
899 1702 1005 1730 mulier

183 1755 199 1774 e
215 1746 303 1782 priori
325 1745 460 1780 conjugio
481 1744 590 1772 liberos
615 1745 731 1779 habeat,
759 1746 844 1781 eique
867 1748 955 1774 etiam
971 1755 1005 1774 ex

184 1791 312 1819 secundo
338 1789 387 1817 alii
410 1791 579 1821 nascantur,
606 1797 733 1824 quonam
759 1790 941 1825 cognationis
957 1799 1005 1819 no-

184 1835 263 1862 mine
278 1834 400 1862 invicem
425 1832 675 1868 appellabuntur?
701 1834 825 1870 Fratres,
842 1837 874 1862 ut
898 1835 948 1871 qui
970 1844 1004 1863 ex

185 1887 244 1906 una
259 1880 352 1906 matre
367 1877 508 1913 procreati
533 1877 661 1912 fuerint;
686 1878 730 1906 vel
747 1879 923 1913 consobrini,
941 1882 973 1908 ut
987 1889 1005 1908 a

185 1923 302 1951 duobus
317 1921 500 1950 consobrinis
515 1922 610 1950 satis?
625 1922 655 1950 Si
673 1931 741 1950 vero
766 1932 867 1952 omnes
884 1925 1004 1961 propin-

185 1967 297 2004 quioris
312 1967 349 1995 ad
364 1965 444 1994 illius
459 1966 598 1994 maritum
623 1967 732 2002 gradus
757 1968 925 2003 defecerint,
941 1968 1005 1996 alii-

185 2021 241 2049 que
255 2011 428 2048 superstites
452 2010 560 2038 fuerint
585 2019 600 2038 θ
615 2011 740 2047 septimo
763 2013 868 2048 gradu,
890 2013 954 2049 ipsa
969 2022 1006 2042 ne

184 2057 293 2094 pariter
307 2064 373 2084 cum
390 2055 448 2084 illis
469 2055 621 2083 vocabitur
635 2056 670 2083 ad
695 2057 922 2092 successionem,
938 2060 1005 2086 tan-

184 2111 273 2139 quam
289 2101 418 2137 ejusdem
434 2108 502 2128 cum
518 2100 554 2128 iis
569 2100 678 2136 gradus
692 2101 860 2138 particeps?
876 2105 926 2130 aut
941 2103 1007 2139 reji-

184 2148 286 2181 cielur,
301 2145 391 2174 veluti
407 2153 479 2172 uxor
503 2147 656 2181 assumpta
681 2154 698 2173 a
723 2146 894 2183 propinquis
905 2147 919 2175 ?
933 2147 1005 2175 Cum

183 2191 213 2220 in
229 2192 330 2220 eadem
348 2189 462 2227 possint
476 2191 599 2225 utraque
620 2191 756 2225 spectari.
773 2191 873 2219 Cernis
898 2192 937 2220 rei
955 2192 1006 2220 ab-

184 2236 357 2265 surditatem
368 2237 397 2264 et
407 2234 621 2270 turpitudinem
632 2235 645 2262 7
655 2234 795 2266 Quocirca
809 2244 885 2271 saepe
895 2245 912 2264 a
922 2236 1008 2272 legis-

183 2281 326 2309 latoribus
346 2280 375 2307 in
400 2287 490 2307 causa
518 2279 688 2314 nuptiarum
718 2280 830 2307 dictum
857 2282 922 2308 est:
948 2282 1008 2308 Non

183 2326 263 2354 modo
290 2324 356 2361 quid
382 2324 550 2360 permissum
576 2324 611 2351 sit
638 2328 766 2359 spectare,
795 2332 892 2352 verum
922 2326 1008 2353 etiam

184 2370 250 2406 quid
263 2371 300 2398 sit
313 2369 439 2397 decorum
458 2370 485 2395 et
499 2371 604 2396 natura
617 2375 740 2404 acquum,
756 2372 781 2396 et
795 2369 948 2398 honestum.

223 2423 264 2450 10.
280 2422 344 2451 Non
359 2422 448 2458 igitur
465 2421 667 2457 intempestive
693 2421 838 2458 prolatum
863 2426 918 2457 est,
935 2432 1006 2458 pon-

185 2467 279 2495 tiﬁces
295 2475 352 2494 non
376 2466 491 2494 locutos
517 2465 606 2494 fuisse
629 2468 775 2500 accurate,
791 2467 842 2494 sed
865 2469 959 2504 magis
974 2476 1009 2496 ex

186 2510 465 2539 accommodationis
489 2511 605 2545 all'ectu,
628 2511 744 2547 quando
762 2512 1006 2548 pronuntiarunt,

186 2557 345 2591 antequam
361 2555 582 2582 matrimonium
602 2555 631 2583 in
648 2556 772 2592 septimo
786 2557 877 2593 gradu
894 2560 1007 2586 contra-

185 2601 284 2634 hatur,
309 2598 431 2627 vetitum
456 2607 530 2633 esse,
556 2602 711 2636 postquam
737 2609 805 2629 vero
825 2604 1008 2630 contractum

185 2645 282 2680 fuerit,
299 2651 484 2680 nequaquam
501 2643 608 2672 divelli.
626 2645 653 2672 Si
672 2645 727 2673 hoc
743 2645 832 2682 igitur
846 2647 882 2674 ad
898 2647 1007 2674 demis-

185 2692 297 2720 sionem
313 2692 342 2717 et
356 2688 652 2717 accommodationem
671 2691 956 2727 pertinet,quidnam
973 2692 1008 2719 de

186 2739 266 2764 sexto
281 2734 373 2771 gradu
390 2732 525 2761 dicetur?
536 2733 615 2765 Quod
630 2737 728 2763 autem
744 2737 843 2764 sextus
860 2738 958 2773 aperte
970 2735 1009 2764 sit

186 2781 212 2809 is
226 2781 261 2809 de
276 2788 334 2816 quo
350 2777 552 2815 interrogatio,
575 2786 632 2806 non
648 2781 692 2807 est
715 2780 877 2817 ambigum.
895 2781 965 2810 Nam
982 2781 1007 2809 si

187 2824 324 2854 sobrinus
338 2824 412 2854 sexti
427 2825 472 2854 est
492 2823 613 2860 gradus,
641 2823 681 2851 illi
703 2833 769 2854 vero
794 2828 896 2862 nupta,
913 2825 1007 2862 ipsius

1057 1656 1152 1682 τοῦτον
1182 1654 1270 1689 καλεῖ,
1300 1654 1357 1681 υἱὸν
1384 1654 1540 1691 ὀνομάσειεν
1558 1664 1564 1672 ·
1592 1654 1615 1681 εί
1640 1654 1663 1682 δ’
1691 1656 1729 1687 ὡς
1751 1655 1780 1683 ἐκ
1802 1661 1871 1692 θυγα-

1057 1698 1120 1735 τρὸς
1144 1697 1302 1737 ἑξαδὲλφου,
1327 1698 1463 1726 καλέσειεν
1487 1698 1632 1736 ἐξανέψιον.
1650 1700 1683 1728 Εἰ
1709 1699 1738 1728 δὲ
1762 1700 1810 1728 κὰκ
1830 1700 1870 1727 τοῦ

1057 1744 1192 1781 προτέρου
1221 1743 1311 1780 γάμου
1338 1742 1433 1774 παῖδὲς
1463 1743 1515 1771 εἶσι
1539 1746 1573 1781 τῇ
1607 1745 1728 1782 γυναικὶ,
1755 1745 1870 1783 γένωνται

1059 1786 1088 1815 δὲ
1109 1787 1160 1815 κάκ
1187 1789 1236 1815 τοῦ
1266 1787 1390 1824 δευτέρου
1418 1788 1463 1815 καὶ
1488 1786 1585 1826 ἕτεροι,
1612 1789 1666 1816 τίνι
1696 1789 1727 1817 ἂν
1757 1789 1870 1824 κληθεῖεν

1058 1833 1125 1869 πρὸς
1140 1831 1284 1868 ἀλλήλους
1309 1833 1460 1871 συγγενείας
1485 1833 1598 1870 ὀνόματι
1615 1842 1622 1868 ;
1640 1832 1782 1874 ¹Δδελφοὶ,
1801 1834 1834 1864 ὡς
1847 1832 1871 1860 ἐκ

1061 1880 1123 1913 μιᾶς
1137 1876 1230 1914 φύντες
1256 1877 1371 1914 μητρὸς,
1395 1877 1414 1912 ἤ
1438 1876 1590 1917 ἐξάδελφοι,
1616 1879 1654 1909 ὠς
1676 1879 1732 1907 ἀπὸ
1754 1878 1799 1906 δύο
1821 1877 1869 1913 ἐξα-

1060 1920 1166 1960 δέλφων
1187 1921 1353 1960 σπαρέντες
1383 1921 1415 1950 Ei
1445 1921 1474 1950 δὲ
1500 1922 1546 1950 καὶ
1574 1921 1671 1955 πάντες
1702 1923 1731 1952 οῗ
1747 1923 1869 1962 ἐγγυτέρω

1061 1967 1167 2004 βαθμοῦ
1193 1969 1233 2002 τῷ
1260 1966 1361 2001 ταύτης
1397 1966 1474 2005 ἀνδρὶ
1512 1966 1681 2002 ἰπιλίποιεν,
1709 1966 1824 2005 ἐϐδόμου
1848 1965 1870 1993 δὲ

1060 2011 1110 2039 εἶεν
1127 2011 1171 2039 καὶ
1199 2011 1286 2048 ἕτεροι
1319 2011 1425 2049 βαθμοῦ
1454 2009 1603 2049 περιόντες,
1633 2013 1683 2051 ἆρα
1710 2013 1757 2040 σὺν
1772 2012 1870 2041 ἐκείνοις

1059 2057 1104 2084 καὶ
1120 2056 1186 2091 αὕτη
1206 2055 1374 2091 κληθήσεται
1395 2056 1463 2094 πρὸς
1487 2055 1636 2095 διαδοχήν,
1655 2057 1694 2088 ὡς
1710 2057 1819 2088 ἐκείνοις
1830 2057 1870 2084 τοῦ

1060 2100 1141 2128 αὐτοῦ
1165 2101 1272 2137 βαθμοῦ
1294 2100 1526 2138 συμμετέχουσας
1550 2100 1568 2136 ἤ
1587 2103 1818 2139 παραιτηθήσεται
1839 2100 1870 2129 ὡς

1059 2145 1126 2182 γυνή
1155 2142 1424 2181 παραλαμϐανομινη
1449 2145 1523 2183 παρὰ
1549 2147 1603 2173 τῶν
1623 2149 1779 2185 προσγενᾶη
1796 2156 1802 2181 ;
1821 2146 1869 2174 Ἑπν

1060 2189 1127 2226 αὐτῇ
1152 2190 1204 2226 γὰρ
1227 2188 1271 2216 καὶ
1297 2189 1438 2228 ἀμφότερα
1461 2190 1654 2227 τεθεώρηνται,
1684 2192 1766 2229 Ὁρᾷς
1788 2190 1868 2218 τὸτοῦ

1060 2232 1220 2270 πράγματος
1244 2234 1343 2261 ἄτοπον
1382 2233 1425 2261 καὶ
1460 2234 1511 2261 οὐκ
1534 2233 1699 2272 εὕσχημον,·
1728 2237 1776 2263 Διὰ
1800 2233 1867 2263 τοῦτο

1023 2281 1047 2313 D
1061 2281 1120 2309 τοῖς
1135 2277 1294 2315 νομοθέταις
1318 2277 1455 2310 πολλάκις
1480 2277 1524 2306 ἰπὶ
1551 2281 1606 2307 τῶν
1635 2281 1735 2318 γάμων
1754 2279 1867 2318 εἴρηται·

1063 2323 1109 2358 Μὴ
1139 2323 1169 2350 τὸ
1202 2321 1433 2360 ἐπιτετραμμένον
1471 2323 1554 2360 μόνον
1582 2327 1705 2361 σκοπεῖν,
1739 2325 1808 2353 ἀλλὰ
1831 2322 1867 2350 καὶ

1061 2367 1092 2395 τὸ
1107 2367 1238 2404 εὐπρεπὲς
1249 2368 1294 2395 καὶ
1309 2367 1386 2404 φύσει
1402 2366 1506 2395 δίκαιον
1521 2368 1567 2396 καὶ
1587 2369 1696 2406 σεμνὸν.

1099 2421 1124 2449 ι’.
1145 2420 1202 2449 Οὐκ
1230 2421 1349 2459 ἀκαίρως
1378 2419 1423 2448 οὖν
1453 2420 1559 2459 εἷ’ρηται
1587 2423 1624 2459 μὴ
1651 2423 1720 2460 πρὸς
1746 2419 1866 2460 ἀκρίϐειαν

1062 2465 1126 2497 τοὺς
1160 2465 1309 2504 ἀρχιερεῖς,
1338 2464 1411 2493 ἀλλὰ
1446 2464 1615 2498 διατεθέντας
1647 2464 1866 2505 συγκαταϐατικώ-

1062 2520 1150 2547 τερον,
1175 2510 1228 2548 πρὸ
1257 2510 1303 2546 μὶν
1328 2511 1376 2537 τοῦ
1399 2511 1520 2548 γενάσθαι
1542 2511 1587 2539 τὸν
1611 2511 1698 2549 γάμον
1719 2511 1761 2540 ἐπὶ
1783 2513 1826 2539 τοῦ
1845 2509 1867 2536 ἒ·
1914 2527 1919 2537 .

1064 2552 1169 2591 ϐδόμου
1193 2554 1299 2592 βαθμοῦ
1322 2554 1475 2586 κωλύεσθαι
1500 2554 1699 2593 ἀποφήνασθαι,
1722 2556 1786 2594 μετὰ
1804 2554 1829 2582 δὲ
1841 2553 1865 2580 τὸ

1062 2600 1181 2637 γενίσθαι
1208 2599 1245 2636 μὴ
1270 2597 1442 2627 διασπὰσθαι.
1468 2599 1500 2627 Εἰ
1521 2602 1586 2637 γοῦν
1610 2601 1654 2628 καὶ
1676 2603 1755 2629 τοῦτο
1782 2608 1864 2638 συγκα-

1062 2642 1211 2678 ταϐάσεως,
1227 2644 1253 2671 τί
1276 2642 1305 2671 ἄν
1329 2654 1370 2675 τις
1395 2642 1467 2671 εἴποι
1490 2644 1552 2682 περὶ
1571 2647 1619 2672 τοῦ
1644 2643 1744 2681 Euroo;
1771 2646 1825 2673 Ὅτι
1846 2641 1864 2669 δ’

1062 2687 1139 2720 ἕκτος
1168 2688 1291 2726 ἄντικρύς
1318 2688 1387 2716 ἑστιν
1407 2687 1486 2720 οὗτος
1510 2688 1546 2717 δι’
1566 2689 1596 2717 ὃν
1619 2691 1636 2725 ἠ
1665 2690 1804 2729 ἐρώτησις,
1824 2686 1865 2714 οὔκ

1063 2733 1246 2772 ἀμφίρῥοπον.
1260 2733 1293 2761 Et
1308 2733 1358 2772 γὰρ
1375 2734 1389 2761 ὁ
1405 2732 1597 2772 δισεζάδελφος
1614 2732 1702 2772 ἕκτου,
1717 2737 1734 2770 ἡ
1750 2734 1777 2762 δὲ
1790 2733 1863 2767 τοὲτῳ

1063 2783 1214 2818 συζυγεῖσα,
1239 2779 1303 2818 σὰρξ
1333 2779 1436 2808 ἐκείνου
1459 2779 1503 2807 διὰ
1527 2784 1577 2816 τῆς
1600 2781 1740 2821 συναφείας
1767 2778 1863 2821 ἐγένετο,

1062 2825 1107 2854 καὶ
1122 2835 1214 2865 νυμφη
1231 2826 1280 2852 τοῦ
1304 2824 1446 2864 περιόντος
1468 2819 1789 2865 δισιξαϐἑλφου-κυρίως.
1812 2819 1863 2851 ἀλλ’
