2021 3176
101 185 163 214 441

679 182 874 214 NOVELLIE
894 180 1243 212 CONSTITUTIONES.

1753 180 1811 210 442

100 250 300 288 γενησομέναις
330 251 434 290 ψήφοις
470 251 583 283 ἅπαντες
610 251 638 277 αἱ
676 247 858 286 ἐνδημοῦντες
898 248 933 284 τῇ

989 264 1045 291 que
1060 255 1268 283 nonnullorum
1294 255 1568 283 comministrorum
1591 256 1620 284 et
1634 254 1814 283 confratrum

101 293 210 332 μεγάλῃ
239 293 319 322 πόλει
347 295 497 332 ἀρχιερεῖς,
515 294 588 323 ἀλλὰ
615 294 660 322 καὶ
685 293 747 332 ἄτερ
775 297 825 328 τῆς
851 302 932 319 τινων

98 337 324 377 συλλιιτουργῶν
347 339 392 367 καὶ
417 338 588 379 συναδέλφων
609 337 801 376 μετακλήσεως
823 338 856 365 τὰ
882 340 932 372 τῆς

98 384 197 423 ψήφου
212 384 286 421 παρὰ
307 383 418 416 κανόνας
443 382 594 420 προϐαίνει*
611 385 705 411 ὁποῖον
726 382 758 418 δή
785 394 812 410 τι
840 383 933 421 γὲγονε

97 433 148 460 καὶ
177 432 219 460 ἰπὶ
249 434 309 464 ταῖς
338 433 444 471 ψήχοις
466 435 519 461 τῶν
538 432 734 471 ῥηθησομένων
748 431 929 467 Ἐκκλησιῶ-ι.

97 477 156 505 Καὶ
186 476 336 516 προΐσχετο
366 477 403 508 ὡς
433 476 477 505 ἐπὶ
500 479 534 514 τῇ
556 478 640 516 ψήφῳ
657 478 705 514 μὶν
719 480 768 512 τῆς
783 487 813 505 τε
839 475 931 505 Κλαυ-

98 521 274 553 διουπολιως
300 521 346 550 καὶ
371 523 421 557 τῆς
450 522 610 561 Μαρωνείας
639 521 696 550 οὐδ’
719 521 790 553 ὅλως
818 521 930 557 ἠξίωται

97 565 191 605 λόγου
219 566 292 604 παρὰ
316 568 369 594 τῶν
395 566 589 605 ψηφισαμένων
631 566 729 598 ταύτας
755 564 929 604 ουναδὲλφων

96 612 200 640 τούτου
214 611 260 639 καὶ
274 610 504 650 συλλιιτουργῶν,
522 610 584 640 οὖδὶ
614 610 768 649 μετεκλήθη
798 611 866 648 πρὸς
879 610 928 644 τήν

98 659 193 696 ψῆφον
217 656 290 694 παρά
313 667 400 692 τινος,
416 657 461 684 καὶ
483 658 566 685 ταῦτα
588 658 622 693 τῇ
643 656 748 694 μεγάλῃ
777 653 857 683 πόλει
886 655 930 682 ἰν-

99 699 134 737 δη
141 702 212 738 μῶν,
228 701 272 728 καὶ
288 702 340 728 τῶν
357 699 508 728 συνοδικῶν
530 699 710 738 δικαστηρίων
741 700 779 737 μή
808 698 928 736 ἀπολιμ-

98 745 268 783 πανόμενος,
283 745 328 773 καὶ
340 747 394 773 τῶν
411 745 514 773 λοιπῶν
531 744 722 774 συνελεύσεωνο
739 744 782 772 ἐπὶ
813 742 842 772 δὲ
869 746 929 775 ταῖς

100 791 207 830 ψήφοις
234 790 289 818 τῶν
316 790 415 829 ἒτέρων
441 792 524 828 τριῶν
554 788 736 826 Ἐκκλησιῖυν,
761 788 927 828 Δυρραχίου,

98 834 233 871 Μιλήτου
273 835 320 862 καὶ
359 834 639 872 Χριστιανουπόλιως,
678 833 801 869 δοθείσης
839 833 929 869 τούτῳ

99 879 242 916 εἷδήσιως,
266 879 312 907 καὶ
334 879 417 907 αὐτοῦ
439 879 626 916 ποιησαμένου
653 878 801 916 ἀπόλογον,
816 878 859 906 καὶ
890 877 928 904 ἐν-

988 301 1186 333 advocatione,
1226 303 1330 336 prater
1366 309 1492 328 canones
1528 299 1630 328 electio
1663 299 1810 335 procedat.

987 345 1078 378 Quale
1093 345 1214 380 quidam
1245 345 1412 372 usuvenerit
1441 345 1528 373 etiam
1559 344 1588 372 in
1618 343 1811 372 electionibus

987 389 1175 418 ecclesiarum
1207 389 1495 425 queindicabantur.
1524 390 1662 424 Adeoque
1690 391 1813 424 prmten-

988 434 1084 470 debat,
1102 434 1131 462 in
1157 433 1299 462 electione
1327 433 1592 471 Claudiopolitana,
1618 436 1646 461 et
1674 435 1811 468 Maronea,

986 483 1100 511 nullam
1116 491 1238 519 prorsus
1255 482 1301 510 sui
1318 483 1460 511 rationem
1476 483 1607 511 habitam
1619 492 1636 511 s.
1658 482 1813 511 confratri-

986 527 1042 556 bus
1054 530 1081 555 et
1095 527 1309 555 comministris
1324 527 1398 561 suis,
1415 528 1465 563 qui
1480 536 1544 556 eam
1557 527 1729 556 electionem
1748 535 1813 554 con-

985 571 1125 600 fecissent
1139 580 1146 605 ;
1163 580 1215 600 nec
1231 580 1261 600 se
1276 580 1293 599 a
1317 580 1466 608 quoquam
1482 572 1518 600 ad
1533 580 1597 600 eam
1627 572 1812 605 arcessitum,

985 624 1053 644 cum
1070 616 1189 652 quidem
1203 617 1232 644 in
1248 616 1320 644 urbe
1336 617 1462 651 degeret,
1479 624 1531 644 nec
1547 625 1564 644 a
1591 616 1737 652 synodicis
1762 616 1813 644 tri-

984 660 1145 689 bunalibus
1160 661 1331 698 caeterisque
1347 661 1555 696 congressibus
1568 663 1662 688 semet
1682 661 1812 688 abstine-

985 707 1040 733 ret.
1058 706 1087 733 In
1106 705 1298 733 eiectionibus
1315 707 1413 733 autem
1429 705 1554 733 aliarum
1571 705 1660 732 trium
1675 704 1812 732 ecclesia-

983 757 1061 784 rum,
1077 749 1261 785 Dyrrhachii,
1292 749 1384 777 Mileti
1414 751 1442 777 et
1466 749 1720 785 Cbristianopolis,
1745 745 1812 776 cum

983 802 1030 822 res
1045 794 1070 822 ei
1085 794 1258 822 denuntiata
1273 795 1385 828 fuisset,
1401 796 1489 830 atque
1505 794 1567 830 ipse
1592 793 1812 830 responsionem

983 838 1181 873 instituisset;
1208 847 1240 866 ac
1270 839 1423 866 manifeste
1453 839 1633 875 diserteque,
1659 838 1727 874 quid
1755 837 1812 865 sibi

982 883 1161 919 displiceret,
1177 883 1374 917 ostendisset;
1391 884 1527 919 quodque
1547 883 1702 911 subortum
1732 884 1811 911 esset

101 923 260 961 δειξαμένου
284 926 406 962 φανερῶς
430 923 654 963 ἆποπιφασμάνον
679 924 710 951 τὸ
734 920 928 973 ταύτῳλδυσα-

989 930 1059 962 Διηοιι
1088 936 1119 955 se
1149 928 1332 964 fratrumque
1361 930 1477 960 ccetum,
1504 936 1537 955 ex
1554 928 1598 956 sui
1627 929 1810 964 contemptu,

104 968 293 1006 ρεστούμενον,
309 968 354 996 καὶ
372 968 404 996 τὸ
430 969 509 1006 μίσον
533 967 614 996 αὐτοῦ
635 979 664 995 τε
684 968 728 995 καὶ
743 969 792 1000 τῆς
811 965 927 1004 ἀδελφό-

101 1024 187 1048 τητος
216 1012 260 1041 διὰ
298 1014 348 1048 τήν
387 1013 582 1052 περιφρόνησιν
613 1011 773 1049 σκάνδαλον,
802 1011 846 1039 καὶ
875 1013 932 1039 οἷον

103 1057 279 1088 ἀπαιτοῦντος
303 1058 353 1092 τὴν
380 1056 491 1095 εῗρήνην
517 1057 561 1085 καὶ
586 1059 635 1092 τὴν
660 1057 800 1094 ὁμόνοιαν,
822 1057 847 1084 o't
868 1055 933 1084 τού-

101 1113 149 1130 του
176 1101 337 1141 συναδελφοι
362 1102 434 1139 παρᾶ
459 1101 562 1141 φαῦλον
590 1100 682 1134 ἔθεντο
706 1102 750 1129 καὶ
784 1101 932 1140 ἀπεῤῥάπι-

100 1157 147 1174 σαν
177 1148 227 1182 τὴν
263 1147 405 1183 ἀπόκρισιν
424 1155 430 1161 ·
461 1145 506 1174 καὶ
545 1146 785 1184 ἀποσχοινίσαντες
821 1146 934 1174 ἑαυτοὺς

99 1196 187 1235 χωρὶς
211 1199 261 1231 τῆς
285 1196 367 1224 αὐτοῦ
392 1195 541 1233 παρουσίας
565 1196 610 1223 καὶ
643 1195 733 1233 ἒτὲρας
759 1196 834 1227 τινὸς
864 1195 929 1222 ὑπο-

106 1242 242 1278 μνήσεως,
258 1241 324 1268 κάπὶ
339 1240 449 1272 ταύταις
463 1243 524 1272 ταῖς
538 1239 712 1276 Ἐκκλησίαις
731 1240 794 1272 τοὺς
817 1239 932 1267 δοκοῦν-

101 1296 151 1318 τας
171 1286 263 1317 αὐτοῖς
280 1285 456 1325 ἐψηφίσαντο.
472 1286 534 1314 ’Ὁτι
558 1287 622 1323 γοῦν
645 1285 671 1312 οἱ
697 1287 762 1317 θεῖοι
789 1284 833 1312 καὶ
863 1284 932 1323 ἱεροὶ

98 1330 208 1362 κανόνες
231 1331 280 1362 τὰς
303 1330 430 1362 τοιαύτας
461 1332 567 1370 ψήφους
599 1329 851 1368 ἀποδοκιμάζοντες
883 1340 930 1366 με-

102 1376 244 1412 μισήκασι,
261 1375 407 1412 προτίθησι
433 1375 503 1407 τέως
531 1376 565 1403 τὰ.
588 1375 650 1413 περὶ
673 1375 781 1412 τούτου,
797 1375 841 1402 καὶ
869 1374 934 1402 τοὺς

101 1420 220 1451 κακόνας
248 1418 449 1457 παρακλητεύει
488 1419 728 1457 ἀναγινώσκεσθαι,
759 1419 854 1451 θ’ίτινες
888 1417 933 1446 καὶ

101 1465 166 1502 παρ’
194 1463 277 1492 αὐτου
307 1463 458 1496 ικδοθὲντες
487 1464 529 1492 ἐπὶ
559 1466 608 1492 τοῦ
639 1465 721 1501 μέσου
756 1465 823 1492 κατὰ
858 1464 933 1502 ῥῆμα

107 1509 358 1548 ὗπανεγνώσθησαν.
389 1511 435 1536 Ὧν
465 1510 479 1536 ὁ
509 1509 556 1546 μὲν
587 1510 625 1541 εἷς
654 1508 676 1536 δ’
705 1509 738 1543 ἦν
769 1509 855 1536 κανὼν
883 1511 933 1543 τῆς

107 1554 186 1591 ἁγίας
211 1553 255 1581 καί
284 1553 476 1590 οίκουμενικῆς
504 1554 527 1581 οιί
543 1553 680 1590 ξ’συνόδου,
705 1553 775 1581 οὕτω
814 1552 906 1588 διξιών
925 1556 932 1563 ¹

108 1610 122 1624 ‹‹
149 1598 310 1626 Ἐπίσκοπον
347 1599 480 1636 προσήκει
512 1597 630 1635 μάλιστα
668 1598 715 1635 μὶν
746 1598 797 1625 ὑπὸ
825 1597 932 1625 πάντων

104 1645 158 1670 τῶν
189 1642 214 1670 ἐν
241 1644 275 1680 τῇ
305 1642 423 1680 ἐπαρχίᾳ
441 1642 627 1675 καθίστασθαι·
646 1642 668 1670 εἰ
685 1641 713 1670 δὲ
729 1641 858 1680 δυσχερὲς
889 1641 930 1678 εἶή

100 1687 132 1715 τὸ
168 1689 292 1715 τοιοῦτον
321 1687 338 1722 ἢ
367 1686 412 1714 διὰ
448 1687 657 1725 κατεπείγουσαν
695 1686 812 1725 ἀνάγκην
841 1687 859 1722 ἢ
887 1686 931 1714 διὰ

103 1735 191 1769 μῆκος
220 1731 295 1766 ὁδοῦ,
311 1731 336 1769 ἐξ
366 1732 483 1764 ἅπαντος
511 1735 583 1770 τρεῖς
598 1732 642 1759 ἐπὶ
656 1732 687 1760 τὸ
701 1733 767 1759 αὐτὸ
794 1732 933 1770 συνηγμέτ

100 1787 177 1811 νους,
205 1777 360 1815 συμψήφων
386 1777 538 1813 γινομένων
567 1777 611 1805 καὶ
640 1779 695 1804 τῶν
728 1776 853 1804 ἀπόντων
888 1769 933 1804 καὶ

103 1820 300 1858 συντιθεμένων
327 1820 371 1849 διὰ
393 1822 575 1860 γραμμάτων,
599 1821 661 1849 τότε
685 1822 734 1856 τὴν
759 1821 932 1860 ’χειροτονίαν

102 1866 252 1894 ποιεῖσθαι.
269 1866 307 1894 Τὸ
324 1864 352 1893 δὲ
367 1868 450 1904 κῦρος
473 1868 526 1894 τῶν
552 1867 700 1904 γινομένων
725 1865 847 1894 δίδοσθαι
874 1863 936 1898 καθ’

104 1910 220 1946 ἑκάστην
243 1909 374 1948 ἐπαρχίαν
399 1913 438 1947 τῷ
466 1910 666 1949 μητροπολίτῃ.
692 1923 706 1937 ››
730 1912 760 1940 Ὁ
788 1910 817 1939 δὲ
843 1910 935 1948 ἕτερος

103 1955 192 1982 κανὼν
221 1955 255 1989 ἧν
284 1955 328 1982 καὶ
357 1955 436 1986 αὐτὸς
458 1956 489 1983 ιϐ’
504 1959 554 1991 τῆς
584 1956 609 1983 ἐν
628 1955 782 1994 Ἀντιοχείᾳ
811 1955 934 1992 συνόδου,

105 2000 302 2039 διαλαμϐάνων
336 2003 423 2036 οὕτως
460 2004 619 2041 αὖτολεξεί·
648 2016 663 2031 ‹‹
693 2004 855 2033 Ἐπίσκοπον
897 2004 935 2042 μὴ

103 2049 320 2086 χειροτονεῖσθαι
335 2047 400 2086 δίχα
415 2048 529 2076 συνόδου
544 2049 590 2076 καὶ
612 2048 761 2086 παρουσίας
775 2051 825 2077 τοῦ
851 2048 877 2077 ἐν
902 2051 935 2086 τῇ

105 2091 278 2130 μητροπόλει
300 2096 351 2128 τῆς
381 2092 523 2131 ἐπαρχίας.
551 2093 653 2121 Τούτου
686 2093 715 2121 δὲ
749 2093 881 2132 παρόντος
910 2093 936 2130 ἐξ

104 2137 235 2173 ἅπαντος,
264 2137 371 2175 βέλτιον
403 2138 451 2175 μὶν
479 2140 597 2166 συνεῖναι
623 2138 696 2175 αὐτῷ
725 2138 826 2171 πάντας
849 2138 875 2166 ἐν
902 2140 936 2175 τῇ

105 2181 226 2220 ἐπαρχίᾳ
246 2181 490 2220 συλλειτουργοὺς,
506 2183 551 2210 καὶ
575 2184 708 2221 προσήκει
733 2182 766 2211 δι’
783 2182 934 2211 ἐπιστολῶν

103 2226 168 2257 τοὺς
185 2227 211 2254 ἐν
226 2228 260 2264 τῇ
279 2226 449 2265 μητροπόλει
475 2226 632 2265 συγκαλεῖν.
649 2229 697 2255 Καὶ
723 2228 748 2256 εἷ’
778 2228 824 2265 μὲν
852 2227 936 2255 ἀπαν-

102 2275 172 2309 τῷεν
188 2272 296 2308 πάντες,
315 2273 435 2311 βίλτιον·
454 2272 479 2300 εἴ
494 2271 522 2300 δὲ
547 2271 675 2312 δυσχερὶς
696 2271 738 2310 εἱή
764 2276 857 2309 τοῦτο,
873 2273 936 2304 τούς

988 972 1173 1006 scandalum,
1203 972 1347 1008 quasique
1385 981 1485 1009 pacem
1510 975 1538 1000 et
1565 972 1750 1001 concordiam
1776 972 1812 1000 ab

988 1017 1030 1044 eis
1046 1017 1225 1053 requireret:
1242 1018 1403 1045 confratres
1420 1025 1490 1044 suos
1506 1017 1533 1045 id
1551 1025 1726 1053 responsum
1743 1017 1814 1045 ﬂoc-

988 1062 1130 1095 cifecisse,
1148 1063 1235 1098 atque
1252 1061 1390 1089 habuisse
1405 1061 1550 1097 ludibrio;
1568 1070 1694 1097 cumque
1722 1063 1816 1089 semet

989 1106 1024 1134 ab
1041 1114 1073 1134 eo
1087 1103 1310 1141 dis‘junxissent,
1328 1115 1385 1133 non
1402 1106 1614 1134 interveniente
1629 1106 1723 1141 ipsius
1740 1114 1814 1142 prae-

988 1151 1093 1184 sentia,
1123 1159 1175 1178 nec
1200 1150 1258 1178 alia
1288 1150 1425 1186 quapiam
1451 1151 1692 1184 commonitione,
1721 1150 1751 1178 in
1767 1150 1814 1178 his

988 1195 1075 1223 etiam
1099 1195 1229 1223 ecclesiis
1256 1203 1305 1223 eos
1329 1203 1401 1231 quos
1427 1195 1499 1231 ipsis
1515 1195 1609 1223 visum
1626 1195 1742 1229 fuisset,
1756 1194 1814 1222 ele-

988 1239 1074 1276 gisse.
1107 1240 1187 1272 Quod
1218 1242 1315 1267 autem
1343 1239 1432 1267 divini
1463 1239 1597 1275 sacrique
1613 1247 1741 1268 canones
1756 1239 1815 1266 hu-

987 1285 1116 1320 iusmodi
1137 1284 1293 1312 electiones
1314 1283 1471 1319 rejiciendo
1488 1283 1664 1320 improbent,
1681 1283 1708 1311 id
1725 1282 1814 1311 etiam

987 1328 1017 1356 in
1038 1328 1167 1356 medium
1184 1328 1355 1363 adducebat,
1369 1330 1458 1364 utque
1481 1336 1608 1356 canones
1633 1328 1809 1363 legerentur,

987 1373 1175 1401 obsecrabat:
1192 1373 1241 1409 qui
1255 1373 1373 1409 quidem
1391 1374 1426 1400 ab
1443 1381 1475 1400 eo
1492 1373 1521 1400 in
1537 1372 1668 1400 medium
1678 1371 1812 1406 exhibiti,

988 1418 1023 1446 ad
1039 1418 1160 1446 verbum
1187 1417 1285 1445 reiecti
1313 1418 1442 1445 fuerunt.
1474 1418 1581 1445 Eorum
1598 1425 1686 1451 unus,
1704 1419 1811 1444 sanctas

989 1471 1022 1490 ac
1036 1462 1211 1490 universalis
1241 1461 1342 1498 prima:
1370 1462 1472 1498 synodi
1495 1464 1618 1497 quartus
1633 1463 1695 1489 erat
1709 1469 1816 1494 canon,

988 1507 1048 1534 haec
1065 1507 1218 1534 continens
1232 1515 1238 1534 :
1258 1517 1271 1530 «
1287 1506 1463 1542 Episcopum
1480 1515 1533 1541 per
1552 1508 1596 1533 est
1612 1505 1738 1532 maxime
1752 1505 1816 1541 qui-

989 1552 1055 1579 dem
1072 1551 1107 1579 ab
1124 1551 1273 1582 omnibus,
1291 1550 1340 1586 qui
1361 1553 1430 1578 sunt
1446 1551 1475 1578 in
1498 1550 1647 1586 provincia
1661 1549 1812 1577 constitui.

989 1601 1040 1628 Sin
1057 1601 1084 1628 id
1100 1600 1207 1628 diﬁcile
1224 1600 1318 1635 fuerit,
1334 1599 1376 1627 vel
1403 1604 1521 1635 propter
1545 1600 1698 1635 urgentem
1714 1606 1815 1626 neces-

992 1645 1121 1680 sitatem,
1139 1644 1182 1673 vel
1199 1645 1234 1673 ob
1256 1644 1453 1681 prolixitatem
1469 1643 1593 1678 itineris,
1610 1645 1680 1671 tunc
1696 1643 1816 1671 omnino

989 1693 1050 1718 tres
1067 1690 1096 1717 in
1112 1699 1204 1718 unum
1221 1689 1401 1725 congregati,
1414 1688 1667 1717 consentientibus
1679 1688 1814 1716 electioni

989 1735 1078 1762 etiam
1094 1734 1131 1762 iis
1147 1734 1196 1770 qui
1223 1735 1342 1767 absunt,
1367 1741 1491 1769 eamque
1508 1741 1558 1769 per
1582 1733 1694 1760 litteras
1710 1741 1816 1769 appro-

988 1779 1139 1812 bantibus,
1155 1778 1338 1806 ordinatione
1350 1787 1375 1805 m
1391 1778 1554 1814 perﬁciant.
1570 1778 1758 1805 Conﬁrmatio
1770 1786 1819 1805 au-

989 1826 1049 1852 tem
1066 1831 1167 1851 eorum
1183 1831 1247 1859 quae
1262 1823 1346 1856 ﬁunt,
1370 1822 1400 1850 in
1417 1822 1547 1859 qualibet
1573 1822 1723 1858 provincia
1758 1829 1818 1849 me-

989 1868 1165 1904 tropolitano
1195 1868 1390 1903 permittatur.
1409 1878 1423 1892 »
1439 1867 1518 1894 Alius
1547 1866 1616 1894 item
1633 1875 1727 1894 canon
1752 1868 1814 1894 erat

992 1913 1124 1941 decimus
1153 1920 1250 1940 nonus
1277 1911 1426 1940 Antiochea
1456 1911 1571 1948 synodi,
1596 1911 1647 1948 qui
1671 1911 1733 1939 haec
1754 1911 1820 1947 ipsa

992 1957 1082 1985 verba
1121 1956 1346 1993 complectitur:
1378 1956 1568 1991 «Episcopus
1604 1964 1639 1983 ne
1668 1956 1820 1983 ordinator

994 2002 1105 2037 absque
1120 2001 1242 2037 synodo,
1259 2003 1287 2028 et
1315 2000 1380 2035 ejus
1396 2000 1561 2036 prasentia,
1578 1999 1627 2035 qui
1645 2002 1691 2027 est
1706 1999 1735 2026 in
1751 2007 1818 2035 pro-

993 2046 1093 2074 vinciae
1123 2044 1360 2081 metropoli;qui
1388 2044 1508 2071 omnino
1538 2043 1563 2071 si
1590 2043 1678 2078 adsit,
1702 2045 1821 2080 praestat

993 2095 1111 2131 quidem
1128 2102 1192 2122 esse
1208 2102 1275 2121 cum
1291 2101 1324 2121 eo
1344 2094 1464 2120 cunctos
1482 2093 1510 2120 in
1527 2101 1560 2120 ea
1575 2092 1722 2128 provincia
1737 2099 1820 2119 com-

994 2139 1148 2167 ministros
1177 2140 1264 2173 atque
1290 2146 1343 2173 par
1371 2139 1415 2165 est
1439 2145 1498 2171 cos,
1516 2136 1566 2173 qui
1582 2136 1695 2164 suntin
1711 2138 1819 2164 metro-

992 2183 1063 2220 poli,
1075 2191 1244 2211 convocare.
1260 2183 1299 2210 Ac
1315 2181 1339 2210 si
1370 2181 1489 2218 quidem
1505 2182 1695 2217 compareant
1717 2188 1820 2208 omnes

991 2228 1020 2256 id
1037 2227 1143 2256 melius
1154 2229 1207 2255 est.
1225 2227 1275 2254 Sin
1292 2226 1364 2253 illud
1391 2225 1511 2254 difﬁcile
1535 2225 1585 2259 sit,
1609 2225 1729 2253 omnino
1755 2233 1820 2252 ma-

990 2273 1085 2308 jorem
1102 2271 1204 2299 adesse
1220 2273 1332 2306 partem
1359 2272 1484 2305 oportet,
1500 2269 1543 2297 vel
1566 2277 1616 2306 per
1631 2268 1744 2296 litteras
1760 2269 1822 2296 suf-

104 2328 135 2345 τε
150 2317 262 2349 πλείους
278 2317 304 2353 ἐξ
320 2318 437 2349 ἅπαντος
453 2321 574 2355 παρεῖναι
592 2317 642 2355 δεῖ,
658 2318 676 2353 ἢ
701 2317 746 2346 διὰ
767 2318 933 2357 γραμμάτων

992 2316 1109 2353 fragari.
1126 2317 1218 2350 Atque
1234 2315 1274 2342 ita
1288 2322 1355 2341 cum
1382 2314 1511 2350 plurima
1537 2314 1580 2341 vel
1597 2312 1762 2349 praesentia,
1778 2311 1824 2340 vel

108 2363 274 2401 ὁμοψήφους
296 2362 428 2400 γενέσθαι.
455 2362 504 2390 Καὶ
528 2362 599 2391 οὕτω
616 2363 684 2400 μετά
697 2365 748 2397 τῆς
773 2365 826 2391 τῶν
857 2362 936 2390 πλει-

108 2407 178 2435 όνων
203 2405 266 2442 ἤτοι
290 2407 438 2444 παρουσίας
464 2407 481 2442 ἢ
513 2409 605 2446 ψήφου
627 2407 745 2446 γίνεσθαι
773 2408 823 2442 τήν
852 2407 938 2435 κατά-

107 2462 210 2479 στασιν.
225 2450 254 2479 Εἰ
271 2450 300 2479 δὲ
315 2451 408 2483 ἄλλως
423 2452 496 2490 παρὰ
507 2451 540 2480 τὰ
560 2452 698 2490 ὡρισμένα
720 2453 835 2492 γίνοιτο,
854 2451 938 2490 μηδὲν

108 2495 214 2534 ἰσχύειν
242 2496 292 2530 τὴν
321 2496 502 2534 χειροτονίαν.
519 2496 551 2524 Et
568 2495 596 2524 δὲ
618 2498 686 2525 κατὰ
712 2498 758 2525 τὸν
787 2497 937 2536 ὡρισμένον

108 2540 207 2568 κανόνα
235 2539 338 2578 γίνοιτο
363 2541 380 2575 ἡ
414 2540 585 2576 κατάστασις,
614 2541 780 2580 ἀντιλέγοιεν
812 2540 841 2569 δέ
868 2551 939 2573 τινες

109 2587 145 2617 δι’
172 2588 272 2617 οἰκείαν
300 2589 481 2628 φιλονεικίαν,
507 2593 614 2622 κρατεῖν
644 2591 694 2625 τὴν
719 2594 772 2618 τῶν
802 2590 937 2619 πλειόνων

109 2635 212 2671 ψῆφον,
240 2646 252 2660 ι
277 2635 365 2660 Ταῦτα
392 2635 440 2660 τοῦ
473 2633 619 2671 ἱερωτάτου
651 2633 856 2672 μητροπολίτου
883 2638 939 2662 Κυ-

111 2678 186 2712 ζίκου
221 2675 464 2716 προϐαλλομένου,
503 2678 528 2705 οἱ
563 2678 814 2716 ἀντικαθιστάμενοι
851 2678 940 2716 τούτῳ

110 2722 259 2760 ἀρχιερεῖς,
275 2722 320 2750 καὶ
346 2722 399 2761 πρὸ
423 2724 477 2750 τῶν
499 2720 591 2750 ἄλλων
615 2724 629 2751 ὁ
645 2724 769 2763 Ἐφέσου,
786 2724 800 2751 ὁ
823 2724 940 2752 Ἰκονίου

112 2767 158 2794 καὶ
188 2767 202 2794 ὸ
230 2765 358 2804 ’Δϐύδου,
390 2767 428 2804 μὴ
458 2766 601 2804 ἀληθεύειν
633 2769 680 2796 τὸν
718 2768 833 2804 Κυζίκου
861 2768 941 2806 προΐ-

115 2821 216 2849 σχοντο
244 2811 285 2851 ἐφ’
300 2812 340 2844 οἷς
369 2812 415 2840 καὶ
442 2811 582 2849 προᾶθετο,
611 2813 642 2841 τὸ
670 2813 709 2850 μὴ
738 2812 941 2851 μετακληθῆναι

115 2853 247 2892 δηλονότι
270 2856 315 2885 καὶ
344 2855 425 2885 αὐτὸν
453 2855 497 2885 ἐπὶ
524 2859 584 2890 ταῖς
612 2857 715 2898 ψήφοις
738 2859 792 2888 τῶν
807 2856 940 2898 ῥηθιισῶν

991 2360 1141 2397 suil'ragio,
1159 2359 1300 2387 constitui
1317 2359 1499 2395 episcopum.
1512 2359 1563 2386 Sin
1579 2358 1663 2386 aliter
1674 2366 1731 2392 res,
1747 2365 1820 2394 pre

991 2409 1035 2434 ter
1051 2406 1111 2434 haec
1136 2406 1222 2433 modo
1247 2404 1378 2438 deﬁnita,
1395 2406 1526 2440 geratur,
1545 2403 1660 2431 nullum
1675 2402 1821 2431 ordinatio

992 2452 1082 2479 robur
1098 2450 1214 2477 habeat.
1226 2449 1306 2481 Quod
1322 2449 1346 2476 si
1358 2449 1521 2476 secundum
1537 2455 1679 2476 canonem
1692 2447 1825 2484 praescri-

993 2497 1076 2533 ptum
1093 2494 1221 2530 episcopi
1239 2494 1290 2521 ﬁat
1304 2493 1462 2527 institutio,
1480 2492 1631 2520 nonnullis
1646 2493 1682 2520 ob
1699 2492 1821 2520 insitum

993 2541 1049 2568 sibi
1061 2539 1175 2567 rixandi
1193 2538 1324 2567 studium
1342 2537 1630 2566 contradicentibus:
1646 2536 1821 2572 sull'ragium

993 2585 1124 2621 plurium
1139 2583 1241 2611 valeat.
1260 2594 1274 2607 »
1288 2582 1353 2610 Haec
1370 2582 1514 2618 allegante
1528 2590 1579 2618 pro
1591 2590 1622 2609 se
1635 2580 1823 2610 sanctissimo

994 2629 1085 2667 Cyzici
1111 2627 1347 2664 metropolitano,
1363 2627 1489 2654 adversae
1506 2626 1597 2662 partis
1615 2626 1776 2662 pontiﬁces,
1789 2632 1822 2651 ac

995 2687 1052 2715 prae
1069 2678 1180 2706 caeteris
1196 2676 1373 2712 Ephesian,
1392 2675 1562 2710 Iconiensis,
1578 2675 1747 2712 Abydenus,
1764 2681 1822 2700 non

993 2731 1061 2751 vera
1089 2723 1184 2750 dicere
1212 2721 1386 2758 Cyzicenum
1415 2720 1533 2749 aiebant
1555 2721 1590 2748 de
1610 2720 1656 2754 iis,
1674 2727 1737 2754 quae
1752 2725 1823 2753 pro-

995 2769 1115 2804 poneret
1144 2766 1222 2803 quod
1252 2765 1364 2794 scilicet
1391 2773 1444 2793 nec
1458 2765 1521 2801 ipse
1538 2764 1643 2793 fuisset
1662 2761 1822 2790 arcessitus

997 2813 1033 2841 ad
1049 2812 1208 2841 electiones
1223 2811 1369 2839 dictarum
1386 2809 1588 2839 ecclesiarum.
1604 2808 1718 2844 Quippe
1741 2805 1819 2835 dice-

997 2858 1078 2894 bant,
1095 2857 1194 2894 ipsum
1210 2855 1392 2886 Ieoniensem
1415 2863 1482 2884 cum
1497 2852 1678 2884 consobrinis
1696 2851 1824 2882 refersn-
