  <div class='ocr_page' id='page_1' title='image "/cluster/home/n/w/nwhite01/storage/ocr_20150623/135/njp.32101077773107/229.png"; bbox 0 0 2021 3176; ppageno 0'>
   <div class='ocr_carea' id='block_1_1' title="bbox 179 137 238 167">
    <p class='ocr_par' dir='ltr' id='par_1_1' title="bbox 179 137 238 167">
     <span class='ocr_line' id='line_1_1' title="bbox 179 137 238 167; baseline -0.017 0"><span class='ocrx_word' id='word_1_1' title='bbox 179 137 238 167; x_wconf 72' lang='lat'>“3</span> 
     </span>
    </p>
   </div>
   <div class='ocr_carea' id='block_1_2' title="bbox 832 133 1227 166">
    <p class='ocr_par' dir='ltr' id='par_1_2' title="bbox 832 133 1227 166">
     <span class='ocr_line' id='line_1_2' title="bbox 832 133 1227 166; baseline -0.003 0"><span class='ocrx_word' id='word_1_2' title='bbox 832 133 957 166; x_wconf 82' lang='lat' dir='ltr'>lSAACl</span> <span class='ocrx_word' id='word_1_3' title='bbox 979 134 1123 165; x_wconf 82' lang='lat' dir='ltr'><strong>ANGELI</strong></span> <span class='ocrx_word' id='word_1_4' title='bbox 1146 135 1227 165; x_wconf 83' lang='lat' dir='ltr'>IMP.</span> 
     </span>
    </p>
   </div>
   <div class='ocr_carea' id='block_1_3' title="bbox 1839 133 1906 162">
    <p class='ocr_par' dir='ltr' id='par_1_3' title="bbox 1839 133 1906 162">
     <span class='ocr_line' id='line_1_3' title="bbox 1839 133 1906 162; baseline 0 0"><span class='ocrx_word' id='word_1_5' title='bbox 1839 133 1906 162; x_wconf 68' lang='lat' dir='ltr'>4M</span> 
     </span>
    </p>
   </div>
   <div class='ocr_carea' id='block_1_4' title="bbox 179 198 1006 238">
    <p class='ocr_par' dir='ltr' id='par_1_4' title="bbox 179 200 1002 237">
     <span class='ocr_line' id='line_1_4' title="bbox 179 200 1002 237; baseline -0.001 -8"><span class='ocrx_word' id='word_1_6' title='bbox 179 201 252 230; x_wconf 87' lang='lat' dir='ltr'>darii</span> <span class='ocrx_word' id='word_1_7' title='bbox 278 201 387 237; x_wconf 66' lang='lat' dir='ltr'>nuptiis</span> <span class='ocrx_word' id='word_1_8' title='bbox 416 201 627 234; x_wconf 86' lang='lat' dir='ltr'>celebarentur,</span> <span class='ocrx_word' id='word_1_9' title='bbox 650 209 683 228; x_wconf 88' lang='lat' dir='ltr'>ac</span> <span class='ocrx_word' id='word_1_10' title='bbox 713 201 820 229; x_wconf 80' lang='lat' dir='ltr'>ibidem</span> <span class='ocrx_word' id='word_1_11' title='bbox 846 200 1002 228; x_wconf 83' lang='lat' dir='ltr'>invitatum</span> 
     </span>
    </p>
   </div>
   <div class='ocr_carea' id='block_1_5' title="bbox 1063 198 1905 238">
    <p class='ocr_par' dir='ltr' id='par_1_5' title="bbox 1063 198 1905 238">
     <span class='ocr_line' id='line_1_5' title="bbox 1063 198 1905 238; baseline -0.005 -10"><span class='ocrx_word' id='word_1_12' title='bbox 1063 199 1243 235; x_wconf 78' lang='grc' dir='ltr'>Ἐκκλησιῶν,</span> <span class='ocrx_word' id='word_1_13' title='bbox 1274 199 1361 231; x_wconf 79' lang='grc' dir='ltr'>Αὐτὸς</span> <span class='ocrx_word' id='word_1_14' title='bbox 1397 199 1458 238; x_wconf 80' lang='grc' dir='ltr'>γὰρ,</span> <span class='ocrx_word' id='word_1_15' title='bbox 1489 199 1570 238; x_wconf 82' lang='grc' dir='ltr'>φησὶν</span> <span class='ocrx_word' id='word_1_16' title='bbox 1603 200 1618 227; x_wconf 85' lang='grc' dir='ltr'>ὁ</span> <span class='ocrx_word' id='word_1_17' title='bbox 1644 198 1774 234; x_wconf 80' lang='grc' dir='ltr'>Ἰκονίου,</span> <span class='ocrx_word' id='word_1_18' title='bbox 1802 198 1905 235; x_wconf 81' lang='grc' dir='ltr'>γάμου</span> 
     </span>
    </p>
   </div>
   <div class='ocr_carea' id='block_1_6' title="bbox 179 245 1003 282">
    <p class='ocr_par' dir='ltr' id='par_1_6' title="bbox 179 245 1003 282">
     <span class='ocr_line' id='line_1_6' title="bbox 179 245 1003 282; baseline -0.001 -9"><span class='ocrx_word' id='word_1_19' title='bbox 179 246 351 282; x_wconf 70' lang='lat' dir='ltr'>Cyzicenum</span> <span class='ocrx_word' id='word_1_20' title='bbox 369 254 486 281; x_wconf 86' lang='lat' dir='ltr'>quoque</span> <span class='ocrx_word' id='word_1_21' title='bbox 498 245 664 281; x_wconf 83' lang='lat' dir='ltr'>reperisset,</span> <span class='ocrx_word' id='word_1_22' title='bbox 680 245 706 274; x_wconf 88' lang='lat' dir='ltr'>ei</span> <span class='ocrx_word' id='word_1_23' title='bbox 723 245 863 281; x_wconf 84' lang='lat' dir='ltr'>postridie</span> <span class='ocrx_word' id='word_1_24' title='bbox 875 246 1003 273; x_wconf 80' lang='lat' dir='ltr'>futuram</span> 
     </span>
    </p>
   </div>
   <div class='ocr_carea' id='block_1_7' title="bbox 180 289 1003 326">
    <p class='ocr_par' dir='ltr' id='par_1_7' title="bbox 180 289 1003 326">
     <span class='ocr_line' id='line_1_7' title="bbox 180 289 1003 326; baseline -0.002 -8"><span class='ocrx_word' id='word_1_25' title='bbox 180 290 378 326; x_wconf 77' lang='lat' dir='ltr'>Claudiopolis</span> <span class='ocrx_word' id='word_1_26' title='bbox 399 293 426 317; x_wconf 91' lang='lat' dir='ltr'>et</span> <span class='ocrx_word' id='word_1_27' title='bbox 443 290 566 317; x_wconf 70' lang='lat' dir='ltr'>MRI‘OUIB</span> <span class='ocrx_word' id='word_1_28' title='bbox 590 289 760 318; x_wconf 82' lang='lat' dir='ltr'>electionem</span> <span class='ocrx_word' id='word_1_29' title='bbox 787 290 950 318; x_wconf 77' lang='lat' dir='ltr'>intimasse.</span> <span class='ocrx_word' id='word_1_30' title='bbox 973 290 1003 316; x_wconf 92' lang='lat' dir='ltr'>ln</span> 
     </span>
    </p>
   </div>
   <div class='ocr_carea' id='block_1_8' title="bbox 180 334 1003 363">
    <p class='ocr_par' dir='ltr' id='par_1_8' title="bbox 180 334 1003 363">
     <span class='ocr_line' id='line_1_8' title="bbox 180 334 1003 363; baseline -0.002 0"><span class='ocrx_word' id='word_1_31' title='bbox 180 335 291 363; x_wconf 77' lang='lat' dir='ltr'>czeteris</span> <span class='ocrx_word' id='word_1_32' title='bbox 308 337 406 362; x_wconf 83' lang='lat' dir='ltr'>autem</span> <span class='ocrx_word' id='word_1_33' title='bbox 437 334 629 362; x_wconf 87' lang='lat' dir='ltr'>electionibus</span> <span class='ocrx_word' id='word_1_34' title='bbox 660 335 783 362; x_wconf 86' lang='lat' dir='ltr'>aliarum</span> <span class='ocrx_word' id='word_1_35' title='bbox 813 335 1003 362; x_wconf 81' lang='lat' dir='ltr'>ecclesiarum</span> 
     </span>
    </p>
   </div>
   <div class='ocr_carea' id='block_1_9' title="bbox 180 379 1002 414">
    <p class='ocr_par' dir='ltr' id='par_1_9' title="bbox 180 379 1002 414">
     <span class='ocr_line' id='line_1_9' title="bbox 180 379 1002 414; baseline -0.004 -5"><span class='ocrx_word' id='word_1_36' title='bbox 180 380 268 409; x_wconf 83' lang='lat' dir='ltr'>etiam</span> <span class='ocrx_word' id='word_1_37' title='bbox 285 388 335 414; x_wconf 86' lang='lat' dir='ltr'>per</span> <span class='ocrx_word' id='word_1_38' title='bbox 363 379 539 414; x_wconf 81' lang='lat' dir='ltr'>scripturam</span> <span class='ocrx_word' id='word_1_39' title='bbox 563 379 750 406; x_wconf 75' lang='lat' dir='ltr'>afﬁrmabant</span> <span class='ocrx_word' id='word_1_40' title='bbox 773 388 839 407; x_wconf 91' lang='lat' dir='ltr'>eum</span> <span class='ocrx_word' id='word_1_41' title='bbox 857 381 1002 407; x_wconf 89' lang='lat' dir='ltr'>vocatum.</span> 
     </span>
    </p>
   </div>
   <div class='ocr_carea' id='block_1_10' title="bbox 179 423 1003 460">
    <p class='ocr_par' dir='ltr' id='par_1_10' title="bbox 179 423 1003 460">
     <span class='ocr_line' id='line_1_10' title="bbox 179 423 1003 460; baseline -0.002 -8"><span class='ocrx_word' id='word_1_42' title='bbox 179 426 222 452; x_wconf 83' lang='lat' dir='ltr'>Ad</span> <span class='ocrx_word' id='word_1_43' title='bbox 239 425 324 459; x_wconf 83' lang='lat' dir='ltr'>cujus</span> <span class='ocrx_word' id='word_1_44' title='bbox 340 432 442 451; x_wconf 88' lang='lat' dir='ltr'>eorum</span> <span class='ocrx_word' id='word_1_45' title='bbox 471 424 709 452; x_wconf 79' lang='lat' dir='ltr'>asserverationis</span> <span class='ocrx_word' id='word_1_46' title='bbox 732 424 942 460; x_wconf 73' lang='lat' dir='ltr'>probationem,</span> <span class='ocrx_word' id='word_1_47' title='bbox 959 423 1003 450; x_wconf 93' lang='lat' dir='ltr'>in-</span> 
     </span>
    </p>
   </div>
   <div class='ocr_carea' id='block_1_11' title="bbox 179 468 1004 503">
    <p class='ocr_par' dir='ltr' id='par_1_11' title="bbox 179 468 1004 503">
     <span class='ocr_line' id='line_1_11' title="bbox 179 468 1004 503; baseline -0.002 -6"><span class='ocrx_word' id='word_1_48' title='bbox 179 469 337 497; x_wconf 85' lang='lat' dir='ltr'>sinuabant</span> <span class='ocrx_word' id='word_1_49' title='bbox 349 469 578 495; x_wconf 74' lang='lat' dir='ltr'>instrumentum</span> <span class='ocrx_word' id='word_1_50' title='bbox 596 468 798 503; x_wconf 81' lang='lat' dir='ltr'>patriarchalis</span> <span class='ocrx_word' id='word_1_51' title='bbox 809 468 925 500; x_wconf 86' lang='lat' dir='ltr'>notarii,</span> <span class='ocrx_word' id='word_1_52' title='bbox 939 471 1004 495; x_wconf 70' lang='lat' dir='ltr'>ste-</span> 
     </span>
    </p>
   </div>
   <div class='ocr_carea' id='block_1_12' title="bbox 179 512 1003 549">
    <p class='ocr_par' dir='ltr' id='par_1_12' title="bbox 179 512 1003 549">
     <span class='ocr_line' id='line_1_12' title="bbox 179 512 1003 549; baseline -0.002 -9"><span class='ocrx_word' id='word_1_53' title='bbox 179 513 268 549; x_wconf 87' lang='lat' dir='ltr'>phani</span> <span class='ocrx_word' id='word_1_54' title='bbox 284 512 417 546; x_wconf 77' lang='lat' dir='ltr'>Narsitae,</span> <span class='ocrx_word' id='word_1_55' title='bbox 434 513 544 540; x_wconf 80' lang='lat' dir='ltr'>factum</span> <span class='ocrx_word' id='word_1_56' title='bbox 561 513 606 540; x_wconf 91' lang='lat' dir='ltr'>die</span> <span class='ocrx_word' id='word_1_57' title='bbox 617 513 652 540; x_wconf 80' lang='lat'>23</span> <span class='ocrx_word' id='word_1_58' title='bbox 662 513 795 549; x_wconf 79' lang='lat' dir='ltr'>Augusti,</span> <span class='ocrx_word' id='word_1_59' title='bbox 807 513 905 548; x_wconf 72' lang='lat' dir='ltr'>elapsa</span> <span class='ocrx_word' id='word_1_60' title='bbox 917 512 1003 548; x_wconf 83' lang='lat' dir='ltr'>paulo</span> 
     </span>
    </p>
   </div>
   <div class='ocr_carea' id='block_1_13' title="bbox 178 556 1002 593">
    <p class='ocr_par' dir='ltr' id='par_1_13' title="bbox 178 556 1002 593">
     <span class='ocr_line' id='line_1_13' title="bbox 178 556 1002 593; baseline -0.002 -7"><span class='ocrx_word' id='word_1_61' title='bbox 178 560 245 586; x_wconf 86' lang='lat' dir='ltr'>ante</span> <span class='ocrx_word' id='word_1_62' title='bbox 261 558 276 584; x_wconf 74' lang='grc'>4</span> <span class='ocrx_word' id='word_1_63' title='bbox 292 557 460 590; x_wconf 87' lang='lat' dir='ltr'>indictione,</span> <span class='ocrx_word' id='word_1_64' title='bbox 478 558 555 593; x_wconf 90' lang='lat' dir='ltr'>quod</span> <span class='ocrx_word' id='word_1_65' title='bbox 582 565 632 593; x_wconf 88' lang='lat' dir='ltr'>per</span> <span class='ocrx_word' id='word_1_66' title='bbox 646 557 752 585; x_wconf 89' lang='lat' dir='ltr'>lectum</span> <span class='ocrx_word' id='word_1_67' title='bbox 771 556 941 593; x_wconf 82' lang='lat' dir='ltr'>hujusmodi</span> <span class='ocrx_word' id='word_1_68' title='bbox 967 556 1002 584; x_wconf 87' lang='lat' dir='ltr'>ad</span> 
     </span>
    </p>
   </div>
   <div class='ocr_carea' id='block_1_14' title="bbox 178 601 1002 638">
    <p class='ocr_par' dir='ltr' id='par_1_14' title="bbox 178 601 1002 638">
     <span class='ocr_line' id='line_1_14' title="bbox 178 601 1002 638; baseline -0.001 -9"><span class='ocrx_word' id='word_1_69' title='bbox 178 603 300 630; x_wconf 85' lang='lat' dir='ltr'>verbum</span> <span class='ocrx_word' id='word_1_70' title='bbox 314 604 396 629; x_wconf 85' lang='lat' dir='ltr'>erat:</span> <span class='ocrx_word' id='word_1_71' title='bbox 415 613 426 627; x_wconf 81' lang='grc'><strong>«</strong></span> <span class='ocrx_word' id='word_1_72' title='bbox 444 601 551 629; x_wconf 86' lang='lat' dir='ltr'>Mensis</span> <span class='ocrx_word' id='word_1_73' title='bbox 568 601 690 638; x_wconf 76' lang='lat' dir='ltr'>Augusti</span> <span class='ocrx_word' id='word_1_74' title='bbox 709 602 754 629; x_wconf 86' lang='lat' dir='ltr'>die</span> <span class='ocrx_word' id='word_1_75' title='bbox 764 602 809 636; x_wconf 80' lang='lat'>23,</span> <span class='ocrx_word' id='word_1_76' title='bbox 829 601 898 629; x_wconf 80' lang='lat' dir='ltr'>feria</span> <span class='ocrx_word' id='word_1_77' title='bbox 913 602 940 634; x_wconf 90' lang='lat'>7,</span> <span class='ocrx_word' id='word_1_78' title='bbox 958 601 1002 628; x_wconf 92' lang='lat' dir='ltr'>in-</span> 
     </span>
    </p>
   </div>
   <div class='ocr_carea' id='block_1_15' title="bbox 179 645 1003 682">
    <p class='ocr_par' dir='ltr' id='par_1_15' title="bbox 179 645 1003 682">
     <span class='ocr_line' id='line_1_15' title="bbox 179 645 1003 682; baseline -0.002 -8"><span class='ocrx_word' id='word_1_79' title='bbox 179 647 305 674; x_wconf 80' lang='lat' dir='ltr'>dictione</span> <span class='ocrx_word' id='word_1_80' title='bbox 334 647 361 680; x_wconf 78' lang='grc'><strong>4,</strong></span> <span class='ocrx_word' id='word_1_81' title='bbox 387 646 416 674; x_wconf 89' lang='lat' dir='ltr'>in</span> <span class='ocrx_word' id='word_1_82' title='bbox 448 648 601 682; x_wconf 76' lang='lat' dir='ltr'>prmscntia</span> <span class='ocrx_word' id='word_1_83' title='bbox 633 647 782 674; x_wconf 84' lang='lat' dir='ltr'>reverendi</span> <span class='ocrx_word' id='word_1_84' title='bbox 811 645 1003 682; x_wconf 85' lang='lat' dir='ltr'>episcopinni,</span> 
     </span>
    </p>
   </div>
   <div class='ocr_carea' id='block_1_16' title="bbox 179 690 1003 726">
    <p class='ocr_par' dir='ltr' id='par_1_16' title="bbox 179 690 1003 726">
     <span class='ocr_line' id='line_1_16' title="bbox 179 690 1003 726; baseline -0.001 -7"><span class='ocrx_word' id='word_1_85' title='bbox 179 691 288 720; x_wconf 90' lang='lat' dir='ltr'>domini</span> <span class='ocrx_word' id='word_1_86' title='bbox 305 691 486 719; x_wconf 76' lang='lat' dir='ltr'>Constantini</span> <span class='ocrx_word' id='word_1_87' title='bbox 501 692 698 726; x_wconf 88' lang='lat' dir='ltr'>Chiromachi,</span> <span class='ocrx_word' id='word_1_88' title='bbox 709 692 852 719; x_wconf 85' lang='lat' dir='ltr'>Theodori</span> <span class='ocrx_word' id='word_1_89' title='bbox 874 690 1003 718; x_wconf 75' lang='lat' dir='ltr'>Pbialitm</span> 
     </span>
    </p>
   </div>
   <div class='ocr_carea' id='block_1_17' title="bbox 179 735 1004 771">
    <p class='ocr_par' dir='ltr' id='par_1_17' title="bbox 179 735 1004 771">
     <span class='ocr_line' id='line_1_17' title="bbox 179 735 1004 771; baseline -0.001 -8"><span class='ocrx_word' id='word_1_90' title='bbox 179 738 207 764; x_wconf 82' lang='lat' dir='ltr'>at</span> <span class='ocrx_word' id='word_1_91' title='bbox 223 735 373 763; x_wconf 76' lang='lat' dir='ltr'>Michaelis</span> <span class='ocrx_word' id='word_1_92' title='bbox 387 735 547 767; x_wconf 75' lang='lat' dir='ltr'>Chamulm.</span> <span class='ocrx_word' id='word_1_93' title='bbox 566 744 617 763; x_wconf 90' lang='lat' dir='ltr'>nos</span> <span class='ocrx_word' id='word_1_94' title='bbox 633 736 765 771; x_wconf 76' lang='lat' dir='ltr'>deputati</span> <span class='ocrx_word' id='word_1_95' title='bbox 782 745 798 763; x_wconf 85' lang='lat' dir='ltr'>a</span> <span class='ocrx_word' id='word_1_96' title='bbox 816 735 1004 763; x_wconf 84' lang='lat' dir='ltr'>sanctissimo</span> 
     </span>
    </p>
   </div>
   <div class='ocr_carea' id='block_1_18' title="bbox 181 780 1003 815">
    <p class='ocr_par' dir='ltr' id='par_1_18' title="bbox 181 780 1003 815">
     <span class='ocr_line' id='line_1_18' title="bbox 181 780 1003 815; baseline 0 -7"><span class='ocrx_word' id='word_1_97' title='bbox 181 781 300 808; x_wconf 86' lang='lat' dir='ltr'>domino</span> <span class='ocrx_word' id='word_1_98' title='bbox 317 783 415 808; x_wconf 89' lang='lat' dir='ltr'>nostro</span> <span class='ocrx_word' id='word_1_99' title='bbox 431 782 458 807; x_wconf 91' lang='lat' dir='ltr'>et</span> <span class='ocrx_word' id='word_1_100' title='bbox 474 780 631 807; x_wconf 80' lang='lat' dir='ltr'>universali</span> <span class='ocrx_word' id='word_1_101' title='bbox 662 780 821 815; x_wconf 82' lang='lat' dir='ltr'>patriacha,</span> <span class='ocrx_word' id='word_1_102' title='bbox 838 782 866 808; x_wconf 86' lang='lat' dir='ltr'>et</span> <span class='ocrx_word' id='word_1_103' title='bbox 881 780 1003 808; x_wconf 87' lang='lat' dir='ltr'>interve-</span> 
     </span>
    </p>
   </div>
   <div class='ocr_carea' id='block_1_19' title="bbox 181 824 1005 852">
    <p class='ocr_par' dir='ltr' id='par_1_19' title="bbox 181 824 1005 852">
     <span class='ocr_line' id='line_1_19' title="bbox 181 824 1005 852; baseline -0.001 -1"><span class='ocrx_word' id='word_1_104' title='bbox 181 825 279 852; x_wconf 84' lang='lat' dir='ltr'>niente</span> <span class='ocrx_word' id='word_1_105' title='bbox 295 824 398 852; x_wconf 77' lang='lat' dir='ltr'>notitia</span> <span class='ocrx_word' id='word_1_106' title='bbox 412 824 537 852; x_wconf 77' lang='lat' dir='ltr'>maxime</span> <span class='ocrx_word' id='word_1_107' title='bbox 554 824 728 852; x_wconf 76' lang='lat' dir='ltr'>venerabilis</span> <span class='ocrx_word' id='word_1_108' title='bbox 748 824 918 852; x_wconf 88' lang='lat' dir='ltr'>chartularii</span> <span class='ocrx_word' id='word_1_109' title='bbox 934 832 1005 852; x_wconf 86' lang='lat' dir='ltr'>san-</span> 
     </span>
    </p>
   </div>
   <div class='ocr_carea' id='block_1_20' title="bbox 181 868 1002 904">
    <p class='ocr_par' dir='ltr' id='par_1_20' title="bbox 181 868 1002 904">
     <span class='ocr_line' id='line_1_20' title="bbox 181 868 1002 904; baseline -0.001 -8"><span class='ocrx_word' id='word_1_110' title='bbox 181 869 319 896; x_wconf 75' lang='lat' dir='ltr'>ctissimas</span> <span class='ocrx_word' id='word_1_111' title='bbox 349 869 399 896; x_wconf 85' lang='lat' dir='ltr'>Dei</span> <span class='ocrx_word' id='word_1_112' title='bbox 423 869 541 904; x_wconf 85' lang='lat' dir='ltr'>Majoris</span> <span class='ocrx_word' id='word_1_113' title='bbox 571 868 709 903; x_wconf 69' lang='lat' dir='ltr'>ecclesiae,</span> <span class='ocrx_word' id='word_1_114' title='bbox 728 869 839 896; x_wconf 87' lang='lat' dir='ltr'>domini</span> <span class='ocrx_word' id='word_1_115' title='bbox 860 868 1002 896; x_wconf 87' lang='lat' dir='ltr'>Eustathii</span> 
     </span>
    </p>
   </div>
   <div class='ocr_carea' id='block_1_21' title="bbox 182 912 1004 946">
    <p class='ocr_par' dir='ltr' id='par_1_21' title="bbox 182 912 1004 946">
     <span class='ocr_line' id='line_1_21' title="bbox 182 912 1004 946; baseline -0.001 -5"><span class='ocrx_word' id='word_1_116' title='bbox 182 913 358 946; x_wconf 86' lang='lat' dir='ltr'>Chandreni,</span> <span class='ocrx_word' id='word_1_117' title='bbox 375 914 410 941; x_wconf 86' lang='lat' dir='ltr'>ad</span> <span class='ocrx_word' id='word_1_118' title='bbox 428 914 640 941; x_wconf 84' lang='lat' dir='ltr'>arcessundum</span> <span class='ocrx_word' id='word_1_119' title='bbox 657 912 877 941; x_wconf 87' lang='lat' dir='ltr'>sanctissimum</span> <span class='ocrx_word' id='word_1_120' title='bbox 897 915 1004 941; x_wconf 85' lang='lat' dir='ltr'>metro-</span> 
     </span>
    </p>
   </div>
   <div class='ocr_carea' id='block_1_22' title="bbox 184 958 1004 995">
    <p class='ocr_par' dir='ltr' id='par_1_22' title="bbox 184 958 1004 995">
     <span class='ocr_line' id='line_1_22' title="bbox 184 958 1004 995; baseline -0.001 -9"><span class='ocrx_word' id='word_1_121' title='bbox 184 959 349 995; x_wconf 89' lang='lat' dir='ltr'>politanum</span> <span class='ocrx_word' id='word_1_122' title='bbox 365 959 467 994; x_wconf 79' lang='lat' dir='ltr'>Cyzici,</span> <span class='ocrx_word' id='word_1_123' title='bbox 484 958 637 986; x_wconf 88' lang='lat' dir='ltr'>dominum</span> <span class='ocrx_word' id='word_1_124' title='bbox 664 958 820 992; x_wconf 81' lang='lat' dir='ltr'>Joannem,</span> <span class='ocrx_word' id='word_1_125' title='bbox 837 959 869 986; x_wconf 90' lang='lat' dir='ltr'>ut</span> <span class='ocrx_word' id='word_1_126' title='bbox 897 958 926 985; x_wconf 94' lang='lat' dir='ltr'>in</span> <span class='ocrx_word' id='word_1_127' title='bbox 939 966 1004 985; x_wconf 90' lang='lat' dir='ltr'>ora-</span> 
     </span>
    </p>
   </div>
   <div class='ocr_carea' id='block_1_23' title="bbox 183 1003 1005 1039">
    <p class='ocr_par' dir='ltr' id='par_1_23' title="bbox 183 1003 1005 1039">
     <span class='ocr_line' id='line_1_23' title="bbox 183 1003 1005 1039; baseline -0.001 -9"><span class='ocrx_word' id='word_1_128' title='bbox 183 1003 295 1031; x_wconf 89' lang='lat' dir='ltr'>stinum</span> <span class='ocrx_word' id='word_1_129' title='bbox 316 1003 427 1030; x_wconf 91' lang='lat' dir='ltr'>veniret</span> <span class='ocrx_word' id='word_1_130' title='bbox 446 1003 480 1030; x_wconf 88' lang='lat' dir='ltr'>ad</span> <span class='ocrx_word' id='word_1_131' title='bbox 506 1011 620 1031; x_wconf 77' lang='lat' dir='ltr'>sacram</span> <span class='ocrx_word' id='word_1_132' title='bbox 649 1005 781 1030; x_wconf 81' lang='lat' dir='ltr'>sanctam</span> <span class='ocrx_word' id='word_1_133' title='bbox 804 1003 960 1039; x_wconf 82' lang='lat' dir='ltr'>synodum,</span> <span class='ocrx_word' id='word_1_134' title='bbox 977 1004 1005 1030; x_wconf 89' lang='lat' dir='ltr'>et</span> 
     </span>
    </p>
   </div>
   <div class='ocr_carea' id='block_1_24' title="bbox 183 1046 1005 1084">
    <p class='ocr_par' dir='ltr' id='par_1_24' title="bbox 183 1046 1005 1084">
     <span class='ocr_line' id='line_1_24' title="bbox 183 1046 1005 1084; baseline 0 -10"><span class='ocrx_word' id='word_1_135' title='bbox 183 1055 312 1084; x_wconf 71' lang='lat' dir='ltr'>praesens</span> <span class='ocrx_word' id='word_1_136' title='bbox 348 1047 464 1074; x_wconf 88' lang='lat' dir='ltr'>adesset</span> <span class='ocrx_word' id='word_1_137' title='bbox 493 1047 599 1075; x_wconf 80' lang='lat' dir='ltr'>futuris</span> <span class='ocrx_word' id='word_1_138' title='bbox 628 1047 821 1075; x_wconf 88' lang='lat' dir='ltr'>electionibus</span> <span class='ocrx_word' id='word_1_139' title='bbox 851 1046 1005 1074; x_wconf 70' lang='lat' dir='ltr'>viduarum</span> 
     </span>
    </p>
   </div>
   <div class='ocr_carea' id='block_1_25' title="bbox 184 1091 1006 1127">
    <p class='ocr_par' dir='ltr' id='par_1_25' title="bbox 184 1091 1006 1127">
     <span class='ocr_line' id='line_1_25' title="bbox 184 1091 1006 1127; baseline -0.001 -7"><span class='ocrx_word' id='word_1_140' title='bbox 184 1092 437 1120; x_wconf 87' lang='lat' dir='ltr'>sanctissimarum</span> <span class='ocrx_word' id='word_1_141' title='bbox 451 1091 651 1126; x_wconf 81' lang='lat' dir='ltr'>ecclesiarum,</span> <span class='ocrx_word' id='word_1_142' title='bbox 667 1092 709 1119; x_wconf 89' lang='lat' dir='ltr'>vel</span> <span class='ocrx_word' id='word_1_143' title='bbox 727 1092 900 1120; x_wconf 86' lang='lat' dir='ltr'>sententiam</span> <span class='ocrx_word' id='word_1_144' title='bbox 921 1100 1006 1127; x_wconf 85' lang='lat' dir='ltr'>expo-</span> 
     </span>
    </p>
   </div>
   <div class='ocr_carea' id='block_1_26' title="bbox 184 1134 1006 1171">
    <p class='ocr_par' dir='ltr' id='par_1_26' title="bbox 184 1134 1006 1171">
     <span class='ocr_line' id='line_1_26' title="bbox 184 1134 1006 1171; baseline -0.001 -7"><span class='ocrx_word' id='word_1_145' title='bbox 184 1139 283 1169; x_wconf 86' lang='lat' dir='ltr'>neret;</span> <span class='ocrx_word' id='word_1_146' title='bbox 300 1139 328 1164; x_wconf 86' lang='lat' dir='ltr'>et</span> <span class='ocrx_word' id='word_1_147' title='bbox 358 1140 390 1164; x_wconf 84' lang='lat' dir='ltr'>ut</span> <span class='ocrx_word' id='word_1_148' title='bbox 414 1137 438 1164; x_wconf 89' lang='lat' dir='ltr'>ei</span> <span class='ocrx_word' id='word_1_149' title='bbox 455 1137 699 1171; x_wconf 83' lang='lat' dir='ltr'>signiﬁcaremus,</span> <span class='ocrx_word' id='word_1_150' title='bbox 725 1137 867 1170; x_wconf 87' lang='lat' dir='ltr'>futurum,</span> <span class='ocrx_word' id='word_1_151' title='bbox 895 1139 927 1164; x_wconf 90' lang='lat' dir='ltr'>ut</span> <span class='ocrx_word' id='word_1_152' title='bbox 949 1134 1006 1164; x_wconf 90' lang='lat' dir='ltr'>nisi</span> 
     </span>
    </p>
   </div>
   <div class='ocr_carea' id='block_1_27' title="bbox 185 1181 1005 1218">
    <p class='ocr_par' dir='ltr' id='par_1_27' title="bbox 185 1181 1005 1218">
     <span class='ocr_line' id='line_1_27' title="bbox 185 1181 1005 1218; baseline 0 -9"><span class='ocrx_word' id='word_1_153' title='bbox 185 1183 396 1216; x_wconf 80' lang='lat' dir='ltr'>comparerent,</span> <span class='ocrx_word' id='word_1_154' title='bbox 413 1181 558 1216; x_wconf 87' lang='lat' dir='ltr'>ejusmodi</span> <span class='ocrx_word' id='word_1_155' title='bbox 583 1181 739 1209; x_wconf 87' lang='lat' dir='ltr'>electiones</span> <span class='ocrx_word' id='word_1_156' title='bbox 763 1182 851 1209; x_wconf 85' lang='lat' dir='ltr'>etiam</span> <span class='ocrx_word' id='word_1_157' title='bbox 877 1182 940 1218; x_wconf 91' lang='lat' dir='ltr'>ipso</span> <span class='ocrx_word' id='word_1_158' title='bbox 955 1182 1005 1209; x_wconf 84' lang='lat' dir='ltr'>ab-</span> 
     </span>
    </p>
   </div>
   <div class='ocr_carea' id='block_1_28' title="bbox 185 1220 1005 1262">
    <p class='ocr_par' dir='ltr' id='par_1_28' title="bbox 185 1220 1005 1262">
     <span class='ocr_line' id='line_1_28' title="bbox 185 1220 1005 1262; baseline 0.002 -10"><span class='ocrx_word' id='word_1_159' title='bbox 185 1227 266 1253; x_wconf 89' lang='lat' dir='ltr'>sente</span> <span class='ocrx_word' id='word_1_160' title='bbox 283 1220 482 1261; x_wconf 77' lang='lat' dir='ltr'>procederent,</span> <span class='ocrx_word' id='word_1_161' title='bbox 512 1228 665 1262; x_wconf 87' lang='lat' dir='ltr'>propterea</span> <span class='ocrx_word' id='word_1_162' title='bbox 694 1226 770 1261; x_wconf 91' lang='lat' dir='ltr'>quod</span> <span class='ocrx_word' id='word_1_163' title='bbox 800 1226 836 1254; x_wconf 88' lang='lat' dir='ltr'>de</span> <span class='ocrx_word' id='word_1_164' title='bbox 860 1226 905 1254; x_wconf 90' lang='lat' dir='ltr'>his</span> <span class='ocrx_word' id='word_1_165' title='bbox 920 1227 1005 1254; x_wconf 77' lang='lat' dir='ltr'>varias</span> 
     </span>
    </p>
   </div>
   <div class='ocr_carea' id='block_1_29' title="bbox 183 1270 1007 1307">
    <p class='ocr_par' dir='ltr' id='par_1_29' title="bbox 183 1270 1007 1307">
     <span class='ocr_line' id='line_1_29' title="bbox 183 1270 1007 1307; baseline 0.002 -11"><span class='ocrx_word' id='word_1_166' title='bbox 183 1270 314 1298; x_wconf 86' lang='lat' dir='ltr'>monitus</span> <span class='ocrx_word' id='word_1_167' title='bbox 329 1273 405 1298; x_wconf 86' lang='lat' dir='ltr'>esset</span> <span class='ocrx_word' id='word_1_168' title='bbox 420 1271 505 1298; x_wconf 82' lang='lat' dir='ltr'>etiam</span> <span class='ocrx_word' id='word_1_169' title='bbox 519 1279 535 1298; x_wconf 85' lang='lat' dir='ltr'>a</span> <span class='ocrx_word' id='word_1_170' title='bbox 558 1271 714 1298; x_wconf 87' lang='lat' dir='ltr'>reverendo</span> <span class='ocrx_word' id='word_1_171' title='bbox 734 1271 937 1307; x_wconf 84' lang='lat' dir='ltr'>Episcopiano,</span> <span class='ocrx_word' id='word_1_172' title='bbox 957 1271 1007 1298; x_wconf 89' lang='lat' dir='ltr'>do-</span> 
     </span>
    </p>
   </div>
   <div class='ocr_carea' id='block_1_30' title="bbox 184 1314 1006 1351">
    <p class='ocr_par' dir='ltr' id='par_1_30' title="bbox 184 1314 1006 1351">
     <span class='ocr_line' id='line_1_30' title="bbox 184 1314 1006 1351; baseline 0.001 -9"><span class='ocrx_word' id='word_1_173' title='bbox 184 1314 263 1342; x_wconf 90' lang='lat' dir='ltr'>mino</span> <span class='ocrx_word' id='word_1_174' title='bbox 279 1315 470 1343; x_wconf 84' lang='lat' dir='ltr'>Constantino</span> <span class='ocrx_word' id='word_1_175' title='bbox 493 1315 696 1348; x_wconf 86' lang='lat' dir='ltr'>Cbiromacho,</span> <span class='ocrx_word' id='word_1_176' title='bbox 713 1324 766 1343; x_wconf 90' lang='lat' dir='ltr'>nec</span> <span class='ocrx_word' id='word_1_177' title='bbox 781 1316 845 1351; x_wconf 82' lang='lat' dir='ltr'>ejus</span> <span class='ocrx_word' id='word_1_178' title='bbox 855 1315 1006 1343; x_wconf 86' lang='lat' dir='ltr'>denuntia-</span> 
     </span>
    </p>
   </div>
   <div class='ocr_carea' id='block_1_31' title="bbox 183 1359 1005 1395">
    <p class='ocr_par' dir='ltr' id='par_1_31' title="bbox 183 1359 1005 1395">
     <span class='ocr_line' id='line_1_31' title="bbox 183 1359 1005 1395; baseline 0.001 -9"><span class='ocrx_word' id='word_1_179' title='bbox 183 1359 313 1387; x_wconf 86' lang='lat' dir='ltr'>tionibus</span> <span class='ocrx_word' id='word_1_180' title='bbox 328 1368 427 1395; x_wconf 85' lang='lat' dir='ltr'>perere</span> <span class='ocrx_word' id='word_1_181' title='bbox 437 1359 596 1394; x_wconf 87' lang='lat' dir='ltr'>voluisset;</span> <span class='ocrx_word' id='word_1_182' title='bbox 613 1360 746 1388; x_wconf 88' lang='lat' dir='ltr'>venimus</span> <span class='ocrx_word' id='word_1_183' title='bbox 761 1360 900 1388; x_wconf 83' lang='lat' dir='ltr'>hodierno</span> <span class='ocrx_word' id='word_1_184' title='bbox 911 1360 957 1388; x_wconf 88' lang='lat' dir='ltr'>die</span> <span class='ocrx_word' id='word_1_185' title='bbox 969 1360 1005 1387; x_wconf 81' lang='lat' dir='ltr'>ad</span> 
     </span>
    </p>
   </div>
   <div class='ocr_carea' id='block_1_32' title="bbox 185 1403 1005 1440">
    <p class='ocr_par' dir='ltr' id='par_1_32' title="bbox 185 1403 1005 1440">
     <span class='ocr_line' id='line_1_32' title="bbox 185 1403 1005 1440; baseline 0.001 -9"><span class='ocrx_word' id='word_1_186' title='bbox 185 1403 304 1431; x_wconf 86' lang='lat' dir='ltr'>cellulas</span> <span class='ocrx_word' id='word_1_187' title='bbox 319 1404 387 1432; x_wconf 89' lang='lat' dir='ltr'>dicti</span> <span class='ocrx_word' id='word_1_188' title='bbox 405 1404 585 1432; x_wconf 85' lang='lat' dir='ltr'>sanctissimi</span> <span class='ocrx_word' id='word_1_189' title='bbox 602 1404 830 1440; x_wconf 86' lang='lat' dir='ltr'>metropolitani,</span> <span class='ocrx_word' id='word_1_190' title='bbox 845 1405 917 1432; x_wconf 84' lang='lat' dir='ltr'>sitas</span> <span class='ocrx_word' id='word_1_191' title='bbox 939 1413 1005 1440; x_wconf 91' lang='lat' dir='ltr'>pro-</span> 
     </span>
    </p>
   </div>
   <div class='ocr_carea' id='block_1_33' title="bbox 185 1448 1006 1484">
    <p class='ocr_par' dir='ltr' id='par_1_33' title="bbox 185 1448 1006 1484">
     <span class='ocr_line' id='line_1_33' title="bbox 185 1448 1006 1484; baseline 0.001 -9"><span class='ocrx_word' id='word_1_192' title='bbox 185 1449 249 1483; x_wconf 86' lang='lat' dir='ltr'>pter</span> <span class='ocrx_word' id='word_1_193' title='bbox 264 1448 456 1476; x_wconf 83' lang='lat' dir='ltr'>venerabilem</span> <span class='ocrx_word' id='word_1_194' title='bbox 474 1448 655 1476; x_wconf 87' lang='lat' dir='ltr'>mansionem</span> <span class='ocrx_word' id='word_1_195' title='bbox 679 1449 862 1481; x_wconf 84' lang='lat' dir='ltr'>Studianam,</span> <span class='ocrx_word' id='word_1_196' title='bbox 879 1457 1006 1484; x_wconf 88' lang='lat' dir='ltr'>cumque</span> 
     </span>
    </p>
   </div>
   <div class='ocr_carea' id='block_1_34' title="bbox 184 1493 1006 1529">
    <p class='ocr_par' dir='ltr' id='par_1_34' title="bbox 184 1493 1006 1529">
     <span class='ocr_line' id='line_1_34' title="bbox 184 1493 1006 1529; baseline 0.002 -10"><span class='ocrx_word' id='word_1_197' title='bbox 184 1493 396 1528; x_wconf 85' lang='lat' dir='ltr'>reperissemus</span> <span class='ocrx_word' id='word_1_198' title='bbox 409 1502 475 1521; x_wconf 88' lang='lat' dir='ltr'>eum</span> <span class='ocrx_word' id='word_1_199' title='bbox 501 1493 609 1521; x_wconf 87' lang='lat' dir='ltr'>ibidem</span> <span class='ocrx_word' id='word_1_200' title='bbox 637 1493 666 1521; x_wconf 90' lang='lat' dir='ltr'>in</span> <span class='ocrx_word' id='word_1_201' title='bbox 682 1493 789 1521; x_wconf 86' lang='lat' dir='ltr'>lectulo</span> <span class='ocrx_word' id='word_1_202' title='bbox 804 1494 957 1529; x_wconf 75' lang='lat' dir='ltr'>iacentem,</span> <span class='ocrx_word' id='word_1_203' title='bbox 974 1495 1006 1521; x_wconf 83' lang='lat' dir='ltr'>ut</span> 
     </span>
    </p>
   </div>
   <div class='ocr_carea' id='block_1_35' title="bbox 182 1537 1005 1574">
    <p class='ocr_par' dir='ltr' id='par_1_35' title="bbox 182 1537 1005 1574">
     <span class='ocr_line' id='line_1_35' title="bbox 182 1537 1005 1574; baseline 0.001 -10"><span class='ocrx_word' id='word_1_204' title='bbox 182 1537 233 1573; x_wconf 91' lang='lat' dir='ltr'>qui</span> <span class='ocrx_word' id='word_1_205' title='bbox 250 1546 306 1565; x_wconf 91' lang='lat' dir='ltr'>non</span> <span class='ocrx_word' id='word_1_206' title='bbox 322 1540 400 1566; x_wconf 86' lang='lat' dir='ltr'>recte</span> <span class='ocrx_word' id='word_1_207' title='bbox 411 1538 527 1572; x_wconf 83' lang='lat' dir='ltr'>valeret,</span> <span class='ocrx_word' id='word_1_208' title='bbox 543 1538 671 1566; x_wconf 77' lang='lat' dir='ltr'>diximus</span> <span class='ocrx_word' id='word_1_209' title='bbox 695 1538 731 1572; x_wconf 88' lang='lat' dir='ltr'>ei,</span> <span class='ocrx_word' id='word_1_210' title='bbox 755 1538 1005 1574; x_wconf 81' lang='lat' dir='ltr'>quemadmodum</span> 
     </span>
    </p>
   </div>
   <div class='ocr_carea' id='block_1_36' title="bbox 182 1570 1043 1619">
    <p class='ocr_par' dir='ltr' id='par_1_36' title="bbox 182 1570 1043 1619">
     <span class='ocr_line' id='line_1_36' title="bbox 182 1570 1043 1619; baseline -0.001 -10"><span class='ocrx_word' id='word_1_211' title='bbox 182 1570 200 1609; x_wconf 47' lang='grc' dir='ltr'>οῖ</span> <span class='ocrx_word' id='word_1_212' title='bbox 215 1582 400 1618; x_wconf 82' lang='lat' dir='ltr'>patriarcbali</span> <span class='ocrx_word' id='word_1_213' title='bbox 416 1585 444 1610; x_wconf 87' lang='lat' dir='ltr'>et</span> <span class='ocrx_word' id='word_1_214' title='bbox 459 1570 541 1610; x_wconf 82' lang='lat' dir='ltr'>sacra</span> <span class='ocrx_word' id='word_1_215' title='bbox 557 1583 696 1618; x_wconf 68' lang='lat' dir='ltr'>dignitate</span> <span class='ocrx_word' id='word_1_216' title='bbox 712 1570 842 1619; x_wconf 74' lang='lat' dir='ltr'>deputati</span> <span class='ocrx_word' id='word_1_217' title='bbox 861 1591 1006 1612; x_wconf 84' lang='lat' dir='ltr'>essemus.</span> <span class='ocrx_word' id='word_1_218' title='bbox 1021 1570 1043 1608; x_wconf 84' lang='lat' dir='ltr'><strong>G</strong></span> 
     </span>
    </p>
   </div>
   <div class='ocr_carea' id='block_1_37' title="bbox 183 1627 1007 1663">
    <p class='ocr_par' dir='ltr' id='par_1_37' title="bbox 183 1627 1007 1663">
     <span class='ocr_line' id='line_1_37' title="bbox 183 1627 1007 1663; baseline 0.001 -9"><span class='ocrx_word' id='word_1_219' title='bbox 183 1627 219 1654; x_wconf 86' lang='lat' dir='ltr'>ad</span> <span class='ocrx_word' id='word_1_220' title='bbox 236 1635 268 1654; x_wconf 86' lang='lat' dir='ltr'>ea</span> <span class='ocrx_word' id='word_1_221' title='bbox 284 1635 346 1663; x_wconf 67' lang='lat' dir='ltr'>quae</span> <span class='ocrx_word' id='word_1_222' title='bbox 358 1636 447 1662; x_wconf 87' lang='lat' dir='ltr'>supra</span> <span class='ocrx_word' id='word_1_223' title='bbox 459 1627 587 1655; x_wconf 83' lang='lat' dir='ltr'>indicata</span> <span class='ocrx_word' id='word_1_224' title='bbox 598 1629 677 1661; x_wconf 87' lang='lat' dir='ltr'>sunt,</span> <span class='ocrx_word' id='word_1_225' title='bbox 695 1627 793 1663; x_wconf 88' lang='lat' dir='ltr'>ipsum</span> <span class='ocrx_word' id='word_1_226' title='bbox 808 1627 1007 1656; x_wconf 82' lang='lat' dir='ltr'>exhortantes.</span> 
     </span>
    </p>
   </div>
   <div class='ocr_carea' id='block_1_38' title="bbox 184 1670 1009 1708">
    <p class='ocr_par' dir='ltr' id='par_1_38' title="bbox 184 1670 1009 1708">
     <span class='ocr_line' id='line_1_38' title="bbox 184 1670 1009 1708; baseline 0.002 -11"><span class='ocrx_word' id='word_1_227' title='bbox 184 1670 297 1707; x_wconf 89' lang='lat' dir='ltr'>Quippe</span> <span class='ocrx_word' id='word_1_228' title='bbox 311 1672 334 1699; x_wconf 90' lang='lat' dir='ltr'>si</span> <span class='ocrx_word' id='word_1_229' title='bbox 352 1672 485 1700; x_wconf 80' lang='lat' dir='ltr'>fortassis</span> <span class='ocrx_word' id='word_1_230' title='bbox 500 1671 561 1708; x_wconf 89' lang='lat' dir='ltr'>ipse</span> <span class='ocrx_word' id='word_1_231' title='bbox 572 1671 614 1700; x_wconf 89' lang='lat' dir='ltr'>vel</span> <span class='ocrx_word' id='word_1_232' title='bbox 631 1680 759 1707; x_wconf 68' lang='lat' dir='ltr'>praesens</span> <span class='ocrx_word' id='word_1_233' title='bbox 774 1681 838 1700; x_wconf 86' lang='lat' dir='ltr'>esse</span> <span class='ocrx_word' id='word_1_234' title='bbox 853 1672 899 1700; x_wconf 87' lang='lat' dir='ltr'>die</span> <span class='ocrx_word' id='word_1_235' title='bbox 910 1672 1009 1700; x_wconf 86' lang='lat' dir='ltr'>crasti-</span> 
     </span>
    </p>
   </div>
   <div class='ocr_carea' id='block_1_39' title="bbox 186 1714 1008 1751">
    <p class='ocr_par' dir='ltr' id='par_1_39' title="bbox 186 1714 1008 1751">
     <span class='ocr_line' id='line_1_39' title="bbox 186 1714 1008 1751; baseline 0.002 -9"><span class='ocrx_word' id='word_1_236' title='bbox 186 1723 224 1742; x_wconf 88' lang='lat' dir='ltr'>no</span> <span class='ocrx_word' id='word_1_237' title='bbox 239 1714 345 1743; x_wconf 82' lang='lat' dir='ltr'>futuris</span> <span class='ocrx_word' id='word_1_238' title='bbox 363 1717 409 1751; x_wconf 89' lang='lat' dir='ltr'>(ut</span> <span class='ocrx_word' id='word_1_239' title='bbox 425 1716 534 1743; x_wconf 82' lang='lat' dir='ltr'>dictum</span> <span class='ocrx_word' id='word_1_240' title='bbox 550 1716 605 1751; x_wconf 91' lang='lat' dir='ltr'>est)</span> <span class='ocrx_word' id='word_1_241' title='bbox 618 1715 810 1744; x_wconf 89' lang='lat' dir='ltr'>electionibus</span> <span class='ocrx_word' id='word_1_242' title='bbox 822 1716 1008 1744; x_wconf 84' lang='lat' dir='ltr'>viduatarum</span> 
     </span>
    </p>
   </div>
   <div class='ocr_carea' id='block_1_40' title="bbox 186 1759 1009 1793">
    <p class='ocr_par' dir='ltr' id='par_1_40' title="bbox 186 1759 1009 1793">
     <span class='ocr_line' id='line_1_40' title="bbox 186 1759 1009 1793; baseline 0.001 -6"><span class='ocrx_word' id='word_1_243' title='bbox 186 1760 443 1788; x_wconf 82' lang='lat' dir='ltr'>sanctissimarum</span> <span class='ocrx_word' id='word_1_244' title='bbox 459 1759 660 1793; x_wconf 83' lang='lat' dir='ltr'>ecclesiarum,</span> <span class='ocrx_word' id='word_1_245' title='bbox 676 1760 719 1788; x_wconf 90' lang='lat' dir='ltr'>vel</span> <span class='ocrx_word' id='word_1_246' title='bbox 733 1761 910 1789; x_wconf 88' lang='lat' dir='ltr'>sententiam</span> <span class='ocrx_word' id='word_1_247' title='bbox 922 1762 957 1788; x_wconf 92' lang='lat' dir='ltr'>de</span> <span class='ocrx_word' id='word_1_248' title='bbox 972 1761 1009 1789; x_wconf 90' lang='lat' dir='ltr'>iis</span> 
     </span>
    </p>
   </div>
   <div class='ocr_carea' id='block_1_41' title="bbox 187 1804 1008 1841">
    <p class='ocr_par' dir='ltr' id='par_1_41' title="bbox 187 1804 1008 1841">
     <span class='ocr_line' id='line_1_41' title="bbox 187 1804 1008 1841; baseline 0.002 -10"><span class='ocrx_word' id='word_1_249' title='bbox 187 1812 270 1831; x_wconf 84' lang='lat' dir='ltr'>suam</span> <span class='ocrx_word' id='word_1_250' title='bbox 287 1812 430 1839; x_wconf 81' lang='lat' dir='ltr'>exponere</span> <span class='ocrx_word' id='word_1_251' title='bbox 445 1804 550 1832; x_wconf 88' lang='lat' dir='ltr'>nollet:</span> <span class='ocrx_word' id='word_1_252' title='bbox 569 1812 617 1833; x_wconf 87' lang='lat' dir='ltr'>eas</span> <span class='ocrx_word' id='word_1_253' title='bbox 630 1806 717 1833; x_wconf 89' lang='lat' dir='ltr'>etiam</span> <span class='ocrx_word' id='word_1_254' title='bbox 734 1806 798 1841; x_wconf 92' lang='lat' dir='ltr'>ipso</span> <span class='ocrx_word' id='word_1_255' title='bbox 810 1806 931 1833; x_wconf 89' lang='lat' dir='ltr'>absente</span> <span class='ocrx_word' id='word_1_256' title='bbox 942 1814 1008 1841; x_wconf 91' lang='lat' dir='ltr'>pro-</span> 
     </span>
    </p>
   </div>
   <div class='ocr_carea' id='block_1_42' title="bbox 187 1848 1008 1886">
    <p class='ocr_par' dir='ltr' id='par_1_42' title="bbox 187 1848 1008 1886">
     <span class='ocr_line' id='line_1_42' title="bbox 187 1848 1008 1886; baseline 0.004 -11"><span class='ocrx_word' id='word_1_257' title='bbox 187 1856 332 1876; x_wconf 88' lang='lat' dir='ltr'>cessuras.</span> <span class='ocrx_word' id='word_1_258' title='bbox 350 1848 401 1876; x_wconf 86' lang='lat' dir='ltr'>Ille</span> <span class='ocrx_word' id='word_1_259' title='bbox 429 1857 496 1877; x_wconf 90' lang='lat' dir='ltr'>vero</span> <span class='ocrx_word' id='word_1_260' title='bbox 526 1849 610 1878; x_wconf 88' lang='lat' dir='ltr'>nobis</span> <span class='ocrx_word' id='word_1_261' title='bbox 636 1851 797 1886; x_wconf 89' lang='lat' dir='ltr'>respondit,</span> <span class='ocrx_word' id='word_1_262' title='bbox 817 1850 905 1878; x_wconf 82' lang='lat' dir='ltr'>etiam</span> <span class='ocrx_word' id='word_1_263' title='bbox 935 1850 1008 1878; x_wconf 86' lang='lat' dir='ltr'>alias</span> 
     </span>
    </p>
   </div>
   <div class='ocr_carea' id='block_1_43' title="bbox 187 1891 1009 1929">
    <p class='ocr_par' dir='ltr' id='par_1_43' title="bbox 187 1891 1009 1929">
     <span class='ocr_line' id='line_1_43' title="bbox 187 1891 1009 1929; baseline 0.005 -10"><span class='ocrx_word' id='word_1_264' title='bbox 187 1891 263 1920; x_wconf 78' lang='lat' dir='ltr'>facta</span> <span class='ocrx_word' id='word_1_265' title='bbox 278 1901 343 1920; x_wconf 87' lang='lat' dir='ltr'>esse</span> <span class='ocrx_word' id='word_1_266' title='bbox 371 1902 423 1929; x_wconf 91' lang='lat' dir='ltr'>pro</span> <span class='ocrx_word' id='word_1_267' title='bbox 455 1893 585 1922; x_wconf 89' lang='lat' dir='ltr'>ecclesiis</span> <span class='ocrx_word' id='word_1_268' title='bbox 609 1895 765 1923; x_wconf 89' lang='lat' dir='ltr'>electiones</span> <span class='ocrx_word' id='word_1_269' title='bbox 780 1903 797 1922; x_wconf 87' lang='lat' dir='ltr'>a</span> <span class='ocrx_word' id='word_1_270' title='bbox 812 1895 1009 1923; x_wconf 81' lang='lat' dir='ltr'>confratribus</span> 
     </span>
    </p>
   </div>
   <div class='ocr_carea' id='block_1_44' title="bbox 188 1937 1011 1975">
    <p class='ocr_par' dir='ltr' id='par_1_44' title="bbox 188 1937 1011 1975">
     <span class='ocr_line' id='line_1_44' title="bbox 188 1937 1011 1975; baseline 0.004 -11"><span class='ocrx_word' id='word_1_271' title='bbox 188 1937 261 1970; x_wconf 90' lang='lat' dir='ltr'>suis,</span> <span class='ocrx_word' id='word_1_272' title='bbox 279 1937 389 1974; x_wconf 83' lang='lat' dir='ltr'>absque</span> <span class='ocrx_word' id='word_1_273' title='bbox 405 1939 559 1974; x_wconf 60' lang='lat' dir='ltr'>prasentia</span> <span class='ocrx_word' id='word_1_274' title='bbox 572 1939 774 1974; x_wconf 87' lang='lat' dir='ltr'>sententiaque</span> <span class='ocrx_word' id='word_1_275' title='bbox 803 1947 865 1967; x_wconf 88' lang='lat' dir='ltr'>sua.</span> <span class='ocrx_word' id='word_1_276' title='bbox 883 1940 1011 1975; x_wconf 84' lang='lat' dir='ltr'>Quapro-</span> 
     </span>
    </p>
   </div>
   <div class='ocr_carea' id='block_1_45' title="bbox 188 1982 1009 2018">
    <p class='ocr_par' dir='ltr' id='par_1_45' title="bbox 188 1982 1009 2018">
     <span class='ocr_line' id='line_1_45' title="bbox 188 1982 1009 2018; baseline 0.001 -8"><span class='ocrx_word' id='word_1_277' title='bbox 188 1983 254 2018; x_wconf 88' lang='lat' dir='ltr'>pter</span> <span class='ocrx_word' id='word_1_278' title='bbox 268 1982 345 2010; x_wconf 90' lang='lat' dir='ltr'>idem</span> <span class='ocrx_word' id='word_1_279' title='bbox 362 1983 398 2011; x_wconf 89' lang='lat' dir='ltr'>ab</span> <span class='ocrx_word' id='word_1_280' title='bbox 413 1984 455 2011; x_wconf 85' lang='lat' dir='ltr'>eis</span> <span class='ocrx_word' id='word_1_281' title='bbox 471 1984 558 2011; x_wconf 88' lang='lat' dir='ltr'>etiam</span> <span class='ocrx_word' id='word_1_282' title='bbox 574 1984 605 2011; x_wconf 89' lang='lat' dir='ltr'>in</span> <span class='ocrx_word' id='word_1_283' title='bbox 620 1983 748 2011; x_wconf 86' lang='lat' dir='ltr'>viduatis</span> <span class='ocrx_word' id='word_1_284' title='bbox 771 1985 855 2011; x_wconf 90' lang='lat' dir='ltr'>modo</span> <span class='ocrx_word' id='word_1_285' title='bbox 879 1983 1009 2012; x_wconf 87' lang='lat' dir='ltr'>ecclesiis</span> 
     </span>
    </p>
   </div>
   <div class='ocr_carea' id='block_1_46' title="bbox 190 2027 1009 2063">
    <p class='ocr_par' dir='ltr' id='par_1_46' title="bbox 190 2027 1009 2063">
     <span class='ocr_line' id='line_1_46' title="bbox 190 2027 1009 2063; baseline 0.002 -9"><span class='ocrx_word' id='word_1_286' title='bbox 190 2027 365 2055; x_wconf 84' lang='lat' dir='ltr'>faciendum.</span> <span class='ocrx_word' id='word_1_287' title='bbox 381 2028 443 2057; x_wconf 92' lang='lat' dir='ltr'>Non</span> <span class='ocrx_word' id='word_1_288' title='bbox 459 2029 536 2056; x_wconf 87' lang='lat' dir='ltr'>enim</span> <span class='ocrx_word' id='word_1_289' title='bbox 551 2029 648 2056; x_wconf 88' lang='lat' dir='ltr'>venire</span> <span class='ocrx_word' id='word_1_290' title='bbox 663 2036 694 2056; x_wconf 89' lang='lat' dir='ltr'>se</span> <span class='ocrx_word' id='word_1_291' title='bbox 722 2036 808 2063; x_wconf 87' lang='lat' dir='ltr'>posse</span> <span class='ocrx_word' id='word_1_292' title='bbox 833 2029 869 2056; x_wconf 87' lang='lat' dir='ltr'>ad</span> <span class='ocrx_word' id='word_1_293' title='bbox 895 2037 1009 2057; x_wconf 83' lang='lat' dir='ltr'>sacram</span> 
     </span>
    </p>
   </div>
   <div class='ocr_carea' id='block_1_47' title="bbox 188 2073 1012 2110">
    <p class='ocr_par' dir='ltr' id='par_1_47' title="bbox 188 2073 1012 2110">
     <span class='ocr_line' id='line_1_47' title="bbox 188 2073 1012 2110; baseline 0.002 -10"><span class='ocrx_word' id='word_1_294' title='bbox 188 2075 321 2100; x_wconf 85' lang='lat' dir='ltr'>sanetam</span> <span class='ocrx_word' id='word_1_295' title='bbox 335 2074 490 2110; x_wconf 82' lang='lat' dir='ltr'>synodum,</span> <span class='ocrx_word' id='word_1_296' title='bbox 504 2075 533 2101; x_wconf 86' lang='lat' dir='ltr'>et</span> <span class='ocrx_word' id='word_1_297' title='bbox 548 2073 738 2101; x_wconf 88' lang='lat' dir='ltr'>electionibus</span> <span class='ocrx_word' id='word_1_298' title='bbox 753 2073 865 2107; x_wconf 86' lang='lat' dir='ltr'>adesse,</span> <span class='ocrx_word' id='word_1_299' title='bbox 882 2076 1012 2110; x_wconf 86' lang='lat' dir='ltr'>propter-</span> 
     </span>
    </p>
   </div>
   <div class='ocr_carea' id='block_1_48' title="bbox 188 2117 1009 2154">
    <p class='ocr_par' dir='ltr' id='par_1_48' title="bbox 188 2117 1009 2154">
     <span class='ocr_line' id='line_1_48' title="bbox 188 2117 1009 2154; baseline 0.004 -10"><span class='ocrx_word' id='word_1_300' title='bbox 188 2124 222 2144; x_wconf 87' lang='lat' dir='ltr'>ea</span> <span class='ocrx_word' id='word_1_301' title='bbox 235 2118 312 2153; x_wconf 90' lang='lat' dir='ltr'>quod</span> <span class='ocrx_word' id='word_1_302' title='bbox 330 2119 433 2146; x_wconf 85' lang='lat' dir='ltr'>acriter</span> <span class='ocrx_word' id='word_1_303' title='bbox 448 2120 607 2154; x_wconf 61' lang='lat' dir='ltr'>aegrotaret.</span> <span class='ocrx_word' id='word_1_304' title='bbox 625 2117 695 2145; x_wconf 90' lang='lat' dir='ltr'>Inde</span> <span class='ocrx_word' id='word_1_305' title='bbox 723 2117 850 2145; x_wconf 88' lang='lat' dir='ltr'>multum</span> <span class='ocrx_word' id='word_1_306' title='bbox 880 2127 896 2146; x_wconf 86' lang='lat' dir='ltr'>a</span> <span class='ocrx_word' id='word_1_307' title='bbox 924 2119 1009 2147; x_wconf 91' lang='lat' dir='ltr'>nobis</span> 
     </span>
    </p>
   </div>
   <div class='ocr_carea' id='block_1_49' title="bbox 188 2162 1008 2199">
    <p class='ocr_par' dir='ltr' id='par_1_49' title="bbox 188 2162 1008 2199">
     <span class='ocr_line' id='line_1_49' title="bbox 188 2162 1008 2199; baseline 0.002 -9"><span class='ocrx_word' id='word_1_308' title='bbox 188 2165 321 2198; x_wconf 85' lang='lat' dir='ltr'>rogatus,</span> <span class='ocrx_word' id='word_1_309' title='bbox 337 2164 370 2190; x_wconf 84' lang='lat' dir='ltr'>ut</span> <span class='ocrx_word' id='word_1_310' title='bbox 381 2163 424 2191; x_wconf 86' lang='lat' dir='ltr'>vel</span> <span class='ocrx_word' id='word_1_311' title='bbox 441 2162 616 2191; x_wconf 82' lang='lat' dir='ltr'>sententiam</span> <span class='ocrx_word' id='word_1_312' title='bbox 636 2169 720 2190; x_wconf 85' lang='lat' dir='ltr'>suam</span> <span class='ocrx_word' id='word_1_313' title='bbox 747 2165 913 2199; x_wconf 83' lang='lat' dir='ltr'>exponeret,</span> <span class='ocrx_word' id='word_1_314' title='bbox 929 2173 965 2192; x_wconf 91' lang='lat' dir='ltr'>ne</span> <span class='ocrx_word' id='word_1_315' title='bbox 980 2164 1008 2192; x_wconf 92' lang='lat' dir='ltr'>id</span> 
     </span>
    </p>
   </div>
   <div class='ocr_carea' id='block_1_50' title="bbox 189 2206 1008 2244">
    <p class='ocr_par' dir='ltr' id='par_1_50' title="bbox 189 2206 1008 2244">
     <span class='ocr_line' id='line_1_50' title="bbox 189 2206 1008 2244; baseline 0 -8"><span class='ocrx_word' id='word_1_316' title='bbox 189 2208 307 2244; x_wconf 91' lang='lat' dir='ltr'>quidem</span> <span class='ocrx_word' id='word_1_317' title='bbox 324 2209 418 2236; x_wconf 83' lang='lat' dir='ltr'>facere</span> <span class='ocrx_word' id='word_1_318' title='bbox 433 2207 533 2235; x_wconf 89' lang='lat' dir='ltr'>voluit.</span> <span class='ocrx_word' id='word_1_319' title='bbox 549 2207 590 2235; x_wconf 80' lang='lat' dir='ltr'>Ad</span> <span class='ocrx_word' id='word_1_320' title='bbox 620 2206 725 2235; x_wconf 85' lang='lat' dir='ltr'>borum</span> <span class='ocrx_word' id='word_1_321' title='bbox 750 2207 838 2244; x_wconf 80' lang='lat' dir='ltr'>igitur</span> <span class='ocrx_word' id='word_1_322' title='bbox 853 2208 1008 2237; x_wconf 84' lang='lat' dir='ltr'>indicatio-</span> 
     </span>
    </p>
   </div>
   <div class='ocr_carea' id='block_1_51' title="bbox 1058 242 1904 283">
    <p class='ocr_par' dir='ltr' id='par_1_51' title="bbox 1058 242 1904 283">
     <span class='ocr_line' id='line_1_51' title="bbox 1058 242 1904 283; baseline -0.001 -13"><span class='ocrx_word' id='word_1_323' title='bbox 1058 244 1202 282; x_wconf 79' lang='grc' dir='ltr'>γεγονότος</span> <span class='ocrx_word' id='word_1_324' title='bbox 1230 244 1273 272; x_wconf 77' lang='grc' dir='ltr'>ἐπὶ</span> <span class='ocrx_word' id='word_1_325' title='bbox 1303 243 1436 281; x_wconf 72' lang='grc' dir='ltr'>ἐξαδέλφῃ</span> <span class='ocrx_word' id='word_1_326' title='bbox 1464 247 1513 272; x_wconf 83' lang='grc' dir='ltr'>τοῦ</span> <span class='ocrx_word' id='word_1_327' title='bbox 1542 242 1777 283; x_wconf 75' lang='grc' dir='ltr'>ῥαιφερενδαρίου,</span> <span class='ocrx_word' id='word_1_328' title='bbox 1807 242 1904 279; x_wconf 68' lang='grc' dir='ltr'>εὑρὼν</span> 
     </span>
    </p>
   </div>
   <div class='ocr_carea' id='block_1_52' title="bbox 1058 286 1904 325">
    <p class='ocr_par' dir='ltr' id='par_1_52' title="bbox 1058 286 1904 325">
     <span class='ocr_line' id='line_1_52' title="bbox 1058 286 1904 325; baseline -0.002 -9"><span class='ocrx_word' id='word_1_329' title='bbox 1058 288 1143 316; x_wconf 82' lang='grc' dir='ltr'>ἐκεῖσε</span> <span class='ocrx_word' id='word_1_330' title='bbox 1161 288 1362 325; x_wconf 74' lang='grc' dir='ltr'>μετακληθέντα</span> <span class='ocrx_word' id='word_1_331' title='bbox 1387 289 1431 316; x_wconf 83' lang='grc' dir='ltr'>καὶ</span> <span class='ocrx_word' id='word_1_332' title='bbox 1450 289 1497 316; x_wconf 82' lang='grc' dir='ltr'>τὸν</span> <span class='ocrx_word' id='word_1_333' title='bbox 1522 289 1651 323; x_wconf 78' lang='grc' dir='ltr'>Κυζίκου,</span> <span class='ocrx_word' id='word_1_334' title='bbox 1679 286 1784 316; x_wconf 64' lang='grc' dir='ltr'>δέδωκε</span> <span class='ocrx_word' id='word_1_335' title='bbox 1803 287 1904 323; x_wconf 72' lang='grc' dir='ltr'>τούτῳ</span> 
     </span>
    </p>
   </div>
   <div class='ocr_carea' id='block_1_53' title="bbox 1059 331 1903 372">
    <p class='ocr_par' dir='ltr' id='par_1_53' title="bbox 1059 331 1903 372">
     <span class='ocr_line' id='line_1_53' title="bbox 1059 331 1903 372; baseline -0.004 -12"><span class='ocrx_word' id='word_1_336' title='bbox 1059 332 1162 366; x_wconf 79' lang='grc' dir='ltr'>εἷ’δησιν</span> <span class='ocrx_word' id='word_1_337' title='bbox 1176 337 1226 368; x_wconf 79' lang='grc' dir='ltr'>τῆς</span> <span class='ocrx_word' id='word_1_338' title='bbox 1255 334 1442 370; x_wconf 70' lang='grc' dir='ltr'>γενησομένης</span> <span class='ocrx_word' id='word_1_339' title='bbox 1464 334 1556 372; x_wconf 78' lang='grc' dir='ltr'>ψήφου</span> <span class='ocrx_word' id='word_1_340' title='bbox 1584 335 1618 370; x_wconf 81' lang='grc' dir='ltr'>τῇ</span> <span class='ocrx_word' id='word_1_341' title='bbox 1647 332 1761 369; x_wconf 72' lang='grc' dir='ltr'>ἐπιούσῃ</span> <span class='ocrx_word' id='word_1_342' title='bbox 1791 331 1839 358; x_wconf 82' lang='grc' dir='ltr'>ἐπί</span> <span class='ocrx_word' id='word_1_343' title='bbox 1875 341 1903 358; x_wconf 69' lang='lat' dir='ltr'>es</span> 
     </span>
    </p>
   </div>
   <div class='ocr_carea' id='block_1_54' title="bbox 1057 375 1900 415">
    <p class='ocr_par' dir='ltr' id='par_1_54' title="bbox 1057 375 1900 415">
     <span class='ocr_line' id='line_1_54' title="bbox 1057 375 1900 415; baseline -0.004 -10"><span class='ocrx_word' id='word_1_344' title='bbox 1057 380 1091 414; x_wconf 79' lang='grc' dir='ltr'>τῇ</span> <span class='ocrx_word' id='word_1_345' title='bbox 1114 377 1338 406; x_wconf 62' lang='grc' dir='ltr'>¹Κλαυδιουπόλει</span> <span class='ocrx_word' id='word_1_346' title='bbox 1367 378 1413 406; x_wconf 81' lang='grc' dir='ltr'>καὶ</span> <span class='ocrx_word' id='word_1_347' title='bbox 1441 380 1476 415; x_wconf 78' lang='grc' dir='ltr'>τῇ</span> <span class='ocrx_word' id='word_1_348' title='bbox 1505 376 1673 414; x_wconf 72' lang='grc' dir='ltr'>Μαρωνείᾳί</span> <span class='ocrx_word' id='word_1_349' title='bbox 1700 376 1746 404; x_wconf 71' lang='grc' dir='ltr'>ἐπὶ</span> <span class='ocrx_word' id='word_1_350' title='bbox 1775 375 1805 403; x_wconf 73' lang='grc' dir='ltr'>δὲ</span> <span class='ocrx_word' id='word_1_351' title='bbox 1830 378 1900 406; x_wconf 72' lang='grc' dir='ltr'>ταῖς</span> 
     </span>
    </p>
   </div>
   <div class='ocr_carea' id='block_1_55' title="bbox 1060 420 1903 462">
    <p class='ocr_par' dir='ltr' id='par_1_55' title="bbox 1060 420 1903 462">
     <span class='ocr_line' id='line_1_55' title="bbox 1060 420 1903 462; baseline -0.004 -12"><span class='ocrx_word' id='word_1_352' title='bbox 1060 421 1170 454; x_wconf 72' lang='grc' dir='ltr'>λοιπαῖς</span> <span class='ocrx_word' id='word_1_353' title='bbox 1195 423 1297 462; x_wconf 75' lang='grc' dir='ltr'>ψήφοις</span> <span class='ocrx_word' id='word_1_354' title='bbox 1321 425 1374 450; x_wconf 78' lang='grc' dir='ltr'>τιῖιν</span> <span class='ocrx_word' id='word_1_355' title='bbox 1400 422 1498 461; x_wconf 67' lang='grc' dir='ltr'>ἑτέρων</span> <span class='ocrx_word' id='word_1_356' title='bbox 1517 421 1687 456; x_wconf 81' lang='grc' dir='ltr'>Ἑκκλησιῶν</span> <span class='ocrx_word' id='word_1_357' title='bbox 1716 421 1761 448; x_wconf 79' lang='grc' dir='ltr'>καὶ</span> <span class='ocrx_word' id='word_1_358' title='bbox 1795 420 1903 458; x_wconf 66' lang='grc' dir='ltr'>ἐγγρά-</span> 
     </span>
    </p>
   </div>
   <div class='ocr_carea' id='block_1_56' title="bbox 1059 465 1903 506">
    <p class='ocr_par' dir='ltr' id='par_1_56' title="bbox 1059 465 1903 506">
     <span class='ocr_line' id='line_1_56' title="bbox 1059 465 1903 506; baseline -0.001 -12"><span class='ocrx_word' id='word_1_359' title='bbox 1059 478 1115 506; x_wconf 76' lang='grc' dir='ltr'>φως</span> <span class='ocrx_word' id='word_1_360' title='bbox 1143 468 1264 506; x_wconf 72' lang='grc' dir='ltr'>γενέσθαι</span> <span class='ocrx_word' id='word_1_361' title='bbox 1302 467 1463 496; x_wconf 80' lang='grc' dir='ltr'>διετείνοντο</span> <span class='ocrx_word' id='word_1_362' title='bbox 1489 470 1539 502; x_wconf 80' lang='grc' dir='ltr'>τὴν</span> <span class='ocrx_word' id='word_1_363' title='bbox 1571 467 1670 494; x_wconf 84' lang='grc' dir='ltr'>τούτου</span> <span class='ocrx_word' id='word_1_364' title='bbox 1709 465 1903 503; x_wconf 62' lang='grc' dir='ltr'>μετάκλησιν.</span> 
     </span>
    </p>
   </div>
   <div class='ocr_carea' id='block_1_57' title="bbox 1059 509 1903 550">
    <p class='ocr_par' dir='ltr' id='par_1_57' title="bbox 1059 509 1903 550">
     <span class='ocr_line' id='line_1_57' title="bbox 1059 509 1903 550; baseline -0.005 -10"><span class='ocrx_word' id='word_1_365' title='bbox 1059 512 1107 540; x_wconf 79' lang='grc' dir='ltr'>Καὶ</span> <span class='ocrx_word' id='word_1_366' title='bbox 1133 513 1170 544; x_wconf 82' lang='grc' dir='ltr'>εἰς</span> <span class='ocrx_word' id='word_1_367' title='bbox 1197 514 1360 550; x_wconf 69' lang='grc' dir='ltr'>παράστασιν</span> <span class='ocrx_word' id='word_1_368' title='bbox 1391 516 1441 547; x_wconf 84' lang='grc' dir='ltr'>τῆς</span> <span class='ocrx_word' id='word_1_369' title='bbox 1486 509 1678 550; x_wconf 82' lang='grc' dir='ltr'>βεϐαιολογίας</span> <span class='ocrx_word' id='word_1_370' title='bbox 1716 511 1809 538; x_wconf 81' lang='grc' dir='ltr'>αὐτῶν</span> <span class='ocrx_word' id='word_1_371' title='bbox 1849 510 1903 537; x_wconf 74' lang='grc' dir='ltr'>καὶ</span> 
     </span>
    </p>
   </div>
   <div class='ocr_carea' id='block_1_58' title="bbox 1059 555 1902 596">
    <p class='ocr_par' dir='ltr' id='par_1_58' title="bbox 1059 555 1902 596">
     <span class='ocr_line' id='line_1_58' title="bbox 1059 555 1902 596; baseline -0.006 -11"><span class='ocrx_word' id='word_1_372' title='bbox 1059 558 1206 594; x_wconf 82' lang='grc' dir='ltr'>σημείωμα</span> <span class='ocrx_word' id='word_1_373' title='bbox 1233 557 1384 596; x_wconf 78' lang='grc' dir='ltr'>ἱνεφάνιζον</span> <span class='ocrx_word' id='word_1_374' title='bbox 1421 559 1469 585; x_wconf 83' lang='grc' dir='ltr'>τοῦ</span> <span class='ocrx_word' id='word_1_375' title='bbox 1511 557 1711 595; x_wconf 80' lang='grc' dir='ltr'>πατριαρχικοῦ</span> <span class='ocrx_word' id='word_1_376' title='bbox 1750 555 1902 591; x_wconf 59' lang='grc' dir='ltr'>νοταρέου,</span> 
     </span>
    </p>
   </div>
   <div class='ocr_carea' id='block_1_59' title="bbox 1059 600 1902 640">
    <p class='ocr_par' dir='ltr' id='par_1_59' title="bbox 1059 600 1902 640">
     <span class='ocr_line' id='line_1_59' title="bbox 1059 600 1902 640; baseline -0.004 -12"><span class='ocrx_word' id='word_1_377' title='bbox 1059 601 1195 640; x_wconf 74' lang='grc' dir='ltr'>Στεφάνου</span> <span class='ocrx_word' id='word_1_378' title='bbox 1216 604 1265 629; x_wconf 75' lang='grc' dir='ltr'>τοῦ</span> <span class='ocrx_word' id='word_1_379' title='bbox 1287 601 1432 640; x_wconf 76' lang='grc' dir='ltr'>Ναρσίτου,</span> <span class='ocrx_word' id='word_1_380' title='bbox 1455 602 1563 640; x_wconf 83' lang='grc' dir='ltr'>γεγονὸς</span> <span class='ocrx_word' id='word_1_381' title='bbox 1596 601 1663 628; x_wconf 81' lang='grc' dir='ltr'>κατᾶ</span> <span class='ocrx_word' id='word_1_382' title='bbox 1698 600 1748 635; x_wconf 70' lang='grc' dir='ltr'>τὴν</span> <span class='ocrx_word' id='word_1_383' title='bbox 1777 603 1819 636; x_wconf 81' lang='grc' dir='ltr'>κγ’</span> <span class='ocrx_word' id='word_1_384' title='bbox 1845 601 1902 626; x_wconf 71' lang='grc' dir='ltr'>τοῦ</span> 
     </span>
    </p>
   </div>
   <div class='ocr_carea' id='block_1_60' title="bbox 1060 643 1897 684">
    <p class='ocr_par' dir='ltr' id='par_1_60' title="bbox 1060 643 1897 684">
     <span class='ocr_line' id='line_1_60' title="bbox 1060 643 1897 684; baseline -0.005 -10"><span class='ocrx_word' id='word_1_385' title='bbox 1060 645 1216 683; x_wconf 78' lang='grc' dir='ltr'>Αὐγούστου</span> <span class='ocrx_word' id='word_1_386' title='bbox 1244 650 1293 681; x_wconf 81' lang='grc' dir='ltr'>τῆς</span> <span class='ocrx_word' id='word_1_387' title='bbox 1322 647 1375 684; x_wconf 87' lang='grc' dir='ltr'>πρὸ</span> <span class='ocrx_word' id='word_1_388' title='bbox 1406 648 1505 684; x_wconf 81' lang='grc' dir='ltr'>μικροῦ</span> <span class='ocrx_word' id='word_1_389' title='bbox 1534 644 1696 680; x_wconf 78' lang='grc' dir='ltr'>διελθούσης</span> <span class='ocrx_word' id='word_1_390' title='bbox 1712 643 1736 671; x_wconf 84' lang='grc' dir='ltr'>δ’</span> <span class='ocrx_word' id='word_1_391' title='bbox 1752 644 1897 680; x_wconf 70' lang='grc' dir='ltr'>ἐπινεμή-</span> 
     </span>
    </p>
   </div>
   <div class='ocr_carea' id='block_1_61' title="bbox 1059 688 1894 729">
    <p class='ocr_par' dir='ltr' id='par_1_61' title="bbox 1059 688 1894 729">
     <span class='ocr_line' id='line_1_61' title="bbox 1059 688 1894 729; baseline -0.004 -11"><span class='ocrx_word' id='word_1_392' title='bbox 1059 701 1136 726; x_wconf 86' lang='grc' dir='ltr'>σεως,</span> <span class='ocrx_word' id='word_1_393' title='bbox 1166 691 1180 718; x_wconf 80' lang='grc' dir='ltr'><strong>ὃ</strong></span> <span class='ocrx_word' id='word_1_394' title='bbox 1205 691 1249 718; x_wconf 91' lang='grc' dir='ltr'>καὶ</span> <span class='ocrx_word' id='word_1_395' title='bbox 1279 691 1446 729; x_wconf 73' lang='grc' dir='ltr'>ἀναγνωσθὶν</span> <span class='ocrx_word' id='word_1_396' title='bbox 1474 690 1518 718; x_wconf 77' lang='grc' dir='ltr'>ἐπὶ</span> <span class='ocrx_word' id='word_1_397' title='bbox 1549 689 1646 725; x_wconf 73' lang='grc' dir='ltr'>λέξεων</span> <span class='ocrx_word' id='word_1_398' title='bbox 1680 689 1753 726; x_wconf 72' lang='grc' dir='ltr'>εἶχεν</span> <span class='ocrx_word' id='word_1_399' title='bbox 1783 688 1894 719; x_wconf 78' lang='grc' dir='ltr'>οὕτως’</span> 
     </span>
    </p>
   </div>
   <div class='ocr_carea' id='block_1_62' title="bbox 1059 732 1900 773">
    <p class='ocr_par' dir='ltr' id='par_1_62' title="bbox 1059 732 1900 773">
     <span class='ocr_line' id='line_1_62' title="bbox 1059 732 1900 773; baseline -0.002 -12"><span class='ocrx_word' id='word_1_400' title='bbox 1059 748 1072 761; x_wconf 83' lang='grc'><em>‹‹</em></span> <span class='ocrx_word' id='word_1_401' title='bbox 1091 735 1165 770; x_wconf 73' lang='grc' dir='ltr'>Μηνὶ</span> <span class='ocrx_word' id='word_1_402' title='bbox 1189 735 1337 773; x_wconf 66' lang='grc' dir='ltr'>Αὐγούστῳ</span> <span class='ocrx_word' id='word_1_403' title='bbox 1361 737 1403 773; x_wconf 82' lang='grc' dir='ltr'>κγ’</span> <span class='ocrx_word' id='word_1_404' title='bbox 1424 735 1515 773; x_wconf 71' lang='grc' dir='ltr'>ἡμέρᾳ</span> <span class='ocrx_word' id='word_1_405' title='bbox 1538 738 1557 770; x_wconf 78' lang='grc' dir='ltr'>ζ’</span> <span class='ocrx_word' id='word_1_406' title='bbox 1579 734 1764 770; x_wconf 76' lang='grc' dir='ltr'>ἐπινεμήσεως</span> <span class='ocrx_word' id='word_1_407' title='bbox 1791 732 1825 768; x_wconf 85' lang='grc' dir='ltr'>δ’,</span> <span class='ocrx_word' id='word_1_408' title='bbox 1847 732 1900 759; x_wconf 75' lang='grc' dir='ltr'>ἐπὶ</span> 
     </span>
    </p>
   </div>
   <div class='ocr_carea' id='block_1_63' title="bbox 1058 778 1898 816">
    <p class='ocr_par' dir='ltr' id='par_1_63' title="bbox 1058 778 1898 816">
     <span class='ocr_line' id='line_1_63' title="bbox 1058 778 1898 816; baseline -0.004 -9"><span class='ocrx_word' id='word_1_409' title='bbox 1058 780 1192 816; x_wconf 73' lang='grc' dir='ltr'>παρουσίᾳ</span> <span class='ocrx_word' id='word_1_410' title='bbox 1217 782 1264 808; x_wconf 76' lang='grc' dir='ltr'>τοῦ</span> <span class='ocrx_word' id='word_1_411' title='bbox 1295 778 1427 812; x_wconf 76' lang='grc' dir='ltr'>εὐλαόοὖς</span> <span class='ocrx_word' id='word_1_412' title='bbox 1454 779 1663 807; x_wconf 71' lang='grc' dir='ltr'>ἐπισκοπειανοῦ</span> <span class='ocrx_word' id='word_1_413' title='bbox 1698 780 1782 816; x_wconf 78' lang='grc' dir='ltr'>κυροῦ</span> <span class='ocrx_word' id='word_1_414' title='bbox 1812 780 1898 804; x_wconf 77' lang='grc' dir='ltr'>Κωνο</span> 
     </span>
    </p>
   </div>
   <div class='ocr_carea' id='block_1_64' title="bbox 1059 821 1897 862">
    <p class='ocr_par' dir='ltr' id='par_1_64' title="bbox 1059 821 1897 862">
     <span class='ocr_line' id='line_1_64' title="bbox 1059 821 1897 862; baseline -0.004 -11"><span class='ocrx_word' id='word_1_415' title='bbox 1059 824 1197 852; x_wconf 80' lang='grc' dir='ltr'>σταντίνου</span> <span class='ocrx_word' id='word_1_416' title='bbox 1219 826 1267 852; x_wconf 83' lang='grc' dir='ltr'>τοῦ</span> <span class='ocrx_word' id='word_1_417' title='bbox 1293 825 1481 862; x_wconf 80' lang='grc' dir='ltr'>Χειρομάχου,</span> <span class='ocrx_word' id='word_1_418' title='bbox 1504 823 1647 860; x_wconf 87' lang='grc' dir='ltr'>Θεοδώρου</span> <span class='ocrx_word' id='word_1_419' title='bbox 1674 825 1723 850; x_wconf 86' lang='grc' dir='ltr'>τοῦ</span> <span class='ocrx_word' id='word_1_420' title='bbox 1753 821 1897 850; x_wconf 72' lang='grc' dir='ltr'>Φιαλὲτου</span> 
     </span>
    </p>
   </div>
   <div class='ocr_carea' id='block_1_65' title="bbox 1059 867 1897 907">
    <p class='ocr_par' dir='ltr' id='par_1_65' title="bbox 1059 867 1897 907">
     <span class='ocr_line' id='line_1_65' title="bbox 1059 867 1897 907; baseline -0.004 -11"><span class='ocrx_word' id='word_1_421' title='bbox 1059 870 1103 896; x_wconf 75' lang='grc' dir='ltr'>καὶ</span> <span class='ocrx_word' id='word_1_422' title='bbox 1120 869 1237 907; x_wconf 78' lang='grc' dir='ltr'>Μιχαὴλ</span> <span class='ocrx_word' id='word_1_423' title='bbox 1252 871 1300 896; x_wconf 87' lang='grc' dir='ltr'>τοῦ</span> <span class='ocrx_word' id='word_1_424' title='bbox 1316 868 1464 905; x_wconf 84' lang='grc' dir='ltr'>Χαμούλη,</span> <span class='ocrx_word' id='word_1_425' title='bbox 1481 868 1639 905; x_wconf 79' lang='grc' dir='ltr'>ὡρισθὲντες</span> <span class='ocrx_word' id='word_1_426' title='bbox 1654 867 1726 905; x_wconf 80' lang='grc' dir='ltr'>παρὰ</span> <span class='ocrx_word' id='word_1_427' title='bbox 1750 868 1802 894; x_wconf 82' lang='grc' dir='ltr'>τοῦ</span> <span class='ocrx_word' id='word_1_428' title='bbox 1828 876 1897 893; x_wconf 74' lang='grc' dir='ltr'>παν-</span> 
     </span>
    </p>
   </div>
   <div class='ocr_carea' id='block_1_66' title="bbox 1057 911 1897 951">
    <p class='ocr_par' dir='ltr' id='par_1_66' title="bbox 1057 911 1897 951">
     <span class='ocr_line' id='line_1_66' title="bbox 1057 911 1897 951; baseline -0.005 -10"><span class='ocrx_word' id='word_1_429' title='bbox 1057 913 1210 951; x_wconf 73' lang='grc' dir='ltr'>αγιωτάτου</span> <span class='ocrx_word' id='word_1_430' title='bbox 1253 914 1332 950; x_wconf 75' lang='grc' dir='ltr'>ἡμῶν</span> <span class='ocrx_word' id='word_1_431' title='bbox 1376 911 1508 940; x_wconf 81' lang='grc' dir='ltr'>δεσπότου</span> <span class='ocrx_word' id='word_1_432' title='bbox 1545 912 1591 940; x_wconf 80' lang='grc' dir='ltr'>καὶ</span> <span class='ocrx_word' id='word_1_433' title='bbox 1621 912 1817 948; x_wconf 77' lang='grc' dir='ltr'>οἷκουμενικοῦ</span> <span class='ocrx_word' id='word_1_434' title='bbox 1843 921 1897 937; x_wconf 73' lang='grc' dir='ltr'>πα-</span> 
     </span>
    </p>
   </div>
   <div class='ocr_carea' id='block_1_67' title="bbox 1057 954 1893 996">
    <p class='ocr_par' dir='ltr' id='par_1_67' title="bbox 1057 954 1893 996">
     <span class='ocr_line' id='line_1_67' title="bbox 1057 954 1893 996; baseline -0.005 -10"><span class='ocrx_word' id='word_1_435' title='bbox 1057 959 1202 996; x_wconf 70' lang='grc' dir='ltr'>τριάρχου,</span> <span class='ocrx_word' id='word_1_436' title='bbox 1219 957 1320 993; x_wconf 76' lang='grc' dir='ltr'>εἶδήσει</span> <span class='ocrx_word' id='word_1_437' title='bbox 1342 958 1387 985; x_wconf 89' lang='grc' dir='ltr'>καὶ</span> <span class='ocrx_word' id='word_1_438' title='bbox 1409 960 1456 985; x_wconf 78' lang='grc' dir='ltr'>τοῦ</span> <span class='ocrx_word' id='word_1_439' title='bbox 1484 956 1653 994; x_wconf 83' lang='grc' dir='ltr'>τιμιωτάτου</span> <span class='ocrx_word' id='word_1_440' title='bbox 1675 954 1893 994; x_wconf 72' lang='grc' dir='ltr'>χαρτοφύλακος</span> 
     </span>
    </p>
   </div>
   <div class='ocr_carea' id='block_1_68' title="bbox 1058 999 1893 1040">
    <p class='ocr_par' dir='ltr' id='par_1_68' title="bbox 1058 999 1893 1040">
     <span class='ocr_line' id='line_1_68' title="bbox 1058 999 1893 1040; baseline -0.005 -10"><span class='ocrx_word' id='word_1_441' title='bbox 1058 1004 1107 1038; x_wconf 82' lang='grc' dir='ltr'>τῆς</span> <span class='ocrx_word' id='word_1_442' title='bbox 1131 1001 1285 1040; x_wconf 78' lang='grc' dir='ltr'>ἁγιωτάτης</span> <span class='ocrx_word' id='word_1_443' title='bbox 1308 1004 1356 1030; x_wconf 76' lang='grc' dir='ltr'>τοῦ</span> <span class='ocrx_word' id='word_1_444' title='bbox 1380 1003 1449 1031; x_wconf 79' lang='grc' dir='ltr'>Οεοῦ</span> <span class='ocrx_word' id='word_1_445' title='bbox 1476 1000 1603 1039; x_wconf 79' lang='grc' dir='ltr'>Μεγάλης</span> <span class='ocrx_word' id='word_1_446' title='bbox 1629 999 1778 1036; x_wconf 74' lang='grc' dir='ltr'>ικκλησίας</span> <span class='ocrx_word' id='word_1_447' title='bbox 1806 1001 1893 1037; x_wconf 82' lang='grc' dir='ltr'>κυροῦ</span> 
     </span>
    </p>
   </div>
   <div class='ocr_carea' id='block_1_69' title="bbox 1059 1045 1894 1085">
    <p class='ocr_par' dir='ltr' id='par_1_69' title="bbox 1059 1045 1894 1085">
     <span class='ocr_line' id='line_1_69' title="bbox 1059 1045 1894 1085; baseline -0.006 -9"><span class='ocrx_word' id='word_1_448' title='bbox 1059 1048 1211 1080; x_wconf 76' lang='grc' dir='ltr'>Εὐστιοίου</span> <span class='ocrx_word' id='word_1_449' title='bbox 1232 1050 1280 1076; x_wconf 83' lang='grc' dir='ltr'>τοῦ</span> <span class='ocrx_word' id='word_1_450' title='bbox 1302 1046 1471 1085; x_wconf 78' lang='grc' dir='ltr'>Χανδρηνοῦ,</span> <span class='ocrx_word' id='word_1_451' title='bbox 1490 1045 1721 1084; x_wconf 73' lang='grc' dir='ltr'>μετακαλεσασϐαι</span> <span class='ocrx_word' id='word_1_452' title='bbox 1749 1045 1798 1072; x_wconf 84' lang='grc' dir='ltr'>τὸν</span> <span class='ocrx_word' id='word_1_453' title='bbox 1825 1055 1894 1072; x_wconf 78' lang='grc' dir='ltr'>παν-</span> 
     </span>
    </p>
   </div>
   <div class='ocr_carea' id='block_1_70' title="bbox 1061 1091 1888 1130">
    <p class='ocr_par' dir='ltr' id='par_1_70' title="bbox 1061 1091 1888 1130">
     <span class='ocr_line' id='line_1_70' title="bbox 1061 1091 1888 1130; baseline -0.005 -10"><span class='ocrx_word' id='word_1_454' title='bbox 1061 1092 1206 1130; x_wconf 82' lang='grc' dir='ltr'>ιερώτατον</span> <span class='ocrx_word' id='word_1_455' title='bbox 1250 1091 1459 1130; x_wconf 83' lang='grc' dir='ltr'>μητροπολίτην</span> <span class='ocrx_word' id='word_1_456' title='bbox 1495 1091 1611 1127; x_wconf 79' lang='grc' dir='ltr'>Κυζίκου</span> <span class='ocrx_word' id='word_1_457' title='bbox 1646 1093 1729 1129; x_wconf 81' lang='grc' dir='ltr'>κῦρον</span> <span class='ocrx_word' id='word_1_458' title='bbox 1756 1091 1888 1124; x_wconf 75' lang='grc' dir='ltr'>Ἰωάννην</span> 
     </span>
    </p>
   </div>
   <div class='ocr_carea' id='block_1_71' title="bbox 1061 1133 1894 1175">
    <p class='ocr_par' dir='ltr' id='par_1_71' title="bbox 1061 1133 1894 1175">
     <span class='ocr_line' id='line_1_71' title="bbox 1061 1133 1894 1175; baseline -0.004 -11"><span class='ocrx_word' id='word_1_459' title='bbox 1061 1137 1179 1169; x_wconf 78' lang='grc' dir='ltr'>ἀνελθεῖν</span> <span class='ocrx_word' id='word_1_460' title='bbox 1208 1137 1276 1165; x_wconf 80' lang='grc' dir='ltr'>κατὰ</span> <span class='ocrx_word' id='word_1_461' title='bbox 1302 1138 1351 1172; x_wconf 85' lang='grc' dir='ltr'>τήν</span> <span class='ocrx_word' id='word_1_462' title='bbox 1379 1135 1471 1175; x_wconf 70' lang='grc' dir='ltr'>αὔριον</span> <span class='ocrx_word' id='word_1_463' title='bbox 1499 1136 1537 1168; x_wconf 80' lang='grc' dir='ltr'>εἷς</span> <span class='ocrx_word' id='word_1_464' title='bbox 1566 1137 1615 1171; x_wconf 75' lang='grc' dir='ltr'>τὴν</span> <span class='ocrx_word' id='word_1_465' title='bbox 1643 1134 1714 1163; x_wconf 80' lang='grc' dir='ltr'>Θείαν</span> <span class='ocrx_word' id='word_1_466' title='bbox 1744 1134 1790 1162; x_wconf 81' lang='grc' dir='ltr'>καὶ</span> <span class='ocrx_word' id='word_1_467' title='bbox 1820 1133 1894 1171; x_wconf 75' lang='grc' dir='ltr'>ἱερὰν</span> 
     </span>
    </p>
   </div>
   <div class='ocr_carea' id='block_1_72' title="bbox 1061 1178 1892 1220">
    <p class='ocr_par' dir='ltr' id='par_1_72' title="bbox 1061 1178 1892 1220">
     <span class='ocr_line' id='line_1_72' title="bbox 1061 1178 1892 1220; baseline -0.005 -11"><span class='ocrx_word' id='word_1_468' title='bbox 1061 1180 1181 1216; x_wconf 81' lang='grc' dir='ltr'>σύνοδον,</span> <span class='ocrx_word' id='word_1_469' title='bbox 1204 1182 1250 1209; x_wconf 76' lang='grc' dir='ltr'>καὶ</span> <span class='ocrx_word' id='word_1_470' title='bbox 1279 1182 1459 1220; x_wconf 84' lang='grc' dir='ltr'>παρουσιάσαι</span> <span class='ocrx_word' id='word_1_471' title='bbox 1487 1181 1530 1209; x_wconf 77' lang='grc' dir='ltr'>ἐπὶ</span> <span class='ocrx_word' id='word_1_472' title='bbox 1561 1183 1621 1211; x_wconf 83' lang='grc' dir='ltr'>ταῖς</span> <span class='ocrx_word' id='word_1_473' title='bbox 1653 1178 1824 1217; x_wconf 77' lang='grc' dir='ltr'>μελλούσαις</span> <span class='ocrx_word' id='word_1_474' title='bbox 1848 1189 1892 1215; x_wconf 77' lang='grc' dir='ltr'>γε-</span> 
     </span>
    </p>
   </div>
   <div class='ocr_carea' id='block_1_73' title="bbox 1059 1222 1893 1265">
    <p class='ocr_par' dir='ltr' id='par_1_73' title="bbox 1059 1222 1893 1265">
     <span class='ocr_line' id='line_1_73' title="bbox 1059 1222 1893 1265; baseline -0.002 -12"><span class='ocrx_word' id='word_1_475' title='bbox 1059 1226 1148 1258; x_wconf 73' lang='grc' dir='ltr'>νέσθαι</span> <span class='ocrx_word' id='word_1_476' title='bbox 1175 1227 1278 1265; x_wconf 77' lang='grc' dir='ltr'>ψήφοις</span> <span class='ocrx_word' id='word_1_477' title='bbox 1302 1228 1355 1254; x_wconf 84' lang='grc' dir='ltr'>τῶν</span> <span class='ocrx_word' id='word_1_478' title='bbox 1381 1228 1559 1264; x_wconf 84' lang='grc' dir='ltr'>χηρευουσῶν</span> <span class='ocrx_word' id='word_1_479' title='bbox 1584 1225 1741 1262; x_wconf 79' lang='grc' dir='ltr'>ἁγιωτάτων</span> <span class='ocrx_word' id='word_1_480' title='bbox 1770 1222 1893 1258; x_wconf 75' lang='grc' dir='ltr'>Ἐκκλη-</span> 
     </span>
    </p>
   </div>
   <div class='ocr_carea' id='block_1_74' title="bbox 1061 1267 1891 1308">
    <p class='ocr_par' dir='ltr' id='par_1_74' title="bbox 1061 1267 1891 1308">
     <span class='ocr_line' id='line_1_74' title="bbox 1061 1267 1891 1308; baseline -0.002 -11"><span class='ocrx_word' id='word_1_481' title='bbox 1061 1273 1137 1306; x_wconf 83' lang='grc' dir='ltr'>σιῶν⁹</span> <span class='ocrx_word' id='word_1_482' title='bbox 1154 1270 1297 1308; x_wconf 67' lang='grc' dir='ltr'>ἢγιώμην</span> <span class='ocrx_word' id='word_1_483' title='bbox 1323 1270 1456 1304; x_wconf 69' lang='grc' dir='ltr'>ἐκθέσθαι,</span> <span class='ocrx_word' id='word_1_484' title='bbox 1472 1270 1517 1297; x_wconf 87' lang='grc' dir='ltr'>καὶ</span> <span class='ocrx_word' id='word_1_485' title='bbox 1541 1268 1694 1305; x_wconf 77' lang='grc' dir='ltr'>ἀναδιδάξαι</span> <span class='ocrx_word' id='word_1_486' title='bbox 1723 1271 1821 1296; x_wconf 84' lang='grc' dir='ltr'>τοῦτον</span> <span class='ocrx_word' id='word_1_487' title='bbox 1853 1267 1891 1299; x_wconf 80' lang='grc' dir='ltr'>ὡς</span> 
     </span>
    </p>
   </div>
   <div class='ocr_carea' id='block_1_75' title="bbox 1060 1312 1888 1352">
    <p class='ocr_par' dir='ltr' id='par_1_75' title="bbox 1060 1312 1888 1352">
     <span class='ocr_line' id='line_1_75' title="bbox 1060 1312 1888 1352; baseline -0.002 -10"><span class='ocrx_word' id='word_1_488' title='bbox 1060 1314 1083 1342; x_wconf 78' lang='grc' dir='ltr'>εἰ</span> <span class='ocrx_word' id='word_1_489' title='bbox 1110 1316 1147 1351; x_wconf 75' lang='grc' dir='ltr'>μή</span> <span class='ocrx_word' id='word_1_490' title='bbox 1174 1315 1244 1342; x_wconf 71' lang='grc' dir='ltr'>οὕτω</span> <span class='ocrx_word' id='word_1_491' title='bbox 1267 1316 1388 1350; x_wconf 79' lang='grc' dir='ltr'>ποιήσει,</span> <span class='ocrx_word' id='word_1_492' title='bbox 1414 1314 1561 1352; x_wconf 74' lang='grc' dir='ltr'>μέλλουσιν</span> <span class='ocrx_word' id='word_1_493' title='bbox 1591 1314 1619 1341; x_wconf 73' lang='grc' dir='ltr'>αὶ</span> <span class='ocrx_word' id='word_1_494' title='bbox 1646 1312 1769 1341; x_wconf 73' lang='grc' dir='ltr'>τοιαῦται</span> <span class='ocrx_word' id='word_1_495' title='bbox 1799 1315 1888 1352; x_wconf 70' lang='grc' dir='ltr'>ψῆφοι</span> 
     </span>
    </p>
   </div>
   <div class='ocr_carea' id='block_1_76' title="bbox 1060 1357 1891 1398">
    <p class='ocr_par' dir='ltr' id='par_1_76' title="bbox 1060 1357 1891 1398">
     <span class='ocr_line' id='line_1_76' title="bbox 1060 1357 1891 1398; baseline -0.002 -12"><span class='ocrx_word' id='word_1_496' title='bbox 1060 1357 1196 1398; x_wconf 61' lang='grc' dir='ltr'>προϐῆναι</span> <span class='ocrx_word' id='word_1_497' title='bbox 1225 1360 1270 1387; x_wconf 85' lang='grc' dir='ltr'>καὶ</span> <span class='ocrx_word' id='word_1_498' title='bbox 1300 1359 1416 1395; x_wconf 81' lang='grc' dir='ltr'>ἀπουσίᾳ</span> <span class='ocrx_word' id='word_1_499' title='bbox 1444 1359 1539 1395; x_wconf 77' lang='grc' dir='ltr'>αὐτοῦ,</span> <span class='ocrx_word' id='word_1_500' title='bbox 1565 1357 1610 1386; x_wconf 74' lang='grc' dir='ltr'>διὰ</span> <span class='ocrx_word' id='word_1_501' title='bbox 1637 1358 1669 1386; x_wconf 87' lang='grc' dir='ltr'>τὸ</span> <span class='ocrx_word' id='word_1_502' title='bbox 1697 1358 1759 1396; x_wconf 84' lang='grc' dir='ltr'>περὶ</span> <span class='ocrx_word' id='word_1_503' title='bbox 1786 1358 1891 1385; x_wconf 81' lang='grc' dir='ltr'>τούτων</span> 
     </span>
    </p>
   </div>
   <div class='ocr_carea' id='block_1_77' title="bbox 1062 1399 1892 1444">
    <p class='ocr_par' dir='ltr' id='par_1_77' title="bbox 1062 1399 1892 1444">
     <span class='ocr_line' id='line_1_77' title="bbox 1062 1399 1892 1444; baseline -0.002 -13"><span class='ocrx_word' id='word_1_504' title='bbox 1062 1407 1213 1440; x_wconf 78' lang='grc' dir='ltr'>μηνυθῆναι</span> <span class='ocrx_word' id='word_1_505' title='bbox 1238 1404 1318 1431; x_wconf 79' lang='grc' dir='ltr'>αὐτὸν</span> <span class='ocrx_word' id='word_1_506' title='bbox 1345 1402 1481 1444; x_wconf 71' lang='grc' dir='ltr'>διαφόρως</span> <span class='ocrx_word' id='word_1_507' title='bbox 1505 1403 1550 1431; x_wconf 76' lang='grc' dir='ltr'>καὶ</span> <span class='ocrx_word' id='word_1_508' title='bbox 1574 1403 1649 1441; x_wconf 76' lang='grc' dir='ltr'>παρὰ</span> <span class='ocrx_word' id='word_1_509' title='bbox 1680 1405 1729 1430; x_wconf 82' lang='grc' dir='ltr'>τοῦ</span> <span class='ocrx_word' id='word_1_510' title='bbox 1758 1399 1892 1432; x_wconf 76' lang='grc' dir='ltr'>εὖλαϐοὒς</span> 
     </span>
    </p>
   </div>
   <div class='ocr_carea' id='block_1_78' title="bbox 1060 1446 1891 1486">
    <p class='ocr_par' dir='ltr' id='par_1_78' title="bbox 1060 1446 1891 1486">
     <span class='ocr_line' id='line_1_78' title="bbox 1060 1446 1891 1486; baseline -0.002 -10"><span class='ocrx_word' id='word_1_511' title='bbox 1060 1448 1278 1485; x_wconf 76' lang='grc' dir='ltr'>ἐπισκοπειανοῦ,</span> <span class='ocrx_word' id='word_1_512' title='bbox 1307 1450 1391 1486; x_wconf 82' lang='grc' dir='ltr'>κοροῦ</span> <span class='ocrx_word' id='word_1_513' title='bbox 1429 1447 1629 1476; x_wconf 82' lang='grc' dir='ltr'>Κωνσταντίνου</span> <span class='ocrx_word' id='word_1_514' title='bbox 1665 1449 1713 1475; x_wconf 84' lang='grc' dir='ltr'>τοῦ</span> <span class='ocrx_word' id='word_1_515' title='bbox 1752 1446 1891 1485; x_wconf 76' lang='grc' dir='ltr'>Χειρομά-</span> 
     </span>
    </p>
   </div>
   <div class='ocr_carea' id='block_1_79' title="bbox 1060 1491 1891 1532">
    <p class='ocr_par' dir='ltr' id='par_1_79' title="bbox 1060 1491 1891 1532">
     <span class='ocr_line' id='line_1_79' title="bbox 1060 1491 1891 1532; baseline -0.004 -11"><span class='ocrx_word' id='word_1_516' title='bbox 1060 1503 1125 1532; x_wconf 77' lang='grc' dir='ltr'>χου,</span> <span class='ocrx_word' id='word_1_517' title='bbox 1140 1493 1183 1521; x_wconf 86' lang='grc' dir='ltr'>καὶ</span> <span class='ocrx_word' id='word_1_518' title='bbox 1202 1494 1239 1530; x_wconf 83' lang='grc' dir='ltr'>μὴ</span> <span class='ocrx_word' id='word_1_519' title='bbox 1257 1492 1371 1529; x_wconf 82' lang='grc' dir='ltr'>θελῆσαι</span> <span class='ocrx_word' id='word_1_520' title='bbox 1393 1493 1426 1521; x_wconf 79' lang='grc' dir='ltr'>τὰ</span> <span class='ocrx_word' id='word_1_521' title='bbox 1446 1492 1543 1520; x_wconf 87' lang='grc' dir='ltr'>τούτου</span> <span class='ocrx_word' id='word_1_522' title='bbox 1569 1491 1716 1529; x_wconf 79' lang='grc' dir='ltr'>μηνύματα</span> <span class='ocrx_word' id='word_1_523' title='bbox 1743 1491 1891 1529; x_wconf 66' lang='grc' dir='ltr'>ἐκπληρώ-</span> 
     </span>
    </p>
   </div>
   <div class='ocr_carea' id='block_1_80' title="bbox 1062 1535 1889 1578">
    <p class='ocr_par' dir='ltr' id='par_1_80' title="bbox 1062 1535 1889 1578">
     <span class='ocr_line' id='line_1_80' title="bbox 1062 1535 1889 1578; baseline -0.005 -12"><span class='ocrx_word' id='word_1_524' title='bbox 1062 1549 1124 1566; x_wconf 61' lang='grc' dir='ltr'>σαυ</span> <span class='ocrx_word' id='word_1_525' title='bbox 1151 1538 1304 1578; x_wconf 81' lang='grc' dir='ltr'>ἀφικόμεθα</span> <span class='ocrx_word' id='word_1_526' title='bbox 1329 1539 1379 1572; x_wconf 80' lang='grc' dir='ltr'>τήν</span> <span class='ocrx_word' id='word_1_527' title='bbox 1408 1538 1528 1575; x_wconf 76' lang='grc' dir='ltr'>σήμερον</span> <span class='ocrx_word' id='word_1_528' title='bbox 1555 1537 1581 1564; x_wconf 76' lang='grc' dir='ltr'>ὲν</span> <span class='ocrx_word' id='word_1_529' title='bbox 1611 1539 1670 1568; x_wconf 91' lang='grc' dir='ltr'>τοῖς</span> <span class='ocrx_word' id='word_1_530' title='bbox 1693 1535 1816 1567; x_wconf 80' lang='grc' dir='ltr'>κελλίοις</span> <span class='ocrx_word' id='word_1_531' title='bbox 1843 1536 1889 1563; x_wconf 82' lang='grc' dir='ltr'>τοῦ</span> 
     </span>
    </p>
   </div>
   <div class='ocr_carea' id='block_1_81' title="bbox 1064 1579 1889 1621">
    <p class='ocr_par' dir='ltr' id='par_1_81' title="bbox 1064 1579 1889 1621">
     <span class='ocr_line' id='line_1_81' title="bbox 1064 1579 1889 1621; baseline -0.004 -11"><span class='ocrx_word' id='word_1_532' title='bbox 1064 1583 1190 1621; x_wconf 65' lang='grc' dir='ltr'>ῥηθέντος</span> <span class='ocrx_word' id='word_1_533' title='bbox 1218 1583 1421 1620; x_wconf 81' lang='grc' dir='ltr'>πανιερωτάτου</span> <span class='ocrx_word' id='word_1_534' title='bbox 1457 1580 1674 1621; x_wconf 78' lang='grc' dir='ltr'>μητροπολίτου,</span> <span class='ocrx_word' id='word_1_535' title='bbox 1703 1583 1762 1613; x_wconf 77' lang='grc' dir='ltr'>τοῖς</span> <span class='ocrx_word' id='word_1_536' title='bbox 1790 1579 1889 1608; x_wconf 80' lang='grc' dir='ltr'>διακει-</span> 
     </span>
    </p>
   </div>
   <div class='ocr_carea' id='block_1_82' title="bbox 1065 1623 1890 1665">
    <p class='ocr_par' dir='ltr' id='par_1_82' title="bbox 1065 1623 1890 1665">
     <span class='ocr_line' id='line_1_82' title="bbox 1065 1623 1890 1665; baseline -0.004 -10"><span class='ocrx_word' id='word_1_537' title='bbox 1065 1629 1157 1665; x_wconf 72' lang='grc' dir='ltr'>μινοις</span> <span class='ocrx_word' id='word_1_538' title='bbox 1187 1626 1303 1663; x_wconf 82' lang='grc' dir='ltr'>πλησίον</span> <span class='ocrx_word' id='word_1_539' title='bbox 1332 1637 1376 1655; x_wconf 83' lang='grc' dir='ltr'>και</span> <span class='ocrx_word' id='word_1_540' title='bbox 1395 1627 1521 1665; x_wconf 80' lang='grc' dir='ltr'>σύνεγγυς</span> <span class='ocrx_word' id='word_1_541' title='bbox 1548 1629 1597 1662; x_wconf 81' lang='grc' dir='ltr'>τῆς</span> <span class='ocrx_word' id='word_1_542' title='bbox 1625 1623 1772 1663; x_wconf 76' lang='grc' dir='ltr'>σεϐασμίος</span> <span class='ocrx_word' id='word_1_543' title='bbox 1804 1628 1890 1662; x_wconf 80' lang='grc' dir='ltr'>μονῆς</span> 
     </span>
    </p>
   </div>
   <div class='ocr_carea' id='block_1_83' title="bbox 1062 1669 1889 1709">
    <p class='ocr_par' dir='ltr' id='par_1_83' title="bbox 1062 1669 1889 1709">
     <span class='ocr_line' id='line_1_83' title="bbox 1062 1669 1889 1709; baseline -0.002 -10"><span class='ocrx_word' id='word_1_544' title='bbox 1062 1673 1117 1700; x_wconf 78' lang='grc' dir='ltr'>τῶν</span> <span class='ocrx_word' id='word_1_545' title='bbox 1135 1670 1278 1706; x_wconf 81' lang='grc' dir='ltr'>Στουδίου,</span> <span class='ocrx_word' id='word_1_546' title='bbox 1295 1671 1339 1699; x_wconf 71' lang='grc' dir='ltr'>καὶ</span> <span class='ocrx_word' id='word_1_547' title='bbox 1354 1671 1511 1709; x_wconf 74' lang='grc' dir='ltr'>ἐντυχόντες</span> <span class='ocrx_word' id='word_1_548' title='bbox 1538 1670 1628 1708; x_wconf 84' lang='grc' dir='ltr'>τούτῳ</span> <span class='ocrx_word' id='word_1_549' title='bbox 1647 1670 1732 1698; x_wconf 73' lang='grc' dir='ltr'>ἰκεῖσε</span> <span class='ocrx_word' id='word_1_550' title='bbox 1756 1669 1801 1698; x_wconf 68' lang='grc' dir='ltr'>ἰπὶ</span> <span class='ocrx_word' id='word_1_551' title='bbox 1826 1669 1889 1697; x_wconf 87' lang='grc' dir='ltr'>κλί-</span> 
     </span>
    </p>
   </div>
   <div class='ocr_carea' id='block_1_84' title="bbox 1062 1713 1889 1754">
    <p class='ocr_par' dir='ltr' id='par_1_84' title="bbox 1062 1713 1889 1754">
     <span class='ocr_line' id='line_1_84' title="bbox 1062 1713 1889 1754; baseline -0.004 -10"><span class='ocrx_word' id='word_1_552' title='bbox 1062 1727 1112 1751; x_wconf 82' lang='grc' dir='ltr'>νης</span> <span class='ocrx_word' id='word_1_553' title='bbox 1140 1715 1270 1752; x_wconf 76' lang='grc' dir='ltr'>κειμένῳ,</span> <span class='ocrx_word' id='word_1_554' title='bbox 1301 1716 1338 1747; x_wconf 84' lang='grc' dir='ltr'>ὡς</span> <span class='ocrx_word' id='word_1_555' title='bbox 1368 1715 1514 1754; x_wconf 71' lang='grc' dir='ltr'>ἀρῥώστως</span> <span class='ocrx_word' id='word_1_556' title='bbox 1542 1714 1645 1753; x_wconf 78' lang='grc' dir='ltr'>ἔχοντι,</span> <span class='ocrx_word' id='word_1_557' title='bbox 1674 1713 1787 1752; x_wconf 73' lang='grc' dir='ltr'>εἶ’πομεν</span> <span class='ocrx_word' id='word_1_558' title='bbox 1823 1714 1889 1752; x_wconf 81' lang='grc' dir='ltr'>πρὸς</span> 
     </span>
    </p>
   </div>
   <div class='ocr_carea' id='block_1_85' title="bbox 1063 1758 1889 1798">
    <p class='ocr_par' dir='ltr' id='par_1_85' title="bbox 1063 1758 1889 1798">
     <span class='ocr_line' id='line_1_85' title="bbox 1063 1758 1889 1798; baseline -0.004 -10"><span class='ocrx_word' id='word_1_559' title='bbox 1063 1760 1141 1788; x_wconf 76' lang='grc' dir='ltr'>αὐτὸν</span> <span class='ocrx_word' id='word_1_560' title='bbox 1162 1761 1251 1791; x_wconf 85' lang='grc' dir='ltr'>καθὼς</span> <span class='ocrx_word' id='word_1_561' title='bbox 1275 1761 1349 1797; x_wconf 76' lang='grc' dir='ltr'>παρὰ</span> <span class='ocrx_word' id='word_1_562' title='bbox 1369 1764 1419 1796; x_wconf 81' lang='grc' dir='ltr'>τῆς</span> <span class='ocrx_word' id='word_1_563' title='bbox 1439 1763 1644 1798; x_wconf 83' lang='grc' dir='ltr'>πατριαρχικῆς</span> <span class='ocrx_word' id='word_1_564' title='bbox 1665 1758 1711 1787; x_wconf 77' lang='grc' dir='ltr'>καί</span> <span class='ocrx_word' id='word_1_565' title='bbox 1739 1759 1813 1790; x_wconf 82' lang='grc' dir='ltr'>θείας</span> <span class='ocrx_word' id='word_1_566' title='bbox 1844 1769 1889 1795; x_wconf 78' lang='grc' dir='ltr'>με·</span> 
     </span>
    </p>
   </div>
   <div class='ocr_carea' id='block_1_86' title="bbox 1062 1802 1890 1845">
    <p class='ocr_par' dir='ltr' id='par_1_86' title="bbox 1062 1802 1890 1845">
     <span class='ocr_line' id='line_1_86' title="bbox 1062 1802 1890 1845; baseline -0.005 -11"><span class='ocrx_word' id='word_1_567' title='bbox 1062 1805 1240 1845; x_wconf 78' lang='grc' dir='ltr'>γαλειότητος</span> <span class='ocrx_word' id='word_1_568' title='bbox 1270 1805 1437 1842; x_wconf 84' lang='grc' dir='ltr'>ὡρίσθημεν,</span> <span class='ocrx_word' id='word_1_569' title='bbox 1455 1804 1503 1832; x_wconf 76' lang='grc' dir='ltr'>ὅσα</span> <span class='ocrx_word' id='word_1_570' title='bbox 1532 1805 1546 1832; x_wconf 86' lang='grc' dir='ltr'>ὁ</span> <span class='ocrx_word' id='word_1_571' title='bbox 1576 1804 1659 1842; x_wconf 87' lang='grc' dir='ltr'>λόγος</span> <span class='ocrx_word' id='word_1_572' title='bbox 1673 1804 1802 1842; x_wconf 73' lang='grc' dir='ltr'>ἀνωτέρω</span> <span class='ocrx_word' id='word_1_573' title='bbox 1831 1802 1890 1838; x_wconf 74' lang='grc' dir='ltr'>ἐδή-</span> 
     </span>
    </p>
   </div>
   <div class='ocr_carea' id='block_1_87' title="bbox 1063 1847 1888 1888">
    <p class='ocr_par' dir='ltr' id='par_1_87' title="bbox 1063 1847 1888 1888">
     <span class='ocr_line' id='line_1_87' title="bbox 1063 1847 1888 1888; baseline -0.004 -10"><span class='ocrx_word' id='word_1_574' title='bbox 1063 1850 1145 1884; x_wconf 82' lang='grc' dir='ltr'>λωσε,</span> <span class='ocrx_word' id='word_1_575' title='bbox 1162 1850 1415 1888; x_wconf 77' lang='grc' dir='ltr'>παρεγγυησάμενοι</span> <span class='ocrx_word' id='word_1_576' title='bbox 1444 1849 1544 1886; x_wconf 82' lang='grc' dir='ltr'>τούτῳ.</span> <span class='ocrx_word' id='word_1_577' title='bbox 1572 1849 1628 1885; x_wconf 83' lang='grc' dir='ltr'>Ὧς,</span> <span class='ocrx_word' id='word_1_578' title='bbox 1659 1847 1734 1886; x_wconf 69' lang='grc' dir='ltr'>εἴπερ</span> <span class='ocrx_word' id='word_1_579' title='bbox 1765 1847 1830 1879; x_wconf 61' lang='grc' dir='ltr'>ἴσως</span> <span class='ocrx_word' id='word_1_580' title='bbox 1859 1847 1888 1876; x_wconf 74' lang='grc' dir='ltr'>ού</span> 
     </span>
    </p>
   </div>
   <div class='ocr_carea' id='block_1_88' title="bbox 1064 1891 1889 1932">
    <p class='ocr_par' dir='ltr' id='par_1_88' title="bbox 1064 1891 1889 1932">
     <span class='ocr_line' id='line_1_88' title="bbox 1064 1891 1889 1932; baseline -0.004 -10"><span class='ocrx_word' id='word_1_581' title='bbox 1064 1894 1173 1930; x_wconf 78' lang='grc' dir='ltr'>θελήσει</span> <span class='ocrx_word' id='word_1_582' title='bbox 1199 1895 1276 1925; x_wconf 82' lang='grc' dir='ltr'>οὗτος</span> <span class='ocrx_word' id='word_1_583' title='bbox 1297 1894 1314 1929; x_wconf 74' lang='grc' dir='ltr'><strong>ἢ</strong></span> <span class='ocrx_word' id='word_1_584' title='bbox 1339 1895 1520 1932; x_wconf 78' lang='grc' dir='ltr'>παρουσιάσαι</span> <span class='ocrx_word' id='word_1_585' title='bbox 1543 1893 1612 1921; x_wconf 82' lang='grc' dir='ltr'>κατᾶ</span> <span class='ocrx_word' id='word_1_586' title='bbox 1646 1894 1696 1928; x_wconf 77' lang='grc' dir='ltr'>τήν</span> <span class='ocrx_word' id='word_1_587' title='bbox 1731 1891 1825 1931; x_wconf 73' lang='grc' dir='ltr'>αὔριον</span> <span class='ocrx_word' id='word_1_588' title='bbox 1852 1892 1889 1924; x_wconf 79' lang='grc' dir='ltr'>εἷς</span> 
     </span>
    </p>
   </div>
   <div class='ocr_carea' id='block_1_89' title="bbox 1062 1937 1888 1977">
    <p class='ocr_par' dir='ltr' id='par_1_89' title="bbox 1062 1937 1888 1977">
     <span class='ocr_line' id='line_1_89' title="bbox 1062 1937 1888 1977; baseline -0.004 -10"><span class='ocrx_word' id='word_1_589' title='bbox 1062 1939 1110 1972; x_wconf 69' lang='grc' dir='ltr'>τὰς</span> <span class='ocrx_word' id='word_1_590' title='bbox 1133 1939 1315 1977; x_wconf 71' lang='grc' dir='ltr'>γενησομένας</span> <span class='ocrx_word' id='word_1_591' title='bbox 1333 1939 1381 1975; x_wconf 83' lang='grc' dir='ltr'>(ὡς</span> <span class='ocrx_word' id='word_1_592' title='bbox 1405 1937 1522 1977; x_wconf 79' lang='grc' dir='ltr'>εἷ’ρηται)</span> <span class='ocrx_word' id='word_1_593' title='bbox 1542 1939 1651 1977; x_wconf 83' lang='grc' dir='ltr'>ψήφους</span> <span class='ocrx_word' id='word_1_594' title='bbox 1674 1939 1728 1965; x_wconf 81' lang='grc' dir='ltr'>τῶν</span> <span class='ocrx_word' id='word_1_595' title='bbox 1755 1947 1888 1976; x_wconf 79' lang='grc' dir='ltr'>χηρευου-</span> 
     </span>
    </p>
   </div>
   <div class='ocr_carea' id='block_1_90' title="bbox 1065 1981 1888 2022">
    <p class='ocr_par' dir='ltr' id='par_1_90' title="bbox 1065 1981 1888 2022">
     <span class='ocr_line' id='line_1_90' title="bbox 1065 1981 1888 2022; baseline -0.002 -11"><span class='ocrx_word' id='word_1_596' title='bbox 1065 1986 1117 2012; x_wconf 81' lang='grc' dir='ltr'>σῶν</span> <span class='ocrx_word' id='word_1_597' title='bbox 1147 1983 1302 2022; x_wconf 80' lang='grc' dir='ltr'>ἁγιωτάτων</span> <span class='ocrx_word' id='word_1_598' title='bbox 1332 1982 1514 2019; x_wconf 79' lang='grc' dir='ltr'>Ἐκκλησιῶν,</span> <span class='ocrx_word' id='word_1_599' title='bbox 1529 1982 1547 2018; x_wconf 78' lang='grc' dir='ltr'>ἢ</span> <span class='ocrx_word' id='word_1_600' title='bbox 1572 1982 1685 2020; x_wconf 87' lang='grc' dir='ltr'>γνώμην</span> <span class='ocrx_word' id='word_1_601' title='bbox 1712 1982 1755 2010; x_wconf 79' lang='grc' dir='ltr'>ἐπὶ</span> <span class='ocrx_word' id='word_1_602' title='bbox 1781 1981 1888 2013; x_wconf 72' lang='grc' dir='ltr'>ταύταις</span> 
     </span>
    </p>
   </div>
   <div class='ocr_carea' id='block_1_91' title="bbox 1064 2026 1889 2066">
    <p class='ocr_par' dir='ltr' id='par_1_91' title="bbox 1064 2026 1889 2066">
     <span class='ocr_line' id='line_1_91' title="bbox 1064 2026 1889 2066; baseline -0.005 -9"><span class='ocrx_word' id='word_1_603' title='bbox 1064 2029 1190 2063; x_wconf 76' lang='grc' dir='ltr'>ἐκθεῖναι,</span> <span class='ocrx_word' id='word_1_604' title='bbox 1206 2026 1391 2066; x_wconf 76' lang='grc' dir='ltr'>προϐήσονται</span> <span class='ocrx_word' id='word_1_605' title='bbox 1421 2028 1498 2055; x_wconf 78' lang='grc' dir='ltr'>αὗται</span> <span class='ocrx_word' id='word_1_606' title='bbox 1525 2027 1570 2055; x_wconf 80' lang='grc' dir='ltr'>καὶ</span> <span class='ocrx_word' id='word_1_607' title='bbox 1599 2026 1717 2062; x_wconf 80' lang='grc' dir='ltr'>ἀπουσίᾳ</span> <span class='ocrx_word' id='word_1_608' title='bbox 1745 2026 1837 2056; x_wconf 75' lang='grc' dir='ltr'>αὑτοῦ.</span> <span class='ocrx_word' id='word_1_609' title='bbox 1860 2027 1889 2055; x_wconf 87' lang='grc' dir='ltr'><strong>Ὀ</strong></span> 
     </span>
    </p>
   </div>
   <div class='ocr_carea' id='block_1_92' title="bbox 1065 2070 1889 2112">
    <p class='ocr_par' dir='ltr' id='par_1_92' title="bbox 1065 2070 1889 2112">
     <span class='ocr_line' id='line_1_92' title="bbox 1065 2070 1889 2112; baseline -0.005 -10"><span class='ocrx_word' id='word_1_610' title='bbox 1065 2073 1094 2102; x_wconf 68' lang='grc' dir='ltr'>δὶ</span> <span class='ocrx_word' id='word_1_611' title='bbox 1108 2074 1176 2112; x_wconf 86' lang='grc' dir='ltr'>πρὸς</span> <span class='ocrx_word' id='word_1_612' title='bbox 1191 2074 1264 2111; x_wconf 72' lang='grc' dir='ltr'>ἡμᾶς</span> <span class='ocrx_word' id='word_1_613' title='bbox 1291 2073 1422 2111; x_wconf 77' lang='grc' dir='ltr'>ἀπεκρίθη</span> <span class='ocrx_word' id='word_1_614' title='bbox 1445 2074 1538 2100; x_wconf 85' lang='grc' dir='ltr'>ταῦτα·</span> <span class='ocrx_word' id='word_1_615' title='bbox 1554 2073 1591 2104; x_wconf 84' lang='grc' dir='ltr'>ὡς</span> <span class='ocrx_word' id='word_1_616' title='bbox 1613 2072 1657 2100; x_wconf 85' lang='grc' dir='ltr'>καὶ</span> <span class='ocrx_word' id='word_1_617' title='bbox 1685 2070 1786 2099; x_wconf 74' lang='grc' dir='ltr'>ἄλλοτε</span> <span class='ocrx_word' id='word_1_618' title='bbox 1811 2071 1889 2110; x_wconf 64' lang='grc' dir='ltr'>προίς</span> 
     </span>
    </p>
   </div>
   <div class='ocr_carea' id='block_1_93' title="bbox 1065 2115 1888 2158">
    <p class='ocr_par' dir='ltr' id='par_1_93' title="bbox 1065 2115 1888 2158">
     <span class='ocr_line' id='line_1_93' title="bbox 1065 2115 1888 2158; baseline -0.004 -12"><span class='ocrx_word' id='word_1_619' title='bbox 1065 2116 1150 2155; x_wconf 78' lang='grc' dir='ltr'>ϐησαν</span> <span class='ocrx_word' id='word_1_620' title='bbox 1166 2120 1253 2158; x_wconf 78' lang='grc' dir='ltr'>ψῆφοι</span> <span class='ocrx_word' id='word_1_621' title='bbox 1269 2118 1441 2153; x_wconf 84' lang='grc' dir='ltr'>Ἑκκλησιῶν</span> <span class='ocrx_word' id='word_1_622' title='bbox 1463 2117 1536 2155; x_wconf 85' lang='grc' dir='ltr'>παρὰ</span> <span class='ocrx_word' id='word_1_623' title='bbox 1558 2118 1612 2144; x_wconf 80' lang='grc' dir='ltr'>τῶν</span> <span class='ocrx_word' id='word_1_624' title='bbox 1639 2115 1737 2144; x_wconf 86' lang='grc' dir='ltr'>τούτου</span> <span class='ocrx_word' id='word_1_625' title='bbox 1761 2115 1888 2144; x_wconf 71' lang='grc' dir='ltr'>συναδέλ-</span> 
     </span>
    </p>
   </div>
   <div class='ocr_carea' id='block_1_94' title="bbox 1065 2161 1886 2204">
    <p class='ocr_par' dir='ltr' id='par_1_94' title="bbox 1065 2161 1886 2204">
     <span class='ocr_line' id='line_1_94' title="bbox 1065 2161 1886 2204; baseline -0.005 -12"><span class='ocrx_word' id='word_1_626' title='bbox 1065 2175 1122 2204; x_wconf 68' lang='grc' dir='ltr'>φων</span> <span class='ocrx_word' id='word_1_627' title='bbox 1144 2162 1204 2191; x_wconf 73' lang='grc' dir='ltr'>ἄνευ</span> <span class='ocrx_word' id='word_1_628' title='bbox 1226 2162 1375 2201; x_wconf 83' lang='grc' dir='ltr'>παρουσίας</span> <span class='ocrx_word' id='word_1_629' title='bbox 1398 2162 1482 2190; x_wconf 81' lang='grc' dir='ltr'>αὐτοῦ</span> <span class='ocrx_word' id='word_1_630' title='bbox 1503 2161 1547 2190; x_wconf 85' lang='grc' dir='ltr'>καὶ</span> <span class='ocrx_word' id='word_1_631' title='bbox 1571 2161 1697 2200; x_wconf 83' lang='grc' dir='ltr'>γνώμης.</span> <span class='ocrx_word' id='word_1_632' title='bbox 1717 2163 1803 2189; x_wconf 81' lang='grc' dir='ltr'>Τοῦτο</span> <span class='ocrx_word' id='word_1_633' title='bbox 1826 2163 1886 2200; x_wconf 84' lang='grc' dir='ltr'>γοῦν</span> 
     </span>
    </p>
   </div>
   <div class='ocr_carea' id='block_1_95' title="bbox 1064 2205 1888 2246">
    <p class='ocr_par' dir='ltr' id='par_1_95' title="bbox 1064 2205 1888 2246">
     <span class='ocr_line' id='line_1_95' title="bbox 1064 2205 1888 2246; baseline -0.004 -10"><span class='ocrx_word' id='word_1_634' title='bbox 1064 2209 1182 2246; x_wconf 73' lang='grc' dir='ltr'>γενέσθω</span> <span class='ocrx_word' id='word_1_635' title='bbox 1209 2208 1273 2245; x_wconf 87' lang='grc' dir='ltr'>παρ’</span> <span class='ocrx_word' id='word_1_636' title='bbox 1289 2207 1377 2235; x_wconf 76' lang='grc' dir='ltr'>αὐτῶν</span> <span class='ocrx_word' id='word_1_637' title='bbox 1406 2207 1452 2234; x_wconf 78' lang='grc' dir='ltr'>καὶ</span> <span class='ocrx_word' id='word_1_638' title='bbox 1480 2205 1524 2234; x_wconf 74' lang='grc' dir='ltr'>ἐπὶ</span> <span class='ocrx_word' id='word_1_639' title='bbox 1552 2209 1612 2237; x_wconf 81' lang='grc' dir='ltr'>ταῖς</span> <span class='ocrx_word' id='word_1_640' title='bbox 1637 2208 1683 2234; x_wconf 87' lang='grc' dir='ltr'>νῦν</span> <span class='ocrx_word' id='word_1_641' title='bbox 1709 2205 1888 2244; x_wconf 74' lang='grc' dir='ltr'>χηρευούσαις</span> 
     </span>
    </p>
   </div>
   <div class='ocr_carea' id='block_1_96' title="bbox 190 2250 1006 2290">
    <p class='ocr_par' dir='ltr' id='par_1_96' title="bbox 190 2253 1006 2289">
     <span class='ocr_line' id='line_1_96' title="bbox 190 2253 1006 2289; baseline 0.001 -9"><span class='ocrx_word' id='word_1_642' title='bbox 190 2261 268 2286; x_wconf 86' lang='lat' dir='ltr'>nem,</span> <span class='ocrx_word' id='word_1_643' title='bbox 284 2261 412 2289; x_wconf 65' lang='lat' dir='ltr'>praesens</span> <span class='ocrx_word' id='word_1_644' title='bbox 423 2253 653 2280; x_wconf 83' lang='lat' dir='ltr'>instrumentum</span> <span class='ocrx_word' id='word_1_645' title='bbox 669 2253 867 2287; x_wconf 82' lang='lat' dir='ltr'>confecimus;</span> <span class='ocrx_word' id='word_1_646' title='bbox 884 2255 960 2288; x_wconf 89' lang='lat' dir='ltr'>quod</span> <span class='ocrx_word' id='word_1_647' title='bbox 981 2254 1006 2281; x_wconf 91' lang='lat' dir='ltr'>in</span> 
     </span>
    </p>
   </div>
   <div class='ocr_carea' id='block_1_97' title="bbox 1063 2250 1887 2290">
    <p class='ocr_par' dir='ltr' id='par_1_97' title="bbox 1065 2250 1887 2290">
     <span class='ocr_line' id='line_1_97' title="bbox 1065 2250 1887 2290; baseline -0.005 -8"><span class='ocrx_word' id='word_1_648' title='bbox 1065 2252 1251 2288; x_wconf 79' lang='grc' dir='ltr'>Ἐκκλησίαις·</span> <span class='ocrx_word' id='word_1_649' title='bbox 1269 2251 1299 2279; x_wconf 83' lang='grc' dir='ltr'>οὐ</span> <span class='ocrx_word' id='word_1_650' title='bbox 1314 2251 1366 2290; x_wconf 81' lang='grc' dir='ltr'>γάτ</span> <span class='ocrx_word' id='word_1_651' title='bbox 1388 2250 1498 2280; x_wconf 80' lang='grc' dir='ltr'>δύναται</span> <span class='ocrx_word' id='word_1_652' title='bbox 1522 2250 1643 2278; x_wconf 79' lang='grc' dir='ltr'>ἀνελθεῖν</span> <span class='ocrx_word' id='word_1_653' title='bbox 1674 2250 1712 2282; x_wconf 80' lang='grc' dir='ltr'>είς</span> <span class='ocrx_word' id='word_1_654' title='bbox 1740 2251 1791 2285; x_wconf 77' lang='grc' dir='ltr'>τὴν</span> <span class='ocrx_word' id='word_1_655' title='bbox 1821 2250 1887 2278; x_wconf 79' lang='grc' dir='ltr'>θείαν</span> 
     </span>
    </p>
   </div>
   <div class='ocr_carea' id='block_1_98' title="bbox 189 2297 1010 2333">
    <p class='ocr_par' dir='ltr' id='par_1_98' title="bbox 189 2297 1010 2333">
     <span class='ocr_line' id='line_1_98' title="bbox 189 2297 1010 2333; baseline -0.001 -8"><span class='ocrx_word' id='word_1_656' title='bbox 189 2297 303 2325; x_wconf 87' lang='lat' dir='ltr'>litteras</span> <span class='ocrx_word' id='word_1_657' title='bbox 318 2297 455 2330; x_wconf 87' lang='lat' dir='ltr'>relatum,</span> <span class='ocrx_word' id='word_1_658' title='bbox 470 2300 499 2325; x_wconf 89' lang='lat' dir='ltr'>et</span> <span class='ocrx_word' id='word_1_659' title='bbox 515 2306 566 2333; x_wconf 91' lang='lat' dir='ltr'>pro</span> <span class='ocrx_word' id='word_1_660' title='bbox 583 2305 663 2325; x_wconf 88' lang='lat' dir='ltr'>more</span> <span class='ocrx_word' id='word_1_661' title='bbox 682 2297 913 2332; x_wconf 88' lang='lat' dir='ltr'>corroboratum,</span> <span class='ocrx_word' id='word_1_662' title='bbox 929 2298 1010 2325; x_wconf 86' lang='lat' dir='ltr'>dedi-</span> 
     </span>
    </p>
   </div>
   <div class='ocr_carea' id='block_1_99' title="bbox 191 2341 1010 2377">
    <p class='ocr_par' dir='ltr' id='par_1_99' title="bbox 191 2341 1010 2377">
     <span class='ocr_line' id='line_1_99' title="bbox 191 2341 1010 2377; baseline 0 -7"><span class='ocrx_word' id='word_1_663' title='bbox 191 2351 258 2370; x_wconf 88' lang='lat' dir='ltr'>mus</span> <span class='ocrx_word' id='word_1_664' title='bbox 274 2351 374 2370; x_wconf 86' lang='lat' dir='ltr'>mense</span> <span class='ocrx_word' id='word_1_665' title='bbox 399 2345 427 2370; x_wconf 88' lang='lat' dir='ltr'>et</span> <span class='ocrx_word' id='word_1_666' title='bbox 453 2342 613 2370; x_wconf 86' lang='lat' dir='ltr'>indictione</span> <span class='ocrx_word' id='word_1_667' title='bbox 635 2350 725 2377; x_wconf 85' lang='lat' dir='ltr'>supra</span> <span class='ocrx_word' id='word_1_668' title='bbox 743 2341 871 2377; x_wconf 87' lang='lat' dir='ltr'>scriptis.</span> <span class='ocrx_word' id='word_1_669' title='bbox 886 2341 1010 2371; x_wconf 87' lang='lat' dir='ltr'>Humilis</span> 
     </span>
    </p>
   </div>
   <div class='ocr_carea' id='block_1_100' title="bbox 191 2385 1010 2422">
    <p class='ocr_par' dir='ltr' id='par_1_100' title="bbox 191 2385 1010 2422">
     <span class='ocr_line' id='line_1_100' title="bbox 191 2385 1010 2422; baseline 0.001 -9"><span class='ocrx_word' id='word_1_670' title='bbox 191 2386 333 2415; x_wconf 85' lang='lat' dir='ltr'>diaconus</span> <span class='ocrx_word' id='word_1_671' title='bbox 349 2387 543 2415; x_wconf 63' lang='lat' dir='ltr'>sanctissima:</span> <span class='ocrx_word' id='word_1_672' title='bbox 559 2386 609 2414; x_wconf 89' lang='lat' dir='ltr'>Dei</span> <span class='ocrx_word' id='word_1_673' title='bbox 625 2386 743 2421; x_wconf 73' lang='lat' dir='ltr'>Majoris</span> <span class='ocrx_word' id='word_1_674' title='bbox 758 2385 901 2420; x_wconf 57' lang='lat' dir='ltr'>Ecclesia,</span> <span class='ocrx_word' id='word_1_675' title='bbox 917 2388 945 2414; x_wconf 93' lang='lat' dir='ltr'>et</span> <span class='ocrx_word' id='word_1_676' title='bbox 960 2395 1010 2422; x_wconf 86' lang='lat' dir='ltr'>pa-</span> 
     </span>
    </p>
   </div>
   <div class='ocr_carea' id='block_1_101' title="bbox 189 2430 1010 2467">
    <p class='ocr_par' dir='ltr' id='par_1_101' title="bbox 189 2430 1010 2467">
     <span class='ocr_line' id='line_1_101' title="bbox 189 2430 1010 2467; baseline 0.001 -9"><span class='ocrx_word' id='word_1_677' title='bbox 189 2431 355 2459; x_wconf 83' lang='lat' dir='ltr'>triarchalis</span> <span class='ocrx_word' id='word_1_678' title='bbox 382 2431 526 2464; x_wconf 86' lang='lat' dir='ltr'>notarius,</span> <span class='ocrx_word' id='word_1_679' title='bbox 554 2430 722 2466; x_wconf 85' lang='lat' dir='ltr'>Stephanus</span> <span class='ocrx_word' id='word_1_680' title='bbox 752 2430 893 2467; x_wconf 86' lang='lat' dir='ltr'>Narsites,</span> <span class='ocrx_word' id='word_1_681' title='bbox 922 2431 1010 2460; x_wconf 88' lang='lat' dir='ltr'>subs-</span> 
     </span>
    </p>
   </div>
   <div class='ocr_carea' id='block_1_102' title="bbox 188 2476 331 2511">
    <p class='ocr_par' dir='ltr' id='par_1_102' title="bbox 188 2476 331 2511">
     <span class='ocr_line' id='line_1_102' title="bbox 188 2476 331 2511; baseline -0.021 -8"><span class='ocrx_word' id='word_1_682' title='bbox 188 2476 299 2511; x_wconf 87' lang='lat' dir='ltr'>cripsit.</span> <span class='ocrx_word' id='word_1_683' title='bbox 317 2486 331 2500; x_wconf 86' lang='lat'>»</span> 
     </span>
    </p>
   </div>
   <div class='ocr_carea' id='block_1_103' title="bbox 1065 2295 1887 2334">
    <p class='ocr_par' dir='ltr' id='par_1_103' title="bbox 1065 2295 1887 2334">
     <span class='ocr_line' id='line_1_103' title="bbox 1065 2295 1887 2334; baseline -0.002 -9"><span class='ocrx_word' id='word_1_684' title='bbox 1065 2297 1109 2325; x_wconf 88' lang='grc' dir='ltr'>καὶ</span> <span class='ocrx_word' id='word_1_685' title='bbox 1125 2298 1198 2334; x_wconf 77' lang='grc' dir='ltr'>ἱεράν</span> <span class='ocrx_word' id='word_1_686' title='bbox 1214 2295 1338 2332; x_wconf 76' lang='grc' dir='ltr'>σύνοδον,</span> <span class='ocrx_word' id='word_1_687' title='bbox 1353 2296 1398 2323; x_wconf 88' lang='grc' dir='ltr'>καὶ</span> <span class='ocrx_word' id='word_1_688' title='bbox 1420 2296 1599 2334; x_wconf 86' lang='grc' dir='ltr'>παρουσιάσαι</span> <span class='ocrx_word' id='word_1_689' title='bbox 1623 2295 1667 2324; x_wconf 78' lang='grc' dir='ltr'>ἐπὶ</span> <span class='ocrx_word' id='word_1_690' title='bbox 1691 2298 1751 2328; x_wconf 87' lang='grc' dir='ltr'>ταῖς</span> <span class='ocrx_word' id='word_1_691' title='bbox 1778 2296 1887 2334; x_wconf 76' lang='grc' dir='ltr'>ψήφοις.</span> 
     </span>
    </p>
   </div>
   <div class='ocr_carea' id='block_1_104' title="bbox 1066 2339 1887 2379">
    <p class='ocr_par' dir='ltr' id='par_1_104' title="bbox 1066 2339 1887 2379">
     <span class='ocr_line' id='line_1_104' title="bbox 1066 2339 1887 2379; baseline -0.001 -10"><span class='ocrx_word' id='word_1_692' title='bbox 1066 2340 1112 2369; x_wconf 79' lang='grc' dir='ltr'>διὰ</span> <span class='ocrx_word' id='word_1_693' title='bbox 1133 2342 1164 2369; x_wconf 85' lang='grc' dir='ltr'>τὸ</span> <span class='ocrx_word' id='word_1_694' title='bbox 1187 2340 1282 2372; x_wconf 83' lang='grc' dir='ltr'>δεινῶς</span> <span class='ocrx_word' id='word_1_695' title='bbox 1311 2339 1515 2376; x_wconf 85' lang='grc' dir='ltr'>νοσηλεύεσθαι.</span> <span class='ocrx_word' id='word_1_696' title='bbox 1537 2339 1634 2368; x_wconf 72' lang='grc' dir='ltr'>Πολλὰ</span> <span class='ocrx_word' id='word_1_697' title='bbox 1656 2342 1721 2379; x_wconf 76' lang='grc' dir='ltr'>γοῦν</span> <span class='ocrx_word' id='word_1_698' title='bbox 1748 2340 1887 2377; x_wconf 84' lang='grc' dir='ltr'>παρακλη-</span> 
     </span>
    </p>
   </div>
   <div class='ocr_carea' id='block_1_105' title="bbox 1067 2383 1887 2424">
    <p class='ocr_par' dir='ltr' id='par_1_105' title="bbox 1067 2383 1887 2424">
     <span class='ocr_line' id='line_1_105' title="bbox 1067 2383 1887 2424; baseline -0.001 -11"><span class='ocrx_word' id='word_1_699' title='bbox 1067 2385 1121 2417; x_wconf 76' lang='grc' dir='ltr'>θεὶς</span> <span class='ocrx_word' id='word_1_700' title='bbox 1150 2385 1213 2424; x_wconf 83' lang='grc' dir='ltr'>παρ’</span> <span class='ocrx_word' id='word_1_701' title='bbox 1239 2385 1320 2420; x_wconf 79' lang='grc' dir='ltr'>ἡμῶν</span> <span class='ocrx_word' id='word_1_702' title='bbox 1348 2383 1395 2412; x_wconf 71' lang='grc' dir='ltr'>κᾶν</span> <span class='ocrx_word' id='word_1_703' title='bbox 1423 2384 1537 2422; x_wconf 86' lang='grc' dir='ltr'>γνώμην</span> <span class='ocrx_word' id='word_1_704' title='bbox 1568 2384 1700 2421; x_wconf 68' lang='grc' dir='ltr'>ἒκθὲσθαι,</span> <span class='ocrx_word' id='word_1_705' title='bbox 1725 2383 1788 2412; x_wconf 73' lang='grc' dir='ltr'>οὐδὲ</span> <span class='ocrx_word' id='word_1_706' title='bbox 1810 2386 1887 2412; x_wconf 77' lang='grc' dir='ltr'>τοῦτο</span> 
     </span>
    </p>
   </div>
   <div class='ocr_carea' id='block_1_106' title="bbox 1066 2428 1888 2466">
    <p class='ocr_par' dir='ltr' id='par_1_106' title="bbox 1066 2428 1888 2466">
     <span class='ocr_line' id='line_1_106' title="bbox 1066 2428 1888 2466; baseline 0 -9"><span class='ocrx_word' id='word_1_707' title='bbox 1066 2433 1178 2464; x_wconf 84' lang='grc' dir='ltr'>ποιῆσαι</span> <span class='ocrx_word' id='word_1_708' title='bbox 1195 2428 1339 2464; x_wconf 74' lang='grc' dir='ltr'>ἠθέλησεν.</span> <span class='ocrx_word' id='word_1_709' title='bbox 1354 2428 1401 2460; x_wconf 72' lang='grc' dir='ltr'>Εἷς</span> <span class='ocrx_word' id='word_1_710' title='bbox 1414 2428 1536 2464; x_wconf 84' lang='grc' dir='ltr'>δήλωσιν</span> <span class='ocrx_word' id='word_1_711' title='bbox 1553 2429 1598 2457; x_wconf 77' lang='grc' dir='ltr'>οὖν</span> <span class='ocrx_word' id='word_1_712' title='bbox 1613 2429 1718 2457; x_wconf 84' lang='grc' dir='ltr'>τούτων</span> <span class='ocrx_word' id='word_1_713' title='bbox 1744 2429 1794 2464; x_wconf 81' lang='grc' dir='ltr'>τὴν</span> <span class='ocrx_word' id='word_1_714' title='bbox 1819 2439 1888 2466; x_wconf 82' lang='grc' dir='ltr'>παρ-</span> 
     </span>
    </p>
   </div>
   <div class='ocr_carea' id='block_1_107' title="bbox 1068 2471 1887 2512">
    <p class='ocr_par' dir='ltr' id='par_1_107' title="bbox 1068 2471 1887 2512">
     <span class='ocr_line' id='line_1_107' title="bbox 1068 2471 1887 2512; baseline 0.001 -10"><span class='ocrx_word' id='word_1_715' title='bbox 1068 2476 1147 2502; x_wconf 85' lang='grc' dir='ltr'>οῦσαν</span> <span class='ocrx_word' id='word_1_716' title='bbox 1176 2473 1326 2511; x_wconf 86' lang='grc' dir='ltr'>σημείωσιν</span> <span class='ocrx_word' id='word_1_717' title='bbox 1360 2472 1512 2511; x_wconf 71' lang='grc' dir='ltr'>ἐξεθέμεθα,</span> <span class='ocrx_word' id='word_1_718' title='bbox 1542 2474 1572 2508; x_wconf 83' lang='grc' dir='ltr'>ἣν</span> <span class='ocrx_word' id='word_1_719' title='bbox 1601 2471 1820 2512; x_wconf 75' lang='grc' dir='ltr'>παρεκϐαλόντες</span> <span class='ocrx_word' id='word_1_720' title='bbox 1846 2475 1887 2503; x_wconf 82' lang='grc' dir='ltr'>καὶ</span> 
     </span>
    </p>
   </div>
   <div class='ocr_carea' id='block_1_108' title="bbox 188 2516 1889 2557">
    <p class='ocr_par' dir='ltr' id='par_1_108' title="bbox 188 2516 1889 2557">
     <span class='ocr_line' id='line_1_108' title="bbox 188 2516 1889 2557; baseline 0 -10"><span class='ocrx_word' id='word_1_721' title='bbox 188 2520 311 2555; x_wconf 77' lang='grc' dir='ltr'>συνήθως</span> <span class='ocrx_word' id='word_1_722' title='bbox 341 2519 542 2556; x_wconf 73' lang='grc' dir='ltr'>πιστωσάμενοι</span> <span class='ocrx_word' id='word_1_723' title='bbox 572 2517 772 2555; x_wconf 77' lang='grc' dir='ltr'>ἐπιδεδώκαμεν</span> <span class='ocrx_word' id='word_1_724' title='bbox 805 2519 871 2555; x_wconf 78' lang='grc' dir='ltr'>μηνὶ</span> <span class='ocrx_word' id='word_1_725' title='bbox 895 2519 941 2547; x_wconf 87' lang='grc' dir='ltr'>καὶ</span> <span class='ocrx_word' id='word_1_726' title='bbox 965 2519 1123 2557; x_wconf 73' lang='grc' dir='ltr'>ὶπινεμήσει</span> <span class='ocrx_word' id='word_1_727' title='bbox 1136 2521 1195 2550; x_wconf 85' lang='grc' dir='ltr'>τοῖς</span> <span class='ocrx_word' id='word_1_728' title='bbox 1209 2518 1475 2557; x_wconf 81' lang='grc' dir='ltr'>προγεγραμμένοις.</span> <span class='ocrx_word' id='word_1_729' title='bbox 1492 2519 1520 2546; x_wconf 93' lang='grc' dir='ltr'>Ὁ</span> <span class='ocrx_word' id='word_1_730' title='bbox 1550 2517 1664 2554; x_wconf 77' lang='grc' dir='ltr'>εὐτελὴς</span> <span class='ocrx_word' id='word_1_731' title='bbox 1691 2516 1817 2551; x_wconf 82' lang='grc' dir='ltr'>διάκονος</span> <span class='ocrx_word' id='word_1_732' title='bbox 1843 2520 1889 2554; x_wconf 76' lang='grc' dir='ltr'>τῆς</span> 
     </span>
    </p>
   </div>
   <div class='ocr_carea' id='block_1_109' title="bbox 187 2562 1579 2604">
    <p class='ocr_par' dir='ltr' id='par_1_109' title="bbox 187 2562 1579 2604">
     <span class='ocr_line' id='line_1_109' title="bbox 187 2562 1579 2604; baseline -0.001 -12"><span class='ocrx_word' id='word_1_733' title='bbox 187 2564 339 2604; x_wconf 72' lang='grc' dir='ltr'>ἁγιωτάτης</span> <span class='ocrx_word' id='word_1_734' title='bbox 353 2567 401 2593; x_wconf 84' lang='grc' dir='ltr'>τοῦ</span> <span class='ocrx_word' id='word_1_735' title='bbox 416 2567 482 2592; x_wconf 81' lang='grc' dir='ltr'>Θεοῦ</span> <span class='ocrx_word' id='word_1_736' title='bbox 498 2563 627 2603; x_wconf 78' lang='grc' dir='ltr'>Μεγάλης</span> <span class='ocrx_word' id='word_1_737' title='bbox 645 2562 791 2599; x_wconf 73' lang='grc' dir='ltr'>ἐκκλησίας</span> <span class='ocrx_word' id='word_1_738' title='bbox 807 2564 852 2592; x_wconf 83' lang='grc' dir='ltr'>καὶ</span> <span class='ocrx_word' id='word_1_739' title='bbox 867 2563 1068 2603; x_wconf 81' lang='grc' dir='ltr'>πατριαρχικὸς</span> <span class='ocrx_word' id='word_1_740' title='bbox 1081 2562 1207 2602; x_wconf 83' lang='grc' dir='ltr'>νοτάριος</span> <span class='ocrx_word' id='word_1_741' title='bbox 1221 2562 1355 2602; x_wconf 70' lang='grc' dir='ltr'>Στέφανος</span> <span class='ocrx_word' id='word_1_742' title='bbox 1372 2563 1386 2591; x_wconf 85' lang='grc' dir='ltr'>ὁ</span> <span class='ocrx_word' id='word_1_743' title='bbox 1401 2564 1549 2602; x_wconf 77' lang='grc' dir='ltr'>Ναρσίτης.</span> <span class='ocrx_word' id='word_1_744' title='bbox 1568 2575 1579 2589; x_wconf 75' lang='grc' dir='ltr'>ι</span> 
     </span>
    </p>
   </div>
   <div class='ocr_carea' id='block_1_110' title="bbox 222 2627 1010 2666">
    <p class='ocr_par' dir='ltr' id='par_1_110' title="bbox 222 2627 1010 2666">
     <span class='ocr_line' id='line_1_110' title="bbox 222 2627 1010 2666; baseline -0.001 -8"><span class='ocrx_word' id='word_1_745' title='bbox 222 2630 249 2658; x_wconf 89' lang='lat'>2.</span> <span class='ocrx_word' id='word_1_746' title='bbox 268 2630 370 2666; x_wconf 84' lang='lat' dir='ltr'>Itaque</span> <span class='ocrx_word' id='word_1_747' title='bbox 398 2627 494 2657; x_wconf 83' lang='lat' dir='ltr'>verbis</span> <span class='ocrx_word' id='word_1_748' title='bbox 519 2628 609 2663; x_wconf 87' lang='lat' dir='ltr'>hujus</span> <span class='ocrx_word' id='word_1_749' title='bbox 632 2627 822 2656; x_wconf 84' lang='lat' dir='ltr'>instrumenti</span> <span class='ocrx_word' id='word_1_750' title='bbox 855 2628 1010 2657; x_wconf 83' lang='lat' dir='ltr'>abutentes</span> 
     </span>
    </p>
   </div>
   <div class='ocr_carea' id='block_1_111' title="bbox 189 2671 1009 2711">
    <p class='ocr_par' dir='ltr' id='par_1_111' title="bbox 189 2671 1009 2711">
     <span class='ocr_line' id='line_1_111' title="bbox 189 2671 1009 2711; baseline -0.002 -8"><span class='ocrx_word' id='word_1_751' title='bbox 189 2674 348 2703; x_wconf 84' lang='lat' dir='ltr'>adversarii</span> <span class='ocrx_word' id='word_1_752' title='bbox 369 2673 512 2711; x_wconf 78' lang='lat' dir='ltr'>Cycizeni,</span> <span class='ocrx_word' id='word_1_753' title='bbox 543 2674 578 2701; x_wconf 89' lang='lat' dir='ltr'>ad</span> <span class='ocrx_word' id='word_1_754' title='bbox 607 2680 710 2700; x_wconf 87' lang='lat' dir='ltr'>omnes</span> <span class='ocrx_word' id='word_1_755' title='bbox 738 2671 894 2702; x_wconf 86' lang='lat' dir='ltr'>electiones</span> <span class='ocrx_word' id='word_1_756' title='bbox 921 2673 1009 2702; x_wconf 84' lang='lat' dir='ltr'>etiam</span> 
     </span>
    </p>
   </div>
   <div class='ocr_carea' id='block_1_112' title="bbox 188 2717 1010 2757">
    <p class='ocr_par' dir='ltr' id='par_1_112' title="bbox 188 2717 1010 2757">
     <span class='ocr_line' id='line_1_112' title="bbox 188 2717 1010 2757; baseline -0.002 -9"><span class='ocrx_word' id='word_1_757' title='bbox 188 2720 360 2757; x_wconf 81' lang='lat' dir='ltr'>Cyzizenum</span> <span class='ocrx_word' id='word_1_758' title='bbox 376 2718 550 2748; x_wconf 88' lang='lat' dir='ltr'>arcessitum</span> <span class='ocrx_word' id='word_1_759' title='bbox 566 2718 658 2746; x_wconf 78' lang='lat' dir='ltr'>fuisse</span> <span class='ocrx_word' id='word_1_760' title='bbox 673 2717 819 2745; x_wconf 87' lang='lat' dir='ltr'>dicebant.</span> <span class='ocrx_word' id='word_1_761' title='bbox 842 2718 882 2746; x_wconf 86' lang='lat' dir='ltr'>Ac</span> <span class='ocrx_word' id='word_1_762' title='bbox 895 2726 926 2746; x_wconf 87' lang='lat' dir='ltr'>se</span> <span class='ocrx_word' id='word_1_763' title='bbox 942 2718 1010 2754; x_wconf 82' lang='lat' dir='ltr'>qui—</span> 
     </span>
    </p>
   </div>
   <div class='ocr_carea' id='block_1_113' title="bbox 189 2761 1010 2802">
    <p class='ocr_par' dir='ltr' id='par_1_113' title="bbox 189 2761 1010 2802">
     <span class='ocr_line' id='line_1_113' title="bbox 189 2761 1010 2802; baseline -0.002 -9"><span class='ocrx_word' id='word_1_764' title='bbox 189 2765 266 2799; x_wconf 88' lang='lat' dir='ltr'>dem,</span> <span class='ocrx_word' id='word_1_765' title='bbox 297 2765 375 2802; x_wconf 91' lang='lat' dir='ltr'>quod</span> <span class='ocrx_word' id='word_1_766' title='bbox 401 2763 448 2793; x_wconf 83' lang='lat' dir='ltr'>sui</span> <span class='ocrx_word' id='word_1_767' title='bbox 471 2763 576 2792; x_wconf 82' lang='lat' dir='ltr'>fuisset</span> <span class='ocrx_word' id='word_1_768' title='bbox 595 2761 738 2797; x_wconf 82' lang='lat' dir='ltr'>muneris,</span> <span class='ocrx_word' id='word_1_769' title='bbox 758 2762 885 2798; x_wconf 83' lang='lat' dir='ltr'>fecisse;</span> <span class='ocrx_word' id='word_1_770' title='bbox 909 2771 1010 2792; x_wconf 87' lang='lat' dir='ltr'>verum</span> 
     </span>
    </p>
   </div>
   <div class='ocr_carea' id='block_1_114' title="bbox 187 2807 1009 2846">
    <p class='ocr_par' dir='ltr' id='par_1_114' title="bbox 187 2807 1009 2846">
     <span class='ocr_line' id='line_1_114' title="bbox 187 2807 1009 2846; baseline 0.001 -9"><span class='ocrx_word' id='word_1_771' title='bbox 187 2809 286 2845; x_wconf 77' lang='lat' dir='ltr'>ipsum</span> <span class='ocrx_word' id='word_1_772' title='bbox 302 2809 432 2839; x_wconf 86' lang='lat' dir='ltr'>noluisse</span> <span class='ocrx_word' id='word_1_773' title='bbox 447 2816 635 2846; x_wconf 84' lang='lat' dir='ltr'>comparere:</span> <span class='ocrx_word' id='word_1_774' title='bbox 652 2807 792 2836; x_wconf 81' lang='lat' dir='ltr'>addentes</span> <span class='ocrx_word' id='word_1_775' title='bbox 808 2807 1009 2844; x_wconf 82' lang='lat' dir='ltr'>episcopianos</span> 
     </span>
    </p>
   </div>
   <div class='ocr_carea' id='block_1_115' title="bbox 1103 2625 1887 2665">
    <p class='ocr_par' dir='ltr' id='par_1_115' title="bbox 1103 2625 1887 2665">
     <span class='ocr_line' id='line_1_115' title="bbox 1103 2625 1887 2665; baseline 0.003 -11"><span class='ocrx_word' id='word_1_776' title='bbox 1103 2627 1136 2665; x_wconf 85' lang='grc' dir='ltr'>β’.</span> <span class='ocrx_word' id='word_1_777' title='bbox 1159 2627 1225 2659; x_wconf 81' lang='grc' dir='ltr'>Τοῖς</span> <span class='ocrx_word' id='word_1_778' title='bbox 1258 2625 1304 2654; x_wconf 80' lang='grc' dir='ltr'>οὗν</span> <span class='ocrx_word' id='word_1_779' title='bbox 1340 2625 1444 2664; x_wconf 74' lang='grc' dir='ltr'>ῥήμασι</span> <span class='ocrx_word' id='word_1_780' title='bbox 1469 2628 1517 2654; x_wconf 83' lang='grc' dir='ltr'>τοῦ</span> <span class='ocrx_word' id='word_1_781' title='bbox 1544 2625 1670 2653; x_wconf 84' lang='grc' dir='ltr'>τοιούτου</span> <span class='ocrx_word' id='word_1_782' title='bbox 1698 2627 1887 2665; x_wconf 78' lang='grc' dir='ltr'>σημειώματος</span> 
     </span>
    </p>
   </div>
   <div class='ocr_carea' id='block_1_116' title="bbox 1065 2669 1884 2710">
    <p class='ocr_par' dir='ltr' id='par_1_116' title="bbox 1065 2669 1884 2710">
     <span class='ocr_line' id='line_1_116' title="bbox 1065 2669 1884 2710; baseline 0.002 -11"><span class='ocrx_word' id='word_1_783' title='bbox 1065 2671 1262 2710; x_wconf 79' lang='grc' dir='ltr'>ἀποχρώμενοι</span> <span class='ocrx_word' id='word_1_784' title='bbox 1297 2671 1322 2699; x_wconf 73' lang='grc' dir='ltr'>οἳ</span> <span class='ocrx_word' id='word_1_785' title='bbox 1348 2673 1397 2699; x_wconf 86' lang='grc' dir='ltr'>τοῦ</span> <span class='ocrx_word' id='word_1_786' title='bbox 1433 2671 1549 2706; x_wconf 80' lang='grc' dir='ltr'>Κυζίκου</span> <span class='ocrx_word' id='word_1_787' title='bbox 1577 2670 1722 2706; x_wconf 79' lang='grc' dir='ltr'>ἀντίθετοι,</span> <span class='ocrx_word' id='word_1_788' title='bbox 1749 2669 1843 2710; x_wconf 75' lang='grc' dir='ltr'>ἔλεγον</span> <span class='ocrx_word' id='word_1_789' title='bbox 1862 2672 1884 2701; x_wconf 65' lang='lat' dir='ltr'>iv</span> 
     </span>
    </p>
   </div>
   <div class='ocr_carea' id='block_1_117' title="bbox 1065 2714 1883 2755">
    <p class='ocr_par' dir='ltr' id='par_1_117' title="bbox 1065 2714 1883 2755">
     <span class='ocr_line' id='line_1_117' title="bbox 1065 2714 1883 2755; baseline 0.001 -10"><span class='ocrx_word' id='word_1_790' title='bbox 1065 2717 1163 2748; x_wconf 83' lang='grc' dir='ltr'>πάσαις</span> <span class='ocrx_word' id='word_1_791' title='bbox 1190 2718 1249 2747; x_wconf 85' lang='grc' dir='ltr'>ταῖς</span> <span class='ocrx_word' id='word_1_792' title='bbox 1278 2716 1380 2755; x_wconf 83' lang='grc' dir='ltr'>ψήφοις</span> <span class='ocrx_word' id='word_1_793' title='bbox 1422 2714 1593 2754; x_wconf 84' lang='grc' dir='ltr'>μετάκλητον</span> <span class='ocrx_word' id='word_1_794' title='bbox 1622 2715 1745 2754; x_wconf 71' lang='grc' dir='ltr'>γενέσθαι</span> <span class='ocrx_word' id='word_1_795' title='bbox 1774 2716 1819 2745; x_wconf 81' lang='grc' dir='ltr'>καὶ</span> <span class='ocrx_word' id='word_1_796' title='bbox 1843 2718 1883 2746; x_wconf 78' lang='grc' dir='ltr'>τὸν</span> 
     </span>
    </p>
   </div>
   <div class='ocr_carea' id='block_1_118' title="bbox 1064 2759 1884 2799">
    <p class='ocr_par' dir='ltr' id='par_1_118' title="bbox 1064 2759 1884 2799">
     <span class='ocr_line' id='line_1_118' title="bbox 1064 2759 1884 2799; baseline 0.001 -10"><span class='ocrx_word' id='word_1_797' title='bbox 1064 2760 1192 2798; x_wconf 79' lang='grc' dir='ltr'>Κυζίκου·</span> <span class='ocrx_word' id='word_1_798' title='bbox 1209 2760 1255 2789; x_wconf 85' lang='grc' dir='ltr'>καὶ</span> <span class='ocrx_word' id='word_1_799' title='bbox 1270 2761 1348 2789; x_wconf 81' lang='grc' dir='ltr'>αὐτοὶ</span> <span class='ocrx_word' id='word_1_800' title='bbox 1366 2761 1414 2799; x_wconf 64' lang='grc' dir='ltr'>μὲν</span> <span class='ocrx_word' id='word_1_801' title='bbox 1427 2761 1459 2789; x_wconf 73' lang='grc' dir='ltr'>τὸ</span> <span class='ocrx_word' id='word_1_802' title='bbox 1478 2759 1579 2788; x_wconf 75' lang='grc' dir='ltr'>οῗκεῗον</span> <span class='ocrx_word' id='word_1_803' title='bbox 1603 2760 1780 2797; x_wconf 83' lang='grc' dir='ltr'>ποιήσασθαι,</span> <span class='ocrx_word' id='word_1_804' title='bbox 1793 2763 1884 2791; x_wconf 82' lang='grc' dir='ltr'>τοῦτον</span> 
     </span>
    </p>
   </div>
   <div class='ocr_carea' id='block_1_119' title="bbox 1065 2804 1884 2845">
    <p class='ocr_par' dir='ltr' id='par_1_119' title="bbox 1065 2804 1884 2845">
     <span class='ocr_line' id='line_1_119' title="bbox 1065 2804 1884 2845; baseline 0 -11"><span class='ocrx_word' id='word_1_805' title='bbox 1065 2804 1094 2834; x_wconf 71' lang='grc' dir='ltr'>δὲ</span> <span class='ocrx_word' id='word_1_806' title='bbox 1123 2805 1162 2844; x_wconf 79' lang='grc' dir='ltr'>μὴ</span> <span class='ocrx_word' id='word_1_807' title='bbox 1189 2804 1302 2840; x_wconf 80' lang='grc' dir='ltr'>θελῆσαι</span> <span class='ocrx_word' id='word_1_808' title='bbox 1328 2804 1518 2845; x_wconf 85' lang='grc' dir='ltr'>παρουσιάσαι·</span> <span class='ocrx_word' id='word_1_809' title='bbox 1537 2805 1747 2844; x_wconf 71' lang='grc' dir='ltr'>προστιθέμενοι</span> <span class='ocrx_word' id='word_1_810' title='bbox 1773 2806 1815 2834; x_wconf 81' lang='grc' dir='ltr'>δτι</span> <span class='ocrx_word' id='word_1_811' title='bbox 1843 2806 1884 2835; x_wconf 75' lang='grc' dir='ltr'>καὶ</span> 
     </span>
    </p>
   </div>
  </div>
