2021 3176
92 177 166 207 445

685 183 880 214 ΝονΕωμΕ
902 181 1000 213 CONS
1006 182 1254 214 TlTUTIONES.

1751 182 1811 212 446

93 239 310 271 ἐπισκοπιιανοὶ
346 246 403 273 κατ’
440 245 590 285 ἐπιτροπὴν
626 245 675 275 τοῦ
719 247 929 287 θεοφιλεστάτου

986 256 1103 284 quoque
1123 249 1212 284 jussu
1241 247 1454 284 religiosissimi
1482 247 1654 275 cbartularii
1679 248 1714 275 de
1730 255 1811 275 more

95 288 320 327 χαρτοφόλακος
340 291 409 318 κατὰ
429 292 460 318 τὸ
482 290 543 323 ἔθος
568 291 756 328 ἀπεστάλησαν
786 293 824 324 εἷς
847 293 881 320 τὰ
905 292 932 320 ἐν

96 331 148 362 οἷς
165 334 310 369 καταμένει
334 335 432 363 κελλία
455 337 469 363 ὁ
492 337 618 371 Κυζίκου,
636 334 696 369 ἔνθα
711 337 755 364 καὶ
772 337 786 364 ὁ
801 347 931 376 πατριαρ-

96 377 190 413 χικὺς
205 379 329 416 νοτάριος
355 379 398 407 ἐπὶ
420 382 454 417 τῇ
482 379 591 418 δευτέρᾳ
612 383 697 420 ψήφῳ
719 381 931 418 ἐπιδεδήμηκεν,

95 421 145 452 ὡς
173 420 345 458 διείληπται,
372 424 417 451 καὶ
445 425 656 461 μετεκαλέσαντο
684 429 779 455 τοῦτον
806 427 875 455 κατὰ
900 427 932 454 τὸ

94 465 221 501 σύνηθες
238 467 276 498 εἷς
303 467 350 500 τὰς
374 466 582 507 προϐησομένας
610 472 674 506 παρ’
693 471 780 500 αὐτῶν
811 473 930 510 ψήφους’

94 513 217 558 οἵτινες,
234 516 358 548 ἐλθόντες
374 521 489 556 πρῶτων
507 520 554 556 μὶν
571 520 609 552 εἰς
631 521 678 548 τὸν
700 521 850 558 ἁγιώτατόν
878 532 931 558 μου

95 557 241 596 δεσπότην
271 562 316 589 καὶ
343 562 532 600 οἰκουμενικὸν
560 557 734 604 πατριάρχην
750 587 757 600 ,
783 567 830 593 εἶθ’
859 566 931 594 οὕτω

93 604 152 631 καὶ
175 605 241 642 πρὸς
263 605 370 642 αὐτους,
395 608 469 636 εἶπον
495 609 533 645 μὴ
561 609 681 647 ἐφευρεῖν
707 612 802 637 τοῦτον
828 610 854 638 ἐν
869 621 930 641 τοις

95 648 189 676 αὐτοῦ
212 648 344 679 κελΛίοις·
377 655 470 688 μαθεῖν
496 652 525 680 δὲ
549 653 590 681 ὅτι
615 652 640 682 ἕν
664 665 719 682 τινι
746 658 796 689 τῆς
823 654 931 685 πόλεως

95 694 259 731 προαστείῳ
275 694 374 734 διάφει.
391 696 481 725 Ἀλλά
499 698 543 725 καὶ
568 699 637 736 πρὸς
661 701 746 727 ταῦτα
769 699 782 726 ὁ
811 699 930 734 Κυζίκου

97 738 291 776 γενναιότερον
308 740 482 777 ἀντικατέστη
507 745 566 775 τοῖς
591 743 726 776 τοιούτοις
755 743 930 781 συλλειτουρ-

98 786 177 820 γοῖς,
192 785 260 822 πρὸς
277 787 324 821 μὲν
338 786 384 814 τὸν
409 789 458 814 τοῦ
481 788 593 816 Ἰκονίου
622 788 703 826 λόγον
733 790 928 826 προσθέμενος,

100 828 146 859 ὡς
161 826 292 858 οὐδέποτε
316 831 427 867 τοιαύτη
454 832 624 870 πρόσκλησις
646 833 676 860 ἐκ
698 836 746 861 τοῦ
759 835 931 871 παρήκοντος

100 874 167 917 ⁴περὶ
199 875 291 912 ψήφου
320 875 389 913 πρὸς
419 877 627 915 μητροπολίτην
644 878 737 916 γέγονε
758 879 832 917 παρὰ
854 889 931 906 συνα-

102 916 209 956 δέλφου
239 918 330 954 αὐτοῦ,
367 919 424 958 εἶ’γε
454 922 499 949 καὶ
528 921 591 958 δοίη
619 933 661 954 τις
686 925 767 950 τοῦτο
796 916 927 962 γενέσθαι·
945 942 970 974 Β

109 965 176 974 ης.
256 968 262 974 .
306 970 318 974 -
429 970 448 974 .-
565 970 591 974 ,Α
646 972 651 974 .
748 971 755 974 .
824 973 827 974 ,

103 965 181 994 ἀλλὰ
195 968 268 1005 παρὰ
285 970 339 995 τῶν
368 970 491 1005 συνήθως
519 970 707 1008 στελλομένων
734 971 772 1003 εἰς
801 973 850 1007 τὴν
879 975 929 1005 τῆς

91 1011 202 1048 ίψήφου
230 1011 413 1048 μετάκλησιν,
442 1014 535 1052 κυρίας
561 1017 733 1052 τυπουμένης
747 1020 798 1051 τῆς
825 1016 868 1044 ἐπὶ
894 1019 929 1053 τῇ

104 1056 193 1094 ψήφῳ
216 1057 331 1093 ἡμέρας,
355 1058 400 1084 καὶ
425 1059 497 1096 παρὰ
517 1062 565 1086 τοῦ
580 1060 789 1099 χαρτοφύλακος
815 1061 929 1089 στελλο-

107 1099 197 1136 μένων
223 1103 277 1127 τῶν
293 1102 442 1139 ζμηνυτῶν,
466 1103 511 1131 καὶ
538 1104 609 1132 οὕτω
633 1107 687 1132 τῶν
716 1106 889 1142 μηνυθέντων
911 1106 929 1141 ἢ

105 1143 330 1180 αὐτοπροσώπως
356 1150 614 1185 παρουσιαζοντων,
647 1150 664 1184 ἢ
692 1148 736 1177 διὰ
759 1150 929 1188 γραμμάτιον

104 1189 260 1228 ὁμοψήφων
276 1191 436 1228 γινομένων,
465 1192 482 1227 ἢ
498 1193 542 1220 καὶ
573 1193 857 1232 ἀντιγνωμοτούντων,
881 1194 929 1231 δή·

105 1232 159 1279 λης
188 1233 295 1265 πάντως
311 1236 458 1272 γινομένης
474 1239 512 1274 τῷ
527 1239 714 1278 ψηφηφορικῷ
730 1243 780 1274 τῆς
796 1239 929 1279 ἰγγράφου

105 1277 221 1323 γνώμης
250 1279 350 1316 αὐτων,
376 1282 421 1307 καὶ
448 1279 493 1309 διὰ
523 1284 576 1310 τῶν
606 1277 776 1321 γραμμάτων
805 1277 928 1323 παρεῖναι

105 1320 261 1350 δοκούντων
286 1324 332 1351 καὶ
360 1327 414 1352 τῶν
439 1325 574 1356 ἀπόντων.
605 1320 679 1355 Ἐπεὶ
704 1327 762 1365 οὗν⁷
787 1320 852 1368 φησί
876 1330 929 1367 πρὸ

107 1369 172 1403 μιᾶς
191 1371 236 1402 τῆς
260 1367 305 1395 ἐπὶ
327 1370 362 1406 τῇ
387 1371 471 1408 ψήφῳ
494 1371 589 1409 κυρίας
611 1372 679 1400 κατὰ
690 1374 735 1401 τὸν
752 1367 799 1401 τοῦ
815 1374 929 1403 Ἰκονίου

104 1409 190 1449 λόγον
202 1414 237 1449 τῇ
262 1412 366 1450 μεγάλῃ
390 1413 469 1442 πόλει
493 1417 594 1454 παρῆν,
616 1417 660 1444 καὶ
688 1417 748 1453 ἑξῆς
775 1421 836 1450 ταῖς
863 1419 930 1454 μετὰ

102 1456 154 1500 τὴν
169 1458 261 1494 ψῆφον
277 1458 404 1495 ἡμέραις,
420 1461 478 1491 πῶς
493 1470 560 1493 ποτε
584 1462 636 1500 ἄρα
658 1463 704 1490 καὶ
727 1463 877 1491 πιστευτὲοι
902 1465 928 1491 οἱ

104 1499 229 1538 λέγοντες
253 1502 291 1538 μὴ
317 1505 439 1539 παρεῖναι
461 1506 556 1532 τοῦτον
571 1508 605 1542 τῇ
621 1506 726 1544 μεγάλῃ
756 1506 835 1535 πόλει
861 1508 930 1536 κατὰ

105 1544 151 1571 τὸν
175 1548 226 1580 τῆς
253 1546 346 1584 ψήφου
375 1547 489 1583 καιρόν;
518 1548 567 1575 Καὶ
596 1548 685 1584 ἐζήτει
709 1551 928 1588 προκομισθῆναι

104 1588 149 1635 καὶ
245 1591 450 1635 ψηφηφορικὸν,
475 1592 520 1619 καὶ
550 1592 771 1635 ἀναθεωρηοῆναι
785 1597 876 1630 τοῦτο,
905 1595 927 1623 εἰ

105 1631 157 1670 ἄρα
183 1625 297 1670 εὕρηται.
322 1625 526 1673 ἐγγεγραμμένα
555 1638 590 1665 τὰ
617 1625 769 1676 παρά-τῖον
799 1625 926 1668 συναὲέλ-
942 1625 964 1659 C

105 1688 163 1724 φων
189 1678 271 1724 αυτοῦ
285 1679 491 1717 προπινόμενα.
508 1680 564 1710 Κᾶν
583 1683 630 1720 μὲν
653 1683 710 1718 οὖν,
740 1684 819 1716 αὐτός
850 1696 928 1724 φησι,

105 1723 151 1768 καὶ
177 1723 262 1759 μόνος
286 1726 340 1768 τῷν
361 1725 460 1764 ψήφων
486 1725 702 1764 ἃπελιμπάνετο,
725 1728 792 1761 ’ίσως
817 1723 929 1768 ἂννεῖχε

106 1765 188 1805 λόγον
201 1768 235 1795 τὰ
249 1765 473 1806 προϐαλλόμενα·
500 1770 557 1798 insi
580 1770 608 1799 δὲ
623 1772 667 1800 καὶ
682 1771 770 1811 ἕτεροι
785 1774 831 1802 σὺν
857 1765 930 1811 αὐτῷ

109 1811 316 1858 μητροπολῖται.
346 1812 545 1853 ἀπελείφθησαν
575 1820 624 1851 τῆς
652 1819 745 1857 ψήφου
771 1819 824 1846 τῶν
847 1821 928 1858 ψηφι-

108 1858 219 1888 σθειοδῶν
245 1856 427 1892 Ἐκκλησιῶν,
452 1859 497 1887 καὶ
523 1858 587 1888 οὐδὲ
611 1856 929 1900 αὐτοίγμετεκλήθησαν,

108 1900 246 1939 φαίνονται
284 1905 430 1940 προφανῶς
467 1907 525 1935 ταῖς
561 1904 700 1942 ἀληθείαις
729 1907 930 1945 ἐναντιούμενοι

108 1945 133 1972 οἱ
148 1945 290 1992 ἀντίθετοι.
317 1947 388 1984 Πρὸς
415 1948 506 1984 μέντοι
531 1950 565 1976 τὰ
586 1953 634 1977 τοῦ
660 1953 855 1989 σημειώματος
879 1953 931 1992 ῥή-

109 2000 185 2037 ματαΔ
217 1990 284 2037 αὐτα
320 1992 366 2019 καὶ
404 1992 485 2037 πάλιν
523 1994 556 2021 τὰ
591 1996 718 2034 ἀνωτέρω
748 1990 931 2037 διαληφθέντα

107 2034 236 2071 προέθετο
262 2034 357 2074 ὅτιπερ
380 2036 469 2072 αὐτὸς,
498 2039 535 2075 μὴ
556 2038 641 2067 θέλων
657 2041 688 2068 τὸ
719 2034 860 2078 ὑποκνίζον
880 2044 929 2078 τὴν

106 2079 203 2107 τούτου
226 2081 319 2118 ψυχήν
356 2080 506 2110 σκάνδαλον
538 2083 715 2122 ἀνημέρωτον
745 2086 929 2126 ἕπικρύπτειν,

107 2128 150 2155 καὶ
165 2127 192 2155 ἐν
220 2131 260 2165 τῷ
290 2129 482 2167 μετακλητικῷ
511 2133 689 2170 σημειώματε
707 2136 757 2170 τὴν
772 2135 859 2164 αῒτίαν
875 2137 930 2173 ἆξὲ-

109 2183 185 2220 φηνε,
214 2174 365 2220 ζητοῦν-τήν
379 2173 523 2213 διόρθωσιν
549 2176 589 2216 ἐφ’
612 2179 652 2210 οἷς
680 2180 931 2220 ἀγανακτικώτερος

109 2217 226 2255 γέγονεν.
242 2219 276 2246 Οἱ
303 2216 331 2246 δὲ
359 2220 556 2258 ψηφισάμενοι,
587 2225 857 2262 παραγκωνισάμενοι
882 2216 928 2254 τὸν

108 2263 203 2290 τούτου
231 2262 379 2301 ἀπόλογον,
407 2265 457 2300 τὴν
487 2267 578 2304 ψῆφον
593 2268 661 2295 κατᾶ
678 2269 709 2296 τὸ
738 2268 814 2306 δόξαν
838 2271 930 2303 αὐτοῖς

988 293 1095 321 missos
1110 293 1143 320 ad
1161 302 1209 321 eas
1231 293 1320 321 fuisse
1336 293 1463 329 Cyzizeni
1481 292 1613 326 cellutas,
1644 293 1672 319 in
1702 292 1810 328 quibus

987 338 1264 372 commorabantur;
1282 338 1331 364 ubi
1359 340 1387 365 et
1414 337 1616 372 patriarcbalis
1632 337 1764 364 notarius
1779 337 1809 364 in

987 381 1128 410 electione
1144 383 1272 410 secunda
1287 391 1415 418 presens
1431 383 1528 416 fuerit,
1558 382 1598 408 uti
1614 381 1724 409 dictum
1742 383 1787 409 est
1801 390 1807 409 :

987 428 1075 461 atque
1091 426 1143 454 hos
1159 435 1210 462 pro
1227 435 1305 454 more
1320 426 1492 462 Cyzizenum
1522 427 1558 454 ad
1574 426 1731 454 electiones
1759 434 1810 462 per

986 471 1066 506 ipsos
1082 471 1279 499 conﬁciendas
1305 471 1502 499 arcessivisse.
1518 472 1650 507 Cumque
1665 470 1811 498 redissent

985 515 1033 543 isti
1050 515 1178 551 primum
1197 516 1232 543 ad
1258 515 1479 543 sanctissimum
1496 515 1646 543 dominum
1667 523 1764 543 meum
1781 517 1810 543 et

987 559 1179 588 universalem
1196 559 1402 596 patriarcham,
1420 559 1523 588 deinde
1540 556 1580 587 ad
1596 560 1676 595 ipsos
1692 568 1808 596 quoque

986 603 1104 639 dixisse,
1122 614 1178 632 non
1196 605 1341 633 invenisse
1353 612 1383 632 se
1394 604 1543 632 hominem
1560 604 1588 631 in
1604 604 1717 632 cellulis
1732 605 1806 639 suis,

985 653 1164 681 intellexisse
1180 662 1256 689 vero,
1273 654 1302 680 in
1322 654 1448 689 quodam
1465 661 1532 680 eum
1558 653 1727 680 suburbano
1757 653 1809 680 de—

985 705 1060 733 gere.
1077 698 1131 725 Sed
1149 697 1242 726 adilla
1259 706 1376 734 quoque
1392 697 1506 724 fortiter
1521 705 1584 724 sese
1599 697 1810 724 comministris

984 742 1047 770 suis
1063 742 1219 778 Cyzizenus
1235 743 1384 778 opposuit,
1401 750 1468 769 cum
1497 741 1533 769 ad
1561 740 1721 768 lconiensis
1746 749 1810 768 ora.

984 787 1092 815 tionem
1109 788 1257 822 adiiceret,
1275 788 1299 814 si
1316 787 1442 814 maxime
1459 786 1526 822 quis
1551 785 1731 818 concederet,
1748 793 1809 812 rem

984 832 1024 859 ita
1038 834 1241 867 gestamesse;
1260 840 1412 867 nunquam
1429 834 1527 858 tamen
1544 829 1810 866 ejusmodicitatio-

985 884 1052 904 nem
1070 875 1221 904 electionis
1250 884 1340 904 causa
1366 876 1459 904 obiter
1487 876 1523 903 ad
1552 874 1811 910 metropolitanum

984 927 1048 948 esse
1063 920 1169 948 factam
1185 929 1201 949 a
1216 922 1361 948 confratre
1377 929 1383 947 :
1401 920 1452 947 sed
1468 920 1504 947 ab
1520 919 1579 946 illis
1595 919 1646 954 qui
1661 927 1713 954 pro
1729 926 1811 946 more

985 965 1145 992 mittuntur
1159 965 1330 993 arcessitum
1347 965 1382 992 ad
1398 964 1582 999 electionem,
1599 963 1752 999 designato
1766 963 1809 990 fa-

985 1009 1036 1037 tali
1060 1009 1210 1037 electionis
1240 1010 1297 1044 die,
1326 1009 1490 1045 legatisque
1517 1007 1773 1036 denuntiatoribus
1789 1016 1806 1035 a

985 1054 1168 1082 Cbartulario
1182 1063 1189 1088 ;
1205 1056 1294 1089 atque
1307 1054 1347 1082 ita
1361 1054 1458 1081 citatis
1471 1053 1550 1081 velin
1560 1060 1685 1088 persona
1693 1052 1811 1088 propria

984 1098 1230 1135 comparentibus,
1247 1098 1289 1126 vel
1305 1106 1357 1134 per
1369 1098 1481 1125 litteras
1501 1097 1674 1124 electionem
1703 1105 1810 1132 appro-

985 1144 1135 1179 bantibus,
1151 1145 1202 1171 aut
1216 1142 1435 1178 rejicientibus:
1453 1149 1579 1178 quorum
1608 1141 1728 1177 quidem
1741 1149 1810 1168 sen-

985 1189 1076 1216 tentia
1100 1188 1208 1224 scripto
1236 1187 1457 1222 comprehensa,
1482 1186 1524 1214 sic
1539 1185 1663 1222 exprimi
1687 1194 1738 1221 per
1751 1185 1809 1213 ele-

985 1232 1090 1261 ctionis
1105 1233 1254 1260 decretum
1271 1231 1384 1265 debeat,
1398 1233 1430 1259 ut
1444 1231 1532 1259 etiam
1549 1231 1684 1258 absentes
1701 1238 1752 1266 per
1762 1229 1808 1257 lit-

984 1279 1062 1305 teras
1090 1277 1222 1304 adfuisse
1246 1277 1409 1304 videantur.
1441 1275 1682 1310 Quandoquidem
1707 1274 1806 1311 igitur,

983 1322 1088 1357 inquit,
1105 1322 1150 1349 die
1165 1321 1298 1358 proximo
1315 1323 1381 1349 ante
1404 1319 1521 1348 fatalem
1551 1319 1701 1348 electionis
1717 1319 1807 1353 diem,

985 1367 1235 1403 quemadmodum
1251 1365 1412 1394 lconiensis
1429 1368 1540 1400 narrat,
1555 1364 1590 1392 ad
1617 1365 1720 1392 urbem
1740 1364 1782 1392 fui
1799 1373 1806 1392 :

985 1415 1179 1451 similiterque
1189 1415 1355 1443 subsecutis
1371 1414 1542 1442 electionem
1554 1413 1667 1448 diebus,
1679 1420 1807 1448 quonam

984 1463 1067 1497 pacto
1082 1461 1154 1488 ﬁdes
1171 1460 1229 1488 illis
1239 1459 1417 1493 adhibenda,
1447 1459 1498 1495 qui
1526 1458 1639 1491 dicunt,
1656 1457 1808 1485 electionis

983 1507 1113 1541 tempore
1125 1513 1171 1532 me
1187 1506 1221 1532 ad
1238 1505 1340 1532 urbem
1356 1512 1413 1531 non
1428 1503 1519 1531 fuisse
1532 1502 1546 1530 ?
1574 1501 1665 1529 Simul
1690 1502 1806 1538 petebat

984 1549 1134 1577 electionis
1167 1557 1283 1585 quoque
1308 1549 1457 1576 decretum
1485 1547 1619 1583 proferri,
1653 1549 1682 1574 et
1709 1545 1807 1582 perlu-

985 1593 1083 1626 strari,
1099 1602 1135 1621 an
1150 1593 1352 1621 invenirentur
1366 1593 1459 1620 eidem
1473 1592 1626 1627 inscripta,
1643 1599 1708 1626 qua:
1723 1599 1740 1618 a
1755 1591 1810 1618 fra-

982 1638 1077 1666 tribus
1093 1638 1155 1666 suis
1171 1636 1553 1674 praatexerenlurPrteterea
1567 1636 1592 1664 si
1607 1635 1808 1671 solus,inquit,

983 1687 1175 1715 electionibus
1189 1687 1252 1723 ipse
1268 1695 1324 1714 non
1343 1686 1535 1720 interfuisset,
1548 1684 1681 1713 fortassis
1697 1685 1809 1713 ratione

984 1734 1197 1766 non-carerent,
1214 1740 1277 1767 quas
1296 1731 1504 1767 proferrentur.
1518 1731 1573 1758 Sed
1585 1738 1652 1758 cum
1669 1729 1717 1757 alii
1735 1738 1807 1764 quo-

984 1785 1038 1813 que
1054 1776 1270 1813 metropolitani
1287 1785 1386 1804 secum
1415 1776 1452 1803 ab
1472 1775 1621 1809 electione,
1652 1782 1711 1810 qua
1741 1782 1808 1810 pro-

985 1824 1117 1858 spectum
1129 1821 1168 1849 sit
1180 1820 1321 1856 ecclesiis,
1338 1820 1496 1854 abfuerint,
1516 1828 1549 1847 ac
1564 1827 1599 1846 ne
1612 1819 1668 1854 ipsi
1686 1819 1807 1854 quidem

986 1866 1118 1894 arcessiti
1135 1865 1354 1901 fuerint,palam
1369 1873 1479 1901 parere,
1497 1863 1613 1891 veritati
1624 1863 1807 1891 adversarios

986 1911 1136 1947 refragari.
1152 1911 1192 1938 Ad
1209 1910 1396 1938 instrumenti
1411 1917 1482 1937 sane
1498 1910 1594 1944 verba,
1612 1916 1714 1936 rursus
1729 1908 1807 1935 indi-

985 1957 1050 1984 cata
1075 1955 1210 1991 superius
1229 1955 1258 1982 in
1287 1955 1416 1982 medium
1440 1953 1595 1981 atferebut:
1617 1953 1694 1989 quod
1719 1952 1808 1980 nimi-

986 2009 1051 2028 rum
1067 2000 1140 2036 ipse,
1155 2000 1203 2035 qui
1221 1999 1310 2028 nollet
1337 1999 1514 2027 indomitum
1535 1997 1606 2026 illud
1622 1996 1808 2032 scandalum,

986 2045 1063 2081 quod
1081 2045 1212 2072 animum
1228 2046 1292 2080 ejus
1307 2044 1421 2077 urebat,
1438 2043 1595 2076 occultare,
1608 2042 1696 2070 etiam
1720 2041 1749 2068 in
1767 2041 1808 2068 ci-

985 2090 1106 2118 tationis
1130 2089 1327 2117 instrumento
1356 2096 1476 2116 causam
1501 2087 1596 2123 ipsam
1619 2085 1807 2122 expresserit,

984 2142 1085 2163 eorum
1097 2133 1305 2162 correctionem
1322 2132 1485 2169 postylans,
1499 2140 1563 2168 qua;
1573 2132 1670 2166 ipsum
1687 2130 1722 2158 ad
1734 2130 1810 2157 indi-

984 2180 1152 2217 gnationem
1180 2179 1417 2206 summovissent.
1435 2176 1502 2204 lllos
1531 2178 1630 2204 autem
1655 2174 1808 2203 electionis

985 2227 1128 2257 auctores,
1150 2224 1204 2251 hoc
1232 2223 1295 2259 ejus
1324 2230 1463 2258 responso
1493 2223 1601 2257 spreto,
1617 2227 1670 2256 pro
1687 2218 1807 2246 arbitrio

985 2278 1038 2298 suo
1051 2269 1173 2297 liberum
1189 2268 1359 2296 electionem
1380 2266 1553 2294 instituisse.
1569 2264 1736 2293 Secundum
1748 2263 1808 2291 hac

109 2306 258 2344 αὐτόνομον
284 2309 477 2344 πεποιήκασιν.
507 2311 565 2338 Ἐπὶ
595 2312 702 2345 τούτοις
729 2315 822 2353 παρὼν
847 2316 892 2343 καὶ
915 2317 929 2344 ὁ

986 2314 1087 2351 primae
1102 2313 1181 2341 sedis
1195 2313 1351 2349 episcopus
1376 2310 1573 2345 Caesariensis,
1601 2309 1649 2346 qui
1678 2316 1808 2344 praesens

109 2351 301 2398 πρωτόθρονος
328 2354 488 2391 Καισαρείας
514 2355 640 2394 ἀνέκραξε
666 2358 710 2385 καὶ
738 2351 817 2391 αὖτὸς
842 2360 928 2398 λέγων

111 2396 147 2443 ὥς
161 2394 223 2443 οὐδέ
239 2395 326 2443 οὗτος,
342 2398 386 2436 ἀφ’
408 2398 439 2443 οὗ
460 2403 556 2438 καιροῦ
580 2403 805 2440 κεχειροτόνηται
832 2394 930 2443 ἀρχξιε-

112 2439 183 2488 ρεὺςῖ
197 2441 236 2472 εἰς
247 2442 339 2488 ψῆφον
361 2441 482 2470 ἀνελθεῖν
500 2439 665 2483 μετεκλήὸης
681 2448 727 2475 καὶ
751 2451 835 2477 ταῦτα
846 2439 928 2488 τριῶν

111 2483 279 2518 Ἐκκλησιῶν
306 2487 503 2530 ψηφισθεισῶν,
527 2490 697 2529 Δυῤῥαχίον,
726 2483 868 2530 Μιλήτου.
884 2495 929 2523 καὶ

112 2529 393 2577 Φριστιανουττόλεως.
428 2532 507 2577 ’ῥλγ
534 2534 595 2562 οὐδὲ
619 2537 669 2572 τήν
697 2529 816 2577 σήμερον
846 2539 927 2576 ἐδόθη

109 2574 195 2611 τούτῳ
219 2575 293 2612 παρά
317 2585 390 2607 τινος
420 2575 523 2612 εἷ’δησις
551 2583 601 2614 τῆς
624 2582 693 2617 πρὸς
715 2574 775 2617 τῆν’
791 2574 928 2621 βασιλείας

112 2634 159 2660 μου
175 2625 228 2651 τῶν
248 2624 461 2662 μητροπολιτῶν
476 2626 654 2661 συνελεύσεως
679 2631 759 2663 αὐτὸς
787 2631 825 2666 δὲ,
854 2633 929 2661 οἷ’κο-

111 2668 294 2714 θενῗκιιηθεὶς,
310 2669 469 2714 συνεισῆλθε
481 2673 539 2702 τοῖς
560 2671 670 2706 λοιποῖς
690 2675 860 2714 ἀρχιερεῦσιν
891 2677 930 2710 εἷς

110 2713 137 2740 τὸ
152 2713 228 2750 βῆμα
241 2717 291 2748 τῆς
309 2713 448 2751 βασιλείας
465 2725 528 2752 μου.
556 2718 604 2745 Καὶ
627 2719 641 2746 ὁ
657 2719 792 2752 Λευκάδος
809 2720 838 2749 δέ
867 2732 928 2750 συν-

112 2755 165 2806 (ped
250 2759 408 2806 Καισαρείας
426 2759 592 2806 Δὶφθέγγετο,
617 2763 788 2803 καρδιολγῶν
818 2765 860 2806 ἐφ’
889 2768 930 2800 οἷς

112 2802 168 2850 οὖκμ
184 2803 289 2850 ἡξκωτλο
316 2802 399 2831 λόνου
423 2803 468 2850 ἰπὶ
492 2809 552 2838 ταῖς
581 2809 684 2848 ψήφοις
710 2802 764 2838 τῶν
795 2802 927 2850 ρηθεισῶν

111 2849 189 2886 τριῶν
207 2846 387 2884 Ἐκκλησιῶν.
416 2848 453 2878 Οὗ
481 2851 574 2890 χάριν,
597 2846 634 2886 ὡς
657 2854 696 2892 μή
717 2846 848 2894 ἁνελόὼν,
866 2856 928 2886 οὐδὲ

985 2360 1097 2393 aderat,
1110 2357 1283 2386 exclamavit
1298 2359 1326 2384 et
1341 2357 1414 2392 ipse,
1431 2357 1531 2384 dicens
1545 2363 1551 2382 :
1568 2363 1602 2382 ex
1629 2362 1662 2382 eo
1677 2355 1808 2389 tempore

985 2412 1042 2440 quo
1059 2403 1187 2440 pontifex
1201 2402 1354 2430 ordinatus
1370 2402 1458 2435 esset,
1481 2408 1534 2428 nec
1549 2408 1581 2428 se
1602 2399 1694 2427 fuisse
1709 2397 1808 2434 appel-

985 2449 1090 2482 latum,
1108 2450 1141 2475 ut
1165 2448 1201 2475 ad
1217 2446 1388 2475 electionem
1408 2446 1519 2473 veniret
1547 2444 1635 2480 idque
1658 2442 1741 2470 factis
1762 2450 1808 2470 ec-

984 2493 1140 2521 clesiarum
1155 2491 1243 2519 trium
1259 2489 1450 2518 electionibus
1464 2487 1809 2524 Dyrrhachin$,Milesi;e,

985 2541 1298 2578 Christianopolitanas.
1314 2540 1375 2568 [mo
1391 2548 1443 2567 nec
1458 2539 1545 2567 hodie
1561 2546 1618 2566 uno
1635 2537 1681 2565 die
1696 2536 1810 2572 signiﬁ-

984 2591 1083 2617 catum
1096 2587 1152 2615 sibi
1168 2586 1259 2614 fuisse
1269 2594 1286 2613 a
1300 2593 1449 2621 quoquam
1465 2584 1501 2612 de
1515 2582 1809 2618 metropolitanorum

985 2633 1020 2661 ad
1037 2633 1219 2668 majestatem
1236 2638 1330 2657 meam
1348 2632 1491 2657 conventu
1506 2637 1512 2655 ι
1525 2628 1575 2656 sed
1594 2629 1697 2663 suapte
1706 2628 1810 2662 sponte

984 2680 1110 2711 motum,
1126 2684 1193 2704 cum
1210 2674 1332 2710 reliquis
1346 2673 1533 2710 pontificibus
1555 2671 1720 2707 majestatis
1736 2676 1808 2697 mea)

983 2721 1112 2752 tribunal
1124 2720 1242 2749 adiisse.
1258 2719 1442 2747 Casarieusis
1470 2717 1592 2746 orationi
1609 2716 1809 2744 consentanea

983 2767 1148 2805 proferebat
1162 2767 1191 2793 et
1205 2763 1347 2792 Leucadis
1362 2757 1806 2805 episcopus,quiritansinultam

984 2804 1030 2842 sui
1058 2811 1202 2840 rationem
1231 2808 1363 2837 habitam
1391 2809 1421 2836 in
1446 2806 1638 2837 electionibus
1662 2804 1808 2832 dictarum

983 2858 1073 2888 trium
1085 2854 1286 2886 ecclesiarum.
1300 2853 1425 2890 Ideoque
1440 2862 1482 2889 se,
1494 2853 1545 2889 qui
1560 2859 1619 2880 non
1635 2847 1808 2879 accessisset
