2021 3176
191 185 250 215 44⁵1

846 181 972 213 ISAACl
997 181 1142 212 ANGELI
1165 181 1248 212 IMP.

1853 182 1917 212 418

194 258 246 278 nec
261 252 327 278 vota
342 257 395 278 sua
410 249 599 285 conjunxisse
614 256 681 276 cum
708 256 809 276 earum
838 247 1013 276 electionum

1084 249 1219 284 ιμνψηφος
1245 245 1340 285 γέγονε
1365 248 1426 278 τοῖς
1454 246 1654 285 ψηφισαμένοις
1683 247 1790 278 αὐτάς.
1818 248 1914 276 Ἀλλ-ὲ

193 294 373 322 auctoribus.
390 294 445 322 Sed
461 296 490 321 et
505 294 594 322 Cariae
611 293 739 329 pontifex
766 293 917 329 ingressus
931 292 1014 326 dixit,

193 347 225 367 se
239 339 404 374 congressis
428 338 571 374 episcopis
587 339 622 365 ad
640 338 836 365 instituendas
861 337 1017 365 electiones

194 392 246 420 pro
261 383 388 411 viduatis
404 383 601 410 sanctissimis
617 382 760 416 ecclesiis,
776 382 1015 418 quandoquidem

195 427 352 456 nonnullos
368 427 552 463 pontificum,
568 427 615 462 qui
630 427 665 454 ad
682 428 783 455 urbem
799 425 1017 462 imperatoriam

195 475 288 504 erant,
311 474 467 508 praesentes
484 481 540 499 non
566 474 706 505 cerneret,
723 471 928 507 interrogasse,
946 478 1017 498 num

196 524 296 543 eorum
312 516 464 543 sententias
480 516 668 543 haberentur.
682 516 867 551 Responsum
883 523 949 543 vero
960 515 1017 543 sibi

196 560 298 592 luisse,
314 560 488 596 Cyzicenum
511 568 527 587 a
542 560 658 588 Narsita
673 560 806 593 citatum,
824 562 855 587 ut
869 559 1018 587 electioni-

197 604 253 632 bus
269 604 647 640 suscipiendisinteresset,
673 604 803 632 dixisse:
833 604 920 632 etiam
944 604 1019 632 alias

198 649 316 677 absente
332 658 363 677 se
377 649 549 684 hujusmodi
564 649 721 677 electiones
737 649 827 677 fuisse
843 650 944 677 factas.
961 651 1019 677 Ne-

198 702 253 729 que
270 695 335 722 novi
351 694 514 730 quidquam
530 694 673 727 futurum,
689 694 714 722 si
731 703 834 722 rursus
855 694 932 721 idem
949 702 1020 721 con-

197 738 288 766 ﬁeret.
304 739 372 770 Quae
387 738 474 766 verba
489 746 557 766 cum
574 738 703 766 indicare
729 738 869 774 quiddam
895 747 953 766 non
969 738 1019 766 bo-

197 791 268 811 num
285 783 470 819 perspiceret,
488 783 596 811 dixisse
612 792 642 812 se
659 783 720 811 ﬁeri
737 783 817 811 nullo
834 783 920 810 modo
935 790 1022 818 posse

198 830 231 855 ut
246 827 388 855 hodierno
404 827 449 855 die
461 827 617 856 electiones
632 828 696 855 istae
724 827 929 863 procederent:
947 835 1019 863 prae-

199 872 311 905 sertim,
327 872 403 907 quod
420 871 468 899 alii
484 881 599 908 quoque
617 873 721 900 fratres
736 873 875 900 abessent
890 879 1020 907 peregre,

197 916 333 944 videlicet
348 917 448 952 primas
464 917 542 944 sedis
558 917 691 952 antistes,
721 916 978 950 Chalcedonensis,
994 918 1022 943 et

198 961 389 990 Leucadicus.
406 961 528 990 Secutos
543 970 659 998 quoque
672 962 848 990 sententiam
860 969 944 989 suam
962 968 1019 988 me-

196 1006 390 1042 tropolitanos
397 1007 1019 1043 quosdam.Methymnammﬁazianzenum,

199 1050 406 1084 Paronaxium,
423 1054 450 1078 et
465 1050 548 1079 alios.
559 1051 666 1079 Verum
679 1051 875 1088 prevaluisse,
901 1051 949 1086 qui
967 1050 1020 1078 ali-

200 1097 245 1123 ter
259 1097 421 1129 censerent,
431 1098 460 1123 et
473 1095 630 1124 electiones
644 1096 796 1124 institutas
812 1096 912 1123 fuisse.
929 1096 1021 1128 Quam

200 1140 288 1168 Cariae
304 1139 450 1176 pontiﬁcis
461 1141 622 1168 orationem
630 1149 682 1169 ceu
698 1149 795 1168 veram
810 1140 1022 1176 amplecteban-

198 1187 258 1217 tur.
272 1185 321 1221 qui
339 1185 695 1222 aderant,Methymnmus,
706 1186 917 1220 Nazianzenus,
934 1187 1022 1212 Paro-

201 1229 316 1258 naxius.
335 1230 391 1258 Hoc
415 1230 501 1258 modo
518 1233 615 1266 partes
630 1231 700 1266 ipsa:
715 1230 798 1266 quasi
827 1238 933 1258 manus
947 1230 1024 1257 inter

201 1283 233 1303 se
247 1276 443 1309 conserentes,
459 1275 515 1302 sibi
531 1275 773 1303 adversabantur.

236 1319 263 1346 3.
274 1318 469 1350 Quamobrem
486 1320 625 1355 majestas
642 1328 707 1348 mea
719 1320 810 1356 perite
825 1319 958 1347 animum
975 1319 1024 1346 ad-

200 1366 317 1392 vertens
328 1365 364 1392 iis
379 1372 443 1399 quas
462 1364 586 1392 fuissent
601 1373 618 1392 a
634 1365 768 1401 partibus
796 1364 956 1400 proposita,
973 1372 1025 1391 nec

201 1409 281 1445 leges
296 1408 509 1437 ecclesiasticas
525 1411 553 1437 et
568 1409 745 1445 apostolicas
771 1412 857 1445 atque
872 1408 1026 1445 synodicae

201 1453 386 1488 traditiones,
407 1462 566 1489 sacrosque
586 1462 713 1482 canones
735 1462 835 1482 earum
861 1453 963 1481 violari
977 1461 1025 1482 vo-

203 1497 277 1532 lens,
291 1507 357 1526 cum
382 1498 471 1525 etiam
499 1498 749 1534 deprehendisset,
766 1499 950 1526 adversarios
971 1498 1026 1534 Cy-

203 1542 306 1576 ziceni,
323 1543 483 1571 confratres
498 1545 526 1570 et
542 1543 760 1571 comministres
775 1543 937 1578 ejus,nihil,
949 1543 1025 1578 quod

203 1587 292 1615 robur
303 1587 432 1623 haberet,
449 1587 602 1624 allegasse,
620 1588 669 1616 sed
687 1590 789 1624 praeter
803 1588 914 1616 sancita
927 1595 1027 1623 supra-

206 1631 293 1659 dictis
304 1631 394 1660 sacris
408 1617 572 1660 «renonibus
589 1617 616 1660 et
643 1617 808 1668 antiquitus
833 1634 952 1668 accepta
965 1617 1026 1660 llda—
1041 1617 1064 1651 C

205 1684 269 1711 gnas
284 1676 411 1705 ecclesiis
426 1678 640 1706 consuetudine
664 1678 692 1704 in
718 1677 922 1712 electionibus,
952 1677 1028 1704 indi-

206 1723 337 1748 catarum
353 1721 554 1755 ecclesiarum,
575 1721 846 1757 Claudiopolitante,
862 1721 1028 1749 Maronien-

207 1765 259 1794 eis.
275 1765 493 1802 Dyrrhachium,
510 1765 639 1799 Milesiae,
669 1769 697 1793 et
724 1765 1028 1801 Christianopolitanre

207 1809 362 1837 electiones
378 1809 556 1845 processisse
571 1818 578 1837 :
594 1809 725 1846 vestigiis
740 1810 870 1846 ipsorum
883 1816 1028 1836 canonum

209 1853 350 1881 insistens
367 1854 472 1881 statuit
487 1856 575 1889 atque
591 1854 800 1889 pronuntiavit,
816 1854 949 1882 eamdem
963 1860 1028 1889 pro-

210 1897 413 1933 mulgantibus
441 1907 507 1926 cum
524 1900 677 1934 majestate
693 1907 757 1927 mea
771 1898 946 1926 sententiam
963 1905 1030 1925 san-

210 1942 350 1970 ctissimis
357 1944 779 1980 quoquepatriarchis,nullam
796 1943 852 1970 vim
865 1942 1031 1970 antistitum

211 1986 254 2014 sic
270 1985 440 2022 electorum,
465 1995 517 2016 ceu
547 1988 657 2016 dictum
677 1990 732 2022 est,
760 1986 974 2014 ordinationem
1004 1986 1033 2012 et

212 2031 369 2061 electiones
383 2033 532 2062 obtinere:
555 2035 604 2062 sed
622 2042 672 2069 pro
688 2041 746 2060 non
763 2031 847 2059 factis
871 2031 1032 2066 habendas,

213 2077 307 2113 deque
322 2077 588 2107 factaordinatione
604 2076 901 2112 Maroneaepontiﬁcis
908 2075 1032 2104 ordinati

214 2124 405 2158 censendum,
417 2125 494 2152 sicut
505 2123 684 2152 ineertusille
693 2131 783 2158 supra
793 2131 840 2150 xix
848 2122 1034 2150 Antiochense

215 2168 318 2204 synodi
334 2176 426 2196 canon
443 2168 542 2202 tradit,
560 2167 620 2194 haec
636 2167 745 2194 diserte
768 2167 919 2203 proterens
933 2174 940 2193 :
959 2178 973 2191 ι(
984 2166 1034 2194 Sin

215 2211 300 2240 aliter
313 2220 372 2246 res,
387 2215 492 2249 prater
505 2212 565 2240 haec
581 2211 667 2239 modo
683 2211 813 2244 deﬁnita,
825 2213 952 2248 geratur,
968 2210 1036 2238 nul-

214 2256 277 2286 lum
292 2257 437 2285 ordinatio
453 2257 542 2285 robur
556 2256 662 2284 habeat
676 2264 683 2284 :
704 2267 718 2281 »
735 2256 786 2284 sed
802 2255 865 2284 alia:
882 2255 955 2283 ﬁant
983 2254 1038 2282 ele-

1069 291 1114 318 καῖ
1131 291 1145 318 ὃ
1162 291 1261 328 Καρίας
1286 290 1415 323 εἷσελθὼν
1438 291 1509 318 εἶπεν
1533 291 1580 326 ὡς,
1601 290 1789 319 συνελθόντων
1815 292 1913 319 αὐτῶν

1071 335 1114 363 ἐπὶ
1131 338 1171 372 τῷ
1198 337 1363 372 ποιήσασθαι
1391 337 1500 373 ψήφους
1517 338 1569 363 τῶν
1599 339 1781 374 χηρευουσῶν
1820 337 1913 374 ἁγιω-

1069 380 1157 408 τάτων
1187 380 1366 416 Ἐκκλησιῶν,
1407 379 1464 407 ἐπεί
1503 390 1576 412 τινας
1613 382 1667 407 τῶν
1699 379 1904 418 ἐπιδημούντων

1071 425 1221 462 ἀρχιερὲων
1247 427 1281 462 τῇ
1310 424 1490 463 βασιλευούσῃ
1515 425 1565 452 οὐκ
1579 423 1632 452 εἶδε
1652 426 1910 463 παρουσιάζοντας,

1071 468 1154 505 ἤρετο
1178 469 1200 497 ιί
1225 472 1332 507 γνῶμαι
1355 470 1458 497 τούτων
1473 469 1553 503 εἰσὶν,
1581 468 1683 504 ἤκουσε
1699 469 1728 498 ὁὶ
1755 471 1794 502 ὡς
1823 472 1837 498 ὁ
1859 472 1915 498 Κυ-

1073 513 1159 549 ζίκου,
1184 514 1256 552 παρὰ
1283 516 1332 542 τοῦ
1357 514 1491 552 Ναρσίτου
1514 512 1691 551 διαμηνυθεὶς
1720 515 1916 552 παρουσιὰςαι

1073 558 1116 586 ἐπὶ
1145 561 1203 590 ταῖς
1234 558 1400 596 μελλούσαις
1429 556 1566 597 προϐῆναι
1596 560 1718 598 ψήφοις,
1743 558 1829 599 ἔφησε
1862 560 1914 587 καὶ

1073 602 1174 631 ἄλλοτε
1188 605 1222 641 τῇ
1238 604 1321 631 αὐτοῦ
1334 603 1450 640 ἀπουσίᾳ
1477 603 1603 635 τοιαύτας
1629 605 1737 644 ψήφους
1765 604 1909 643 γενεσθαι,

1074 648 1104 676 οὐ
1121 649 1211 676 καινὸν
1229 647 1258 676 δὲ
1272 648 1317 676 καὶ
1347 647 1423 680 αὖθις
1449 651 1529 676 τοῦτο
1545 649 1712 687 πραχθῆναι.
1730 650 1788 677 Οὐκ
1800 649 1913 687 ἀγαθὴν

1074 693 1119 720 οὗν
1137 691 1251 732 ἔμφασιν
1280 692 1359 724 αὐτὸς
1386 693 1524 720 κὰτανοῶν
1541 692 1614 731 ἔχειν
1626 695 1708 720 ταῦτα
1723 693 1756 720 τὰ
1780 693 1912 731 ῥήματα,

1073 739 1127 764 τῶν
1155 736 1291 764 ἀδυνάτων
1330 737 1402 765 εἶπεν
1440 737 1506 765 εἶναι
1545 735 1681 776 προϐῆναι
1713 739 1824 777 ψήφους
1854 739 1912 773 τήν

1075 783 1206 819 σήμερον·
1235 781 1279 809 καὶ
1310 781 1428 818 μάλιστα
1457 783 1499 810 ὅτι
1526 782 1571 810 καὶ
1592 781 1680 820 ἕτεροι
1706 785 1762 810 τῶν
1775 781 1912 822 ἀδελφῶν

1076 824 1276 862 ἀποδημοῦσιν,
1293 825 1375 865 ἤγουν
1392 827 1407 854 ’ὀ
1434 837 1464 854 τε
1490 826 1690 864 πρωτόθρονος,
1719 828 1732 854 ὁ
1758 825 1910 862 Χαλκηδό-

1074 881 1132 905 νος,
1160 871 1206 898 καὶ
1230 872 1244 898 ὁ
1268 870 1412 902 Λευκάδος.
1436 870 1622 903 Ἢκολούθουν
1639 870 1668 899 δὶ
1683 871 1756 908 αὐτῷ
1770 871 1816 899 καί
1832 882 1909 902 τινες

1074 918 1128 943 τῶν
1161 915 1384 954 μητροπολιτων,
1413 916 1428 944 ’ὀ
1442 927 1472 944 τε
1488 916 1653 953 Μηθύμνης,
1672 917 1686 944 ὁ
1708 917 1877 951 Ναζιανζοῦ,
1894 917 1908 944 ὁ

1075 960 1252 997 Παροναξίας,
1280 960 1324 988 καὶ
1352 959 1450 999 ἕτεροι.
1480 960 1559 989 Ἀλλ’
1588 960 1782 1000 ὁπερίσχυσαν,
1809 961 1907 1000 φησὶν,

1075 1006 1101 1032 ot
1117 1003 1211 1036 ἄλλως
1232 1004 1356 1044 λέγοντες
1384 1005 1427 1033 καὶ
1455 1006 1489 1033 τὰ
1516 1008 1571 1034 τῶν
1598 1007 1697 1045 ψήφων
1726 1003 1906 1044 προέϐιινον.

1076 1049 1130 1081 Οῧς
1145 1049 1242 1088 λόγους
1257 1052 1306 1078 τοῖν
1322 1050 1419 1088 Καρίας
1443 1050 1590 1086 ᾠκειοῦντο
1605 1051 1643 1082 ὡς
1658 1050 1773 1086 ἀληθεῖς
1801 1050 1904 1087 παρόν-

1075 1104 1120 1125 τες
1150 1095 1164 1121 ὁ
1190 1094 1354 1132 Μηθύμνης,
1383 1095 1397 1122 ὁ
1423 1097 1572 1130 Ναζιανζοῦ
1598 1095 1643 1122 καὶ
1674 1096 1688 1122 ὁ
1721 1094 1905 1134 Παροναξίας.

1076 1139 1160 1167 Ἦσαν
1177 1139 1223 1166 οὗν
1239 1139 1272 1166 τὰ
1289 1139 1358 1177 μέρη
1372 1139 1398 1167 ἐν
1413 1140 1520 1171 τούτοις
1537 1139 1790 1177 ἀντιπαλαμώμενά
1805 1150 1837 1168 τε
1859 1138 1908 1167 α).-

1078 1182 1176 1218 λήλοις
1192 1183 1237 1211 καὶ
1257 1183 1458 1221 ἐναντιούμενα.

1115 1318 1150 1346 l".
1173 1318 1204 1345 Ἣ
1231 1319 1296 1355 γοῦν
1328 1316 1451 1355 βασιλεία
1481 1328 1534 1354 μου
1563 1316 1811 1357 ἐπιστατικώτερον
1840 1329 1909 1355 προ-

1080 1363 1184 1399 σχοῦσα
1207 1363 1266 1393 τοῖς
1294 1361 1367 1398 παρὰ
1393 1363 1448 1389 τῶν
1474 1364 1564 1399 μερῶν
1589 1365 1754 1399 προτεθεῖσι,
1783 1363 1829 1390 καὶ
1869 1363 1906 1399 μὴ

1081 1405 1196 1437 θέλουσα
1238 1405 1455 1443 παραθραύεσθαι
1495 1406 1540 1433 καὶ
1570 1406 1634 1438 τοὺς
1663 1406 1906 1441 ἐκκλησιαστικοὺς

1081 1450 1198 1487 θεσμοὺς
1226 1451 1270 1477 καὶ
1298 1451 1346 1481 τὰς
1375 1450 1558 1482 ἀποστολικὰς
1586 1451 1631 1478 καὶ
1658 1450 1802 1483 συνοδικὰς
1826 1462 1912 1490 παρα-

1082 1494 1170 1526 δόσεις
1185 1494 1231 1522 καῖ
1256 1494 1319 1526 τοὺς
1334 1494 1425 1532 ἱεροὺς
1450 1495 1566 1527 κανόνας
1596 1495 1695 1530 αὐτῶν,
1724 1496 1769 1524 καὶ
1793 1496 1912 1524 καταλα-

1082 1537 1166 1567 ϐοῦσα
1194 1537 1277 1575 μηδίν
1309 1550 1335 1567 τι
1364 1538 1513 1576 ἐνδύναμον
1541 1539 1806 1578 δικαιολογήσασθαι
1841 1544 1906 1572 τοὺς

1083 1583 1234 1615 ἀντιδίκους
1259 1586 1299 1619 τῷ
1313 1583 1428 1619 Κυζίκου
1443 1583 1624 1623 συναδιλφοὺς
1653 1585 1751 1612 τούτου
1765 1586 1811 1613 καὶ
1841 1585 1907 1613 συλ-

1082 1628 1277 1666 λειτουργοὺς,
1307 1628 1380 1656 ἀλλὰ
1403 1629 1476 1667 παρὰ
1507 1628 1542 1656 τὰ
1568 1628 1734 1667 διωρισμένα
1758 1633 1818 1661 τοῖς
1848 1628 1908 1657 δια-

1081 1673 1225 1712 ληφθεῖσιν
1251 1673 1336 1710 ἱεροῖς
1360 1673 1453 1701 κανόσι
1469 1673 1566 1710 καὶτῷ
1582 1673 1832 1713 ἆρχαιοπαραδότῳ
1854 1678 1903 1709 τῆς

1082 1716 1210 1756 Μεγάλης
1238 1716 1384 1752 ἰκκλησίας
1410 1715 1463 1745 ἔθει
1492 1717 1536 1746 ἐπὶ
1563 1721 1623 1750 ταῖς
1643 1719 1746 1758 ψήφοις
1769 1717 1903 1757 προϐῆναι

1082 1762 1130 1793 τὰς
1145 1763 1252 1800 ψήφους
1263 1764 1317 1789 τῶν
1331 1761 1464 1800 ῥηθιισῶν
1480 1762 1664 1798 Ἐκκλησιῶν,
1679 1766 1730 1798 τῆς
1753 1762 1904 1792 Κλαυόιου-

1083 1805 1201 1841 πόλεως,
1216 1809 1266 1840 τῆς
1283 1805 1452 1843 Μαρωνείας,
1468 1809 1516 1834 τοῦ
1543 1806 1707 1846 Δυρραχίου,
1733 1811 1785 1843 τῆς
1813 1807 1908 1843 Μιλή-

1083 1861 1131 1878 του
1155 1851 1200 1878 καὶ
1227 1852 1278 1883 τῆς
1303 1849 1589 1889 Χριστιανουπὸλεως,
1613 1851 1774 1883 ἀκολούθως
1802 1851 1907 1883 τούτοις

1086 1894 1184 1933 διέγνω
1221 1895 1266 1923 καὶ
1302 1895 1468 1934 ἀπεφήνατο,
1507 1895 1841 1934 συνδιαγοωμονηοάντων
1875 1899 1906 1933 τῇ

1088 1938 1213 1978 βασιλείᾳ
1229 1950 1281 1976 μου
1295 1940 1340 1967 καὶ
1354 1942 1408 1967 τῶν
1425 1941 1581 1978 ἁγιωτάτων
1605 1943 1796 1980 πατριαρχῶν,
1824 1939 1906 1978 μηδὲν

1088 1984 1193 2022 ίσχὸειν
1219 1985 1268 2020 τὴν
1296 1983 1467 2022 χειροτονίαν
1493 1985 1536 2012 καὶ
1563 1985 1612 2016 τὰς
1636 1986 1744 2025 ψήφους
1771 1988 1827 2013 τῶν
1842 1985 1910 2013 οὕτω

1087 2029 1285 2068 ψηφιςθὲντων,
1314 2030 1352 2060 ὡς
1381 2027 1497 2067 εἴρηται,
1516 2029 1580 2058 ἀλλ’
1607 2030 1645 2062 ὡς
1675 2028 1747 2067 μηδέ
1770 2031 1909 2069 γεγονυίας

1088 2073 1260 2112 λογισθῆναι,
1284 2074 1329 2102 καὶ
1353 2075 1402 2108 τὴν
1424 2077 1562 2112 γεγονυῖας
1587 2075 1760 2114 χειροτονίαν
1787 2078 1837 2103 τοῦ
1856 2085 1912 2113 χιι-

1090 2119 1282 2158 ροτονηθὲντος
1304 2119 1463 2158 Μαρωνείας
1482 2120 1490 2156 (
1511 2120 1531 2156 ),
1561 2120 1651 2152 καθὼς
1670 2120 1684 2148 ὁ
1709 2119 1811 2152 ἄνωθεν
1833 2130 1912 2148 κατα-

1090 2165 1230 2202 στρωθεὶς,
1248 2167 1279 2196 ιθ¹
1292 2167 1342 2198 τῆς
1367 2163 1394 2191 ἐν
1419 2163 1573 2202 Ἀντιοχείᾳ
1596 2163 1709 2192 συνόδου
1733 2162 1910 2202 διαλαμϐάνει

1089 2209 1188 2243 κανὼν,
1212 2208 1300 2246 λέγων
1325 2208 1416 2247 ρητῶς
1445 2208 1553 2236 οὑτωσί·
1575 2221 1589 2235 ιι
1610 2209 1644 2236 Et
1668 2207 1697 2237 δὲ
1720 2207 1815 2240 ἄλλως
1843 2209 1912 2247 παρᾶ

1090 2253 1123 2295 τρι
1139 2252 1302 2292 διωριςμὲνα
1327 2254 1441 2291 γίνοιτο,
1467 2252 1550 2290 μηδὲν
1581 2253 1686 2292 ἰσχύειν
1713 2255 1763 2288 τὴν
1792 2264 1913 2292 χειροτο-

216 2303 327 2330 ctiones
342 2310 392 2338 pro
408 2301 493 2330 dictis
508 2301 649 2335 ecclesiis,
671 2301 699 2328 in
715 2301 824 2336 quibus
839 2299 994 2327 electiones
1010 2307 1024 2326 e

1091 2298 1160 2333 νίαν,
1178 2310 1192 2324 ›)
1218 2297 1281 2325 ἀλλ’
1311 2298 1403 2336 ἑτέρας
1425 2299 1533 2336 ψήφους
1558 2298 1678 2336 γενέσθαι
1703 2298 1747 2326 ἰπὶ
1770 2302 1832 2331 ταῖς
1862 2299 1910 2337 ρη-

217 2346 418 2374 ordinationes
433 2348 536 2381 praeter
551 2353 677 2374 canones
700 2345 916 2380 processerunt,
934 2343 977 2370 uti
993 2342 1037 2370 di-

217 2393 299 2419 ctum
314 2391 377 2419 fuit.
408 2391 603 2424 Quamobrem
627 2390 764 2425 deinceps
793 2391 821 2416 et
836 2388 866 2416 in
888 2389 1038 2424 posterum

219 2436 313 2464 sancit
329 2436 518 2472 imperatoria
531 2436 669 2471 majeslas
685 2436 794 2469 nostra,
820 2434 894 2462 citra
922 2440 1038 2460 recusa-

218 2480 328 2508 tionem
345 2481 508 2512 universos,
530 2480 581 2515 qui
597 2480 632 2507 ad
657 2479 759 2506 urbem
787 2480 865 2512 sunt,
888 2476 1040 2513 pontifices

219 2532 284 2552 esse
299 2525 515 2552 convocandos:
534 2524 583 2560 qui
595 2523 639 2552 vel
655 2531 757 2551 omnes
779 2522 877 2550 adsint
891 2521 1041 2550 electioni-

219 2570 286 2603 bus,
303 2570 326 2597 si
345 2570 405 2597 ﬁeri
423 2571 527 2605 potest,
543 2568 587 2596 vel
613 2577 663 2604 per
686 2567 799 2595 litteras
824 2565 1040 2603 astipulentur;

220 2623 274 2644 nec
286 2615 316 2643 in
328 2615 416 2643 rebus
432 2614 553 2642 minime
569 2613 690 2641 ludicris
706 2620 770 2640 esse
798 2611 973 2645 ludendum,
989 2611 1040 2638 sed

221 2664 302 2690 extra
322 2668 440 2688 omnem
459 2659 595 2687 ail‘ectum
610 2657 676 2686 illos
701 2657 812 2686 caeteris
836 2656 1041 2693 praeferendos,

219 2715 294 2744 quos
310 2707 414 2742 preter
424 2704 587 2733 doctrinam
608 2704 666 2732 vita
695 2711 811 2739 quoque
839 2701 1042 2738 reprehensio-

221 2753 268 2782 nis
282 2760 386 2789 expers
400 2753 502 2779 ornat:
516 2752 567 2778 aut
580 2749 605 2778 si
633 2749 765 2778 doctrina
793 2748 866 2776 forte
888 2746 1043 2782 claudicet,

257 2852 296 2888 (2i
312 2851 419 2880 Deesse
434 2849 545 2887 aliquid
559 2849 686 2879 videtur.

1093 2342 1192 2375 θιίσαις
1207 2341 1394 2378 Ἐκκλησίαις,
1411 2341 1452 2379 ἅτθ’
1477 2343 1519 2374 αῖς
1549 2343 1576 2371 αἱ
1592 2344 1679 2383 ψῆφοι
1694 2343 1739 2372 καὶ
1768 2344 1796 2371 αἱ
1824 2353 1913 2382 χειρο-

1092 2387 1181 2415 τονίαι
1219 2387 1292 2425 παρὰ
1325 2386 1440 2419 κανόνας
1469 2385 1649 2425 προέϐησαν,
1679 2387 1718 2420 ὡς
1747 2387 1911 2424 διείληπται.

1093 2431 1145 2460 Καὶ
1161 2433 1226 2469 γοῦν
1241 2431 1272 2459 τὸ
1303 2431 1355 2458 ἀπὸ
1375 2430 1456 2459 τοῦδε
1479 2431 1525 2459 καὶ
1550 2432 1588 2463 εἷς
1610 2433 1656 2460 τὸν
1677 2433 1739 2468 ἑξῆς
1754 2433 1873 2468 θεσπίζει
1885 2433 1914 2460 τὸ

1093 2476 1191 2514 κράτος
1217 2477 1310 2512 ἡμῶν,
1343 2475 1373 2503 ἐκ
1398 2476 1446 2503 τοῦ
1470 2476 1658 2515 ἀπαραιτητου
1682 2478 1781 2508 πάντας
1805 2477 1868 2509 τοὺς
1889 2476 1913 2505 ἐν

1093 2523 1128 2558 τῇ
1167 2519 1272 2559 μεγάλῃ
1310 2519 1391 2548 πόλει
1426 2520 1565 2559 ἀρχιερεῖς
1602 2525 1806 2560 συγκαλεῖσθαι,
1826 2522 1871 2550 καὶ
1896 2523 1913 2557 ἦ

1095 2568 1217 2604 παρεῖναι
1252 2565 1317 2597 τοὺς
1347 2565 1448 2597 πάντας
1477 2565 1521 2593 ἐπὶ
1545 2566 1666 2600 ταύταις,
1696 2566 1719 2594 εἰ
1751 2566 1871 2602 δυνατὸν,
1897 2566 1914 2602 ἢ

1095 2611 1140 2638 καὶ
1174 2609 1218 2638 διὰ
1251 2609 1420 2648 γραμμάτων
1457 2611 1620 2650 ὁμοψήφους
1648 2611 1780 2649 γίνεσθαι,
1807 2611 1853 2640 καὶ
1879 2612 1914 2648 μή

1095 2655 1212 2690 παίζειν,
1229 2654 1254 2682 ἐν
1280 2655 1310 2683 οὐ
1333 2658 1468 2687 παικτοῖςο
1498 2655 1561 2684 ἀλλ’
1590 2655 1709 2687 ἐκείνους
1736 2658 1914 2694 προτιμᾶσθαι

1095 2703 1149 2728 τῶν
1170 2699 1265 2728 ἀλλων
1294 2700 1394 2732 πάθεος
1420 2700 1508 2735 ἐκτὸς,
1539 2700 1584 2732 οὕς
1611 2701 1678 2738 μετὰ
1700 2703 1751 2728 τοῦ
1771 2700 1853 2739 λόγον
1876 2700 1917 2728 καὶ

1099 2744 1158 2784 βίος
1180 2747 1278 2783 κοσμεῖ
1306 2744 1516 2782 ἀνεπίληπτος,
1544 2745 1563 2780 ἢ
1590 2747 1640 2773 τοῦ
1668 2744 1755 2784 λόγου
1778 2744 1917 2780 σκάζοντος
