2021 3176
93 179 160 209 149

673 178 868 209 ΝΟνΕῙιῙοΑΕ
889 178 1240 212 GONSTITUTIONES.

1745 185 1808 215 450

96 242 177 278 ἴσως,
193 243 235 274 οΐς
252 243 265 270 6
282 243 385 281 μακρὸς
405 242 506 281 χρόνος
529 243 573 270 καὶ
597 244 630 271 τὸ
653 243 715 280 περὶ
740 243 789 278 τὴν
809 241 924 279 Ἐκκλη-

989 244 1088 280 [uibus
1099 247 1168 274 setas
1183 247 1358 282 provectior.
1375 249 1403 276 et
1419 248 1504 277 multi
1536 257 1588 285 pro
1612 249 1736 277 ecclesia
1760 251 1807 278 ta-

95 287 158 314 σίαν
188 287 344 315 πολύποδον
368 288 399 315 τὸ
428 286 518 315 ἐνδέον
548 287 849 325 ἀποχαρίζεται.οὕτω
877 288 928 326 γὰρ

97 331 131 359 ἂν
159 331 186 359 αἱ
215 333 301 369 ψῆφοι
331 331 479 370 Θεαρέστως
505 332 633 370 γίνοιντο,
649 332 692 359 καὶ
721 332 772 359 οὐκ
801 331 844 359 ἐπὶ
870 331 929 368 κρί‹

98 387 168 413 ματι
184 376 228 404 καὶ
243 375 361 413 κινδύνῳ
379 380 428 411 τῆς
457 378 509 404 τῶν
539 376 734 414 ψηφιζομένων
764 375 808 404 καὶ
837 377 929 415 ψηφη-

97 421 259 460 φορούντων
275 422 377 458 ψυχῆς.

139 466 173 494 Ol
217 466 306 502 μέντοι
348 466 576 503 παρουσιάσαντες
619 465 821 503 μητροπολῖται
861 465 928 499 ἦσαν

97 510 189 537 οὗτοι·
219 510 233 538 6
262 511 434 548 Καισαρείας,
463 511 477 538 6
506 510 629 549 Ἑφέσου,
660 510 674 537 6
706 509 832 544 Κυζίκου,
849 510 863 536 6
886 509 931 536 Σί-

96 553 163 589 δης,
193 555 208 582 6
239 555 393 591 Ἀμασείας,
424 555 438 582 6
468 555 690 592 Νεοκαισαρείας,
721 555 735 582 6
774 554 886 591 Καρίας,
915 554 930 582 6

97 597 273 632 Λαοδικείας,
301 599 315 626 6
344 598 469 633 Ἰκονίου,
486 599 500 625 6
523 598 654 632 Συλαίου,
671 598 685 625 6
711 597 898 635 Ἰεραπόλεως,
915 598 929 624 6

95 642 256 681 Εὖχαίτων,
286 643 300 670 6
326 645 520 681 Κερασοῦντος,
547 644 561 671 6
583 640 712 677 Ἀϐύδου,
744 643 758 670 6
780 641 929 679 Λαρίσσης,

97 688 113 715 6
134 687 280 725 Κορίνθου,
296 688 311 715 6
327 687 492 724 Μηθύμνης,
522 688 537 715 6
562 687 738 725 Ηαροναξίας,
754 687 768 714 6
798 688 930 724 [1ροικον-

95 732 197 768 νήσου,
228 733 243 759 6
272 731 428 770 Ἡρακλέος,
457 732 471 760 6
502 731 648 768 Λευκάδος,
677 732 691 759 6
731 730 885 770 Γαρέλλης,
916 731 930 758 6

98 776 265 811 Ναζιανζοῦ.

983 285 1068 313 bores
1084 286 1232 320 exanllati,
1249 288 1326 323 quod
1343 288 1452 324 alioqui
1469 290 1561 323 deest,
1579 289 1805 325 supplent.Nam

983 330 1025 358 sic
1040 330 1195 359 electiones
1212 332 1298 360 modo
1315 335 1369 361 Deo
1386 336 1469 369 grato
1486 334 1565 370 ﬁent,
1587 343 1641 363 nec
1664 335 1700 362 ad
1727 335 1807 370 judi-

985 375 1061 403 cium
1078 378 1164 411 atque
1179 377 1339 412 periculum
1356 379 1445 406 animi
1463 387 1564 406 eorum
1581 379 1630 415 qui
1646 379 1805 416 eliguntur,

985 420 1093 456 quippe
1109 420 1248 456 suffragia
1263 421 1372 450 ferunt.

1021 464 1235 500 Metropolitani
1253 466 1369 501 quidem
1395 469 1563 502 pmsentes,
1589 467 1722 496 hierant:
1748 470 1806 496 Ca2-

985 509 1123 537 sariensis
1130 509 1304 544 Ephesinus.
1320 511 1486 547 (.‘ysicenus.
1496 512 1635 540 Sidensis.
1652 512 1806 540 Amasien-

985 553 1037 581 sis.
1052 553 1308 582 Neowsariensis.
1335 555 1492 583 Cariensis.
1523 556 1714 585 Laodicenus.
1744 559 1806 585 Ico-

987 597 1107 625 niensis.
1124 598 1289 634 Sylaaensis.
1320 599 1566 635 Hierapolitanus.
1591 601 1806 629 Euchaitensis.

986 641 1186 670 Cerasuntius.
1209 643 1379 679 Abydenus.
1408 643 1598 672 Larissensis.
1629 645 1806 673 Corinthius.

984 686 1184 723 Methymasus.
1196 688 1390 715 Poronaxius.
1407 688 1637 716 Prasconnesius.
1668 689 1806 718 Hercula-

985 739 1051 759 nus.
1069 731 1240 760 Leucanius.
1257 731 1410 760 Garellius.
1425 732 1636 760 Nazianzenus.

443 896 480 917 υτ
497 896 688 917 rounam'run
707 895 881 916 sucronem
910 895 1081 917 PONTIFIGUM
1109 896 1219 917 uxosss
1235 889 1285 925 [3].
1307 889 1351 924 (A.
1372 889 1465 925 “87.)

100 959 149 1003 ΤὸἼ
161 959 275 1003 Ιγεγονὸς
302 957 467 1003 ,σημείωμα
505 958 578 1001 παρηὰ
613 960 667 1003 ’τοῦ
683 957 824 1003 ,άοιδίμου
842 958 929 1003 Χβαισιζ

989 959 1016 988 Ut
1029 959 1371 1003 tondean'tur‘flecloramn
1381 960 1557 1003 ponti/licam,
1572 969 1683 1002 tutores.
1711 962 1808 1003 Publi-

139 993 209 1031 λέὶοέ
231 993 341 1031 Δκυρίου
359 993 485 1031 ’Ἰσακίου
522 993 574 1031 τοῦ,
613 993 744 1031 Ἀγγέλου
773 993 858 1031 γ-περῖ
880 996 928 1031 τοῦ

139 1029 328 1068 ἀποκείρεσθαι
364 1030 421 1068 «τὰς.
464 1032 515 1057 τῶν
540 1065 545 1068 Δ
567 1029 728 1068 ὑποψηιρίων
754 1029 929 1068 γάρχιερέων

158 1065 279 1102 υναῖκας,
309 1065 442 1098 ἀπολυοὶν
477 1065 551 1102 ,κατὰ
592 1066 642 1102 τὴν
668 1065 694 1092 ’κ’
720 1067 768 1102 τοῦ
798 1065 929 1102 Σεπτεμ-

160 1100 220 1140 ρίου
272 1100 358 1137 μηνὸς
376 1122 383 1136 ,
429 1101 521 1140 ἡμέρᾳ
569 1101 705 1139 τετάρτῃ,
745 1100 931 1138 ἐπινεμήσεως

144 1137 282 1173 πέμπτης.

138 1199 170 1227 Ἠ
191 1197 302 1236 ἔννομος
325 1199 373 1226 τοῦ
399 1197 532 1236 βασιλέως
547 1198 681 1238 ἀπόφασις
710 1198 760 1226 οὐκ
788 1197 930 1230 ἀκίνδυνος

102 1246 161 1274 τοῖς
199 1245 388 1280 παρανομοῦσι
431 1243 602 1280 φανήσεται·
641 1243 678 1274 ὡς
720 1245 770 1280 γὰρ
810 1241 932 1282 ὄμφακες

103 1286 197 1315 ὀδοῦσι
212 1287 255 1314 καὶ
271 1288 371 1318 καπνὸς
387 1284 493 1324 ὄμμασι
525 1284 669 1324 βλαϐερὸν,
684 1286 755 1314 οὕτω
779 1286 823 1314 καὶ
845 1297 931 1324 παρα-

102 1332 187 1368 νομία
215 1334 273 1363 τοῖς
305 1332 461 1370 χρωμένοις
499 1331 578 1368 αὐτῇ.
602 1332 673 1370 Πρὸς
700 1331 726 1359 τί
757 1330 785 1359 δέ
811 1342 858 1368 μοι
886 1332 931 1359 καὶ

103 1376 192 1415 ἀφορᾷ
218 1377 250 1404 τὸ
277 1378 324 1404 τοῦ
355 1375 440 1414 λόγου
463 1375 680 1413 προαύλιον;’0
702 1376 847 1414 ἱερώτατος
877 1387 932 1413 μη-

102 1421 270 1460 τροπολίτης
299 1421 417 1457 Κυζίκου
457 1421 502 1449 καὶ
544 1423 594 1457 τὴν
638 1422 758 1459 σήμερον
799 1422 930 1460 εὑρίσκων

100 1467 150 1501 τὴν
197 1466 336 1504 βασιλείαν
382 1477 434 1503 μου
471 1466 680 1502 θεμιστεύουσαν
699 1489 706 1503 ,
745 1465 931 1503 συνεδριαζόν-

103 1521 159 1538 των
186 1511 255 1548 αὐτῇ
282 1513 331 1538 τοῦ
357 1521 385 1538 τε
398 1511 548 1548 ἁγιωτάτου
579 1521 631 1546 μου
657 1509 789 1538 δεσπότου
817 1512 863 1538 καὶ
891 1511 931 1537 ol-

103 1557 269 1591 κουμενικυῦ
297 1556 483 1593 πατριάρχου,
508 1555 552 1582 καὶ
590 1557 644 1582 τῶν
682 1554 779 1592 ἑτέρων
814 1555 932 1592 ἁγιωτά-

102 1610 156 1626 των
188 1601 379 1637 πατριαρχῶν,
403 1601 451 1626 τοῦ
487 1598 661 1630 θεουπόλεως
684 1598 854 1636 ’Δντιοχείας
887 1598 932 1626 καί

1017 1000 1109 1033 calam
1125 996 1172 1023 die
1186 996 1221 1033 20
1236 997 1338 1023 mensis
1354 995 1530 1032 Septembris,
1545 997 1618 1032 feria
1635 1001 1745 1033 quarta,
1763 999 1808 1025 in-

1019 1030 1136 1058 dictione
1152 1031 1258 1066 quinta.

1021 1199 1195 1236 Legitimam
1211 1199 1397 1235 imperatoris
1411 1200 1588 1228 sententiam
1603 1209 1659 1228 non
1677 1200 1739 1229 sine
1756 1209 1810 1237 pe-

985 1243 1077 1271 riculo
1094 1244 1294 1279 delinquentes
1309 1244 1507 1279 experientur.
1527 1247 1562 1272 Ut
1578 1246 1654 1273 enim
1671 1246 1811 1274 dentibus

985 1289 1167 1323 acerbauva,
1183 1288 1274 1316 oculis
1291 1288 1391 1317 fumus
1418 1292 1512 1324 nocet,
1542 1290 1583 1317 sic
1609 1290 1748 1326 iniquitas
1774 1291 1811 1319 iis

986 1333 1037 1369 qui
1051 1333 1116 1369 ipsa
1133 1336 1265 1361 utuntur.
1277 1333 1423 1365 Quorsum
1436 1342 1502 1361 vero
1516 1334 1584 1361 mihi
1601 1334 1655 1362 hoc
1671 1334 1810 1363 orationis

986 1380 1099 1413 spectat
1114 1378 1287 1413 praeludium
1300 1378 1314 1405 '?
1325 1380 1395 1405 Cum
1412 1378 1633 1406 sacratissimus
1643 1378 1734 1415 Cyzici
1749 1387 1810 1407 me-

986 1422 1181 1458 tropolitanus
1193 1422 1354 1450 invenisset
1365 1423 1551 1457 majestatem
1563 1431 1659 1450 meam
1670 1423 1810 1453 hodierno

987 1475 1103 1502 quoque
1114 1466 1160 1494 die
1176 1467 1241 1500 iura
1257 1467 1438 1500 reddentem,
1456 1466 1658 1494 assidentibus
1686 1467 1811 1496 sanctis-

987 1511 1061 1538 simo
1078 1511 1196 1538 domino
1213 1518 1277 1538 meo
1293 1511 1473 1538 cecumenico
1490 1510 1666 1546 patriarcha,
1691 1514 1720 1539 et
1744 1512 1811 1540 aliis

987 1555 1184 1582 sanctissimis
1196 1555 1381 1590 patriarchis,
1408 1555 1590 1583 Antiocheno
1622 1555 1758 1584 videlicet
1784 1557 1813 1584 et

988 1599 1269 1635 Hierosolymitano;
1288 1607 1339 1627 nec
1351 1600 1497 1635 abessent,
1515 1600 1563 1635 qui
1584 1602 1654 1627 tunc
1683 1600 1711 1627 in
1739 1601 1811 1629 urbe

103 1645 154 1670 τοῦ
179 1642 390 1680 Ἰεροσολύμων,
417 1641 488 1680 μηδὲ
513 1645 567 1670 τῶν
594 1643 620 1670 ἐν
649 1645 682 1680 τῇ
712 1643 816 1681 μεγάλῃ
850 1642 930 1671 πόλει

989 1643 1068 1679 regia
1078 1643 1271 1671 sacratissimi
1287 1644 1441 1679 pontifices
1458 1646 1549 1680 erant,
1567 1653 1691 1680 quorum
1711 1645 1808 1673 nomi-

104 1685 298 1724 ἐνδημούντων
328 1688 480 1725 ίερωτάτων
518 1687 669 1726 ἀρχιερέων
701 1687 932 1724 ἀπολιμπάνομέ-

104 1741 171 1767 νων,
202 1730 239 1758 ὧν
268 1732 299 1760 τὸ
331 1732 400 1769 πρὸς
437 1730 524 1769 ὄνομα
559 1731 773 1771 διαληφθήσεται
806 1731 931 1767 κάτωιεν,

105 1776 246 1814 προέθετο·
261 1777 302 1805 ὅτι
317 1778 388 1810 τινὶς
401 1779 455 1805 τῶν
477 1777 516 1809 εἷς
544 1776 730 1816 μητροπόλεις
761 1777 779 1812 ἢ
805 1778 932 1816 ἆρχιιπι-

110 1821 212 1853 σκοπὰς
238 1821 426 1861 ψηφισθέντων
455 1823 500 1850 καί
531 1821 781 1861 χειροτονουμένων
804 1822 857 1860 πρὸ
882 1825 932 1857 τῆς

107 1866 280 1902 χειροτονίας
317 1864 427 1905 ἔχοντες
467 1867 598 1904 γαμετὰς,
622 1866 698 1894 αὐτοὶ
738 1867 785 1904 μὲν
811 1867 842 1894 τὸ
869 1877 934 1894 κατ-

103 1910 255 1946 αξιωθῆναι
284 1913 332 1939 τοῦ
374 1911 529 1950 ’χρίσματος
566 1913 615 1944 τῆς
655 1911 861 1949 ἀρχιερωσύνης
885 1911 935 1939 οὐκ

105 1954 296 1991 ἀπηνήναντο·
313 1956 341 1983 αἱ
375 1954 404 1983 δὲ
432 1955 552 1984 σύνοικοι
577 1955 680 1983 τούτων
708 1955 755 1983 τὸν
783 1955 862 1983 αὐτὸν
889 1959 934 1987 καὶ

105 1999 187 2027 πάλιν
237 2000 444 2038 κοσμικώτερον
495 1999 689 2038 σχηματισμὸν
731 1999 934 2038 ἀμφιέννυνται,

103 2041 298 2076 ἀνυποστόλως
331 2047 391 2076 ταῖς
429 2044 528 2076 οἰκίαις
571 2042 787 2081 ἐνδιατρίϐουσαι
826 2044 852 2072 ἐν
893 2045 935 2076 αῖς

103 2088 242 2124 κατῴκουν
272 2089 303 2116 τὸ
332 2089 475 2127 πρότερον,
491 2089 537 2116 καὶ
567 2087 629 2116 οὔτε
657 2088 820 2126 γυναικείοις
850 2099 934 2126 μονα-

104 2132 226 2170 στηρίοις
257 2133 435 2171 εἰσήχθησαν,
466 2132 529 2161 ἀλλ’
558 2131 620 2161 ούδὶ
661 2136 701 2170 τῷ
744 2133 802 2170 Θεῷ
838 2133 933 2166 ἑαυτὰς

103 2176 256 2215 ἀφιέρωσαν
295 2177 339 2205 καὶ
375 2177 420 2205 τὸν
462 2179 572 2216 μονήρη
604 2177 661 2215 βίον
689 2177 865 2212 ἠσπάσαντο·
888 2179 934 2206 καὶ

103 2223 185 2249 ταῦτα
210 2224 264 2249 τῶν
289 2222 370 2260 ἱερῶν
392 2222 437 2250 καὶ
463 2222 542 2250 Θείων
575 2222 696 2250 κανόνων
730 2222 820 2259 ῥητῶς
857 2222 934 2260 ἐγκι-

105 2265 270 2303 λιυομένων,
295 2267 359 2298 τοὺς
383 2265 626 2305 χειροτονηθέντας
650 2266 790 2304 ἀρχιερεῖς
819 2266 848 2293 ἐκ
871 2277 935 2294 παν.

987 1696 1025 1715 na
1040 1687 1162 1715 inferius
1178 1688 1426 1715 continebuntur:
1442 1688 1625 1724 propositum
1640 1691 1696 1723 est,
1719 1697 1808 1725 quos-

987 1732 1054 1759 dam
1070 1740 1170 1760 eorum
1188 1732 1238 1768 qui
1253 1732 1288 1759 ad
1306 1732 1480 1768 metropoles
1497 1732 1540 1760 vel
1573 1733 1808 1769 archiepiscopas

987 1776 1070 1805 electi
1086 1778 1114 1804 et
1124 1777 1251 1804 ordinati
1267 1779 1346 1812 sunt,
1362 1785 1429 1804 cum
1446 1785 1549 1805 uxores
1565 1780 1631 1805 ante
1647 1778 1809 1806 ordinatio-

989 1829 1055 1849 nem
1069 1821 1220 1854 haberent,
1242 1829 1300 1849 non
1313 1829 1447 1849 recusare
1463 1822 1593 1858 quidem,
1610 1822 1681 1859 quin
1702 1823 1809 1859 prima-

989 1865 1025 1892 rii
1040 1865 1195 1893 sacerdotii
1212 1866 1370 1893 chrismate
1381 1866 1593 1902 inungerentur
1607 1875 1614 1901 ;
1632 1867 1683 1895 sed
1707 1874 1809 1896 eorum

990 1918 1094 1938 uxores
1110 1911 1246 1938 eumdem
1262 1919 1366 1938 rursus
1397 1912 1579 1939 mundanum
1603 1911 1736 1940 habitum
1761 1913 1808 1940 in-

990 1955 1089 1988 duere,
1106 1955 1301 1983 inverecunde
1316 1958 1446 1992 agentes,
1464 1957 1492 1983 in
1519 1956 1555 1984 iis
1583 1957 1704 1990 adibus,
1734 1965 1808 1993 quas

989 2001 1075 2027 antea
1086 1999 1275 2027 habitabant:
1301 2008 1352 2027 nec
1375 2000 1507 2028 femineis
1535 2001 1715 2028 introductae
1745 2009 1809 2029 esse

991 2043 1187 2078 monasteriis,
1199 2044 1249 2071 sed
1266 2052 1318 2071 nec
1338 2045 1392 2072 Deo
1408 2046 1520 2080 seipsas
1536 2045 1698 2079 dedicasse,
1715 2047 1743 2072 et
1769 2045 1811 2072 vi-

990 2090 1050 2116 tam
1067 2087 1210 2124 delegisse
1224 2089 1428 2116 monasticam.
1447 2089 1479 2116 Et
1492 2089 1561 2123 haec,
1579 2097 1644 2116 cum
1672 2089 1747 2117 sacri
1762 2088 1810 2116 di-

989 2133 1107 2169 vinique
1123 2141 1250 2161 canones
1266 2133 1427 2169 expressim
1444 2135 1593 2167 moneant,
1611 2133 1718 2161 electos
1734 2142 1808 2169 pon-

990 2177 1084 2205 tiﬁces
1100 2186 1116 2205 θ.
1131 2177 1270 2213 legitimis
1286 2177 1347 2204 suis
1365 2177 1514 2213 uxoribus,
1527 2186 1600 2213 quas
1616 2179 1683 2205 ante
1696 2178 1810 2206 ordina-

991 2222 1097 2250 tionem
1111 2222 1269 2255 babebant,
1286 2222 1365 2250 omni
1378 2222 1464 2250 modo
1481 2222 1644 2250 abstinere:
1657 2224 1689 2250 ut
1702 2230 1758 2250 non
1775 2231 1810 2250 ex

989 2269 1145 2302 pracepto,
1162 2267 1213 2294 sed
1238 2266 1357 2302 propria
1380 2266 1529 2294 voluntate
1557 2275 1659 2294 eorum
1683 2267 1810 2302 quisque

103 2311 149 2341 τὸς
171 2311 275 2347 τρόπου
298 2313 351 2338 τῶν
376 2311 430 2349 πρὸ
453 2314 503 2347 τῆς
534 2311 704 2349 χειροτονίας
733 2313 931 2348 συζευχθεισῶν

989 2311 1200 2339 continentiam
1214 2310 1258 2338 vel
1275 2310 1438 2338 caelibatum
1455 2312 1605 2347 proprium
1618 2311 1674 2339 sibi
1690 2311 1808 2347 deligat,

103 2355 197 2386 αὐτοῖς
221 2355 368 2393 ἀπέχεσθαι
390 2357 518 2392 νομίμων
549 2358 685 2393 γαμετῶν,
703 2354 744 2383 ὅτι
763 2355 800 2392 μὴ
822 2355 847 2390 ἦε
873 2355 931 2382 ἐπι-

104 2399 254 2435 τάγματος,
286 2399 350 2427 άλλ¹
396 2400 546 2439 αὐθαιρέτῳ
587 2400 687 2437 γνώμῃ
729 2398 841 2427 ἕκαστον
876 2402 931 2427 τῶν

104 2442 234 2470 τοιούτων
275 2443 428 2481 προσώπων
470 2444 507 2475 εἷς
548 2443 713 2479 Ἐκκλησίαν
751 2444 883 2483 ψηφισθὲν
913 2445 931 2480 ἢ

103 2488 154 2522 τὴν
184 2487 292 2524 ἀποχὴν
323 2488 366 2515 καὶ
391 2489 422 2516 τὸ
445 2489 578 2526 ἀγάμετον
593 2488 758 2516 οῑκειώσαιτ’
773 2488 801 2515 ἂν
830 2487 874 2515 διὰ
900 2488 932 2516 τὸ

104 2534 154 2566 τῆς
170 2531 377 2569 ἀρχιερωσύνης
394 2531 511 2569 ἀξίωμα,
526 2532 544 2567 ἢ
560 2534 609 2568 τὴν
626 2532 758 2569 ἀμίαντον
787 2534 931 2572 συνάφειαν

106 2574 149 2603 διὰ
173 2576 204 2603 τὸ
231 2577 279 2603 τοῦ
307 2577 397 2613 γάμου
426 2576 583 2613 προέλοιτο,
624 2577 727 2613 τίμιον.
760 2578 810 2605 Καὶ
848 2579 933 2605 ταῦτα

105 2619 189 2658 λέγων
203 2620 247 2648 καὶ
267 2620 387 2648 κανόνων
413 2619 550 2658 διαφόρων
580 2621 729 2657 ἐπέμνητο,
745 2622 782 2648 ὧν
813 2622 859 2649 καὶ
893 2623 932 2654 εἷς

106 2665 119 2692 6
134 2665 225 2701 μη¹ἦν
254 2667 303 2698 τῆς
327 2667 357 2701 ς]
376 2664 490 2692 συνόδου
517 2665 593 2692 ταυτῖ
618 2666 686 2693 κατὰ
708 2665 785 2704 ῥῆμα
815 2665 920 2703 διαλαμ

105 2706 202 2736 ϐάνων·
224 2721 238 2735 ‹‹
260 2710 292 2738 Ἥ
317 2711 370 2741 τοῦ,
391 2710 458 2747 πρὸς
482 2709 632 2745 ἐπισκοπῆς
656 2708 802 2748 προεδρίαν
832 2711 932 2748 ἀναγο-

108 2753 187 2790 μένου
224 2754 303 2792 γυνὴ,
332 2753 400 2782 κατὰ
431 2754 524 2788 κοινὴν
568 2753 725 2793 συμφωνίαν
767 2756 815 2782 τοῦ
861 2753 931 2783 ἰδίου

139 2844 177 2882 (3)
192 2844 345 2875 Leunolav.
361 2845 445 2883 ibid.,
461 2853 490 2883 p.
508 2844 570 2874 175.

987 2357 1106 2391 propter
1121 2355 1295 2391 dignitatem
1312 2355 1478 2389 sacerdotii,
1497 2357 1548 2383 aut
1561 2358 1677 2391 propter
1705 2355 1808 2383 matri-

987 2400 1076 2428 monii
1092 2399 1526 2435 honestatem,conjunctionem
1538 2403 1647 2428 castam
1665 2400 1807 2436 praferat.

987 2445 1051 2472 Hisc
1068 2445 1180 2480 dicens,
1193 2444 1424 2472 varioscanones
1450 2444 1603 2479 allegabat,
1631 2444 1707 2472 inter
1734 2453 1808 2481 quos

987 2491 1016 2518 et
1030 2489 1276 2526 quadragesimus
1292 2491 1410 2517 octavus
1426 2492 1488 2517 erat
1504 2492 1589 2517 sextae
1606 2489 1720 2526 synodi,
1746 2489 1807 2518 haec

987 2534 1023 2562 ad
1038 2534 1160 2562 verbum
1172 2534 1447 2570 comprehenderis:
1465 2545 1479 2559 (ι
1492 2533 1568 2562 Uxor
1590 2534 1665 2570 ejus,
1695 2534 1745 2571 qui
1770 2535 1807 2563 ad

986 2578 1183 2615 episcopalem
1195 2579 1367 2614 dignitatern
1385 2582 1585 2615 promovetur,
1594 2579 1743 2608 communi
1753 2579 1807 2608 viri

988 2623 1034 2651 sui
1050 2631 1194 2654 consensu
1207 2624 1289 2659 prius
1309 2626 1454 2659 separata,
1472 2626 1628 2660 postquam
1641 2624 1669 2651 in
1691 2624 1807 2660 episco-

987 2676 1057 2704 pum
1075 2667 1228 2695 ordinatus
1243 2670 1289 2696 est
1310 2670 1338 2695 et
1364 2670 1564 2701 consecratus,
1593 2668 1806 2696 manasterium

987 2712 1179 2748 ingrediatur,
1196 2711 1296 2748 procul
1309 2712 1345 2740 ab
1361 2713 1488 2749 episcopi
1499 2713 1680 2741 habitatione
1690 2714 1805 2740 exstru-

987 2759 1079 2791 ctum,
1100 2758 1129 2784 et
1152 2756 1281 2792 episcopi
1296 2757 1478 2794 providentia
1501 2758 1624 2786 fruatur.
1642 2756 1692 2785 Sin
1713 2758 1808 2785 antem
