2021 3176
239 175 297 206 451

892 170 1023 202 ISAACI
1044 169 1189 202 ANGELI
1209 170 1292 202 1MP.

1898 172 1958 202 452

240 241 329 278 digna
343 241 406 269 visa
415 240 502 268 fuerit
516 239 603 268 etiam
619 239 654 267 ad
683 238 857 266 diaconatus
885 237 1056 274 dignitatem

1117 235 1213 274 ἀνδρὸς
1246 235 1503 275 προδιαζευχθεῖσα,
1534 236 1602 273 μετᾶ
1636 238 1686 273 τὴν
1718 237 1763 266 ἐπ’
1792 237 1874 274 αὗτῷ
1906 242 1957 274 τῆς

240 285 448 322 provehatur.»
468 287 550 312 Lecto
571 284 661 320 igitur
675 283 729 311 hoc
752 290 875 316 canone,
904 282 1062 317 imperium

238 338 336 358 meum
353 329 380 356 in
399 329 567 356 hominibus
578 336 742 363 agnoscens
759 326 887 354 maxime
900 326 976 354 dona
987 325 1034 353 I)ei
1046 334 1062 353 a

240 382 367 410 superna
382 373 546 406 clementia,
563 375 592 400 et
607 373 686 408 regni
704 380 736 399 ac
751 370 905 399 sacerdotii
921 371 1061 398 divinitus

240 426 409 447 concessam
420 418 585 445 unctionem
599 419 626 444 et
641 416 812 453 dignitatem
825 424 859 443 ex
870 424 927 443 uno
943 415 1061 443 eodem-

241 471 295 499 que
311 462 430 498 perenni
449 463 526 489 t‘onte
543 469 673 494 manare,
686 461 905 495 humanamque
920 467 1061 487 exornare

243 508 342 539 vitam,
357 509 386 534 et
401 506 597 542 ampliﬁcare:
629 505 701 533 nihil
713 505 802 532 etiam
832 504 985 532 studiosus
1011 511 1060 531 co-

241 553 314 584 lens,
331 559 420 587 quam
432 551 617 579 sacerdotum
634 550 852 582 auctoritatem,
869 548 919 585 qui
932 549 1012 584 regia
1027 556 1061 576 ex

240 605 322 625 sacrn
338 595 600 631 circumspectione
623 602 728 622 manus
758 594 948 626 sustinentes,
970 596 1059 621 Deum

239 650 290 678 pro
307 641 442 669 universa
452 640 617 668 Christiana
637 639 824 667 multitudine
854 639 1058 675 deprecantur,

237 689 265 714 et
281 688 314 714 ut
329 694 418 714 sacra:
432 685 563 720 quedam
576 693 689 712 ancora:
704 683 885 720 imperialem
902 683 1060 719 potentiam

238 731 412 759 suﬁ‘ulciunt
426 737 432 757 :
450 731 606 765 postquam
622 729 710 756 etiam
727 735 855 757 canones
869 727 1016 756 contemni
1033 729 1061 755 et

238 775 356 810 infringi
373 774 556 810 cognovisset
570 773 599 801 in
615 773 688 801 bene
705 773 840 801 instituta
857 772 1016 808 republica,
1032 775 1060 799 et

240 820 358 856 quidem
376 821 481 846 nostra;
498 817 643 854 potentiae,
659 817 743 853 quasi
760 826 817 845 non
847 816 935 844 soluti
962 818 1061 844 essent

242 864 331 892 creati
341 863 506 899 pontiﬁces,
523 863 573 898 qui
589 861 651 890 suis
665 862 804 890 uxoribus
820 861 986 889 cohabitare
1002 869 1059 888 non

236 910 416 941 vererentur,
429 915 486 935 non
503 915 606 943 parum
623 908 801 934 commotum
818 908 871 933 est.

1118 281 1268 317 ἐπισκοπῆς
1280 282 1450 320 χειροτονίαν
1478 281 1504 309 ἐν
1531 282 1706 320 μοναστηρίῳ
1730 282 1840 317 εἰσίτω,
1855 283 1956 321 πόρρω

1115 329 1166 361 τῆς
1189 328 1237 354 τοῦ
1262 326 1435 354 ἐπισκοπείου
1464 330 1625 364 καταγωγῆς
1650 326 1883 364 ᾠκοδομημένῳ,
1911 328 1955 355 καὶ

1115 372 1165 403 τῆς
1187 373 1236 398 τοῦ
1261 371 1410 399 ἐπισκόπου
1437 371 1566 408 προνοίας
1595 371 1767 401 ἀπολαυέτω.
1785 372 1820 401 Εἰ
1847 371 1879 399 δὲ
1910 374 1955 400 καὶ

1117 415 1176 450 ἀξία
1205 415 1311 454 φανείη,
1342 416 1410 454 πρὸς
1438 416 1468 443 τὸ
1496 415 1546 449 τῆς
1573 414 1708 447 διακονίας
1738 414 1955 451 ἀναϐιϐαζὲσθω

1116 460 1232 496 ἀξίωμα.
1248 472 1262 486 υ
1285 459 1514 498 Ἀναγνωσοέντος
1540 459 1585 488 οὖν
1610 463 1659 488 τοῦ
1681 461 1812 489 τοιούτου
1837 461 1956 492 κανόνος

1115 505 1132 538 ὴ
1151 503 1274 541 βασιλεία
1291 515 1343 540 μου
1360 504 1475 542 μέγιστα
1497 504 1531 532 τὰ
1556 504 1583 532 ἐν
1605 508 1663 536 τοῖς
1687 505 1847 542 ἀνθρώποις
1876 505 1954 543 δῶρα

1115 550 1181 576 Θεοῦ
1209 548 1282 586 παρᾶ
1308 550 1357 582 τῆς
1393 548 1493 576 ἄνωθεν
1531 548 1738 588 φιλανθρωπίας
1773 550 1955 588 γινώσκουσι

1114 593 1159 620 καὶ
1177 593 1208 621 τὸ
1231 596 1282 628 τῆς
1310 593 1451 630 βασιλείας
1474 593 1519 621 καὶ
1541 594 1572 621 τὸ
1593 597 1643 629 τῆς
1668 594 1824 631 ἱερωσύνης
1839 594 1953 622 θεόσδο-

1113 647 1159 665 τον
1179 637 1284 675 χρίσμα
1310 637 1354 665 καὶ
1383 636 1491 674 ἀξίωμα
1518 636 1548 664 ἐκ
1576 639 1639 674 μιᾶς
1665 641 1716 672 τῆς
1732 637 1818 673 αὐτῆς
1833 639 1951 666 divides

1114 685 1207 719 πηγῆς
1233 681 1344 720 ἑκάτερα
1371 681 1503 719 προϊόντα
1530 681 1576 710 καὶ
1604 682 1651 709 τὸν
1681 682 1855 721 ἀνθρώπινον
1889 683 1952 721 βίον

1114 726 1337 763 κατακοσμοῦντά
1362 737 1392 754 τε
1420 725 1465 753 καὶ
1491 726 1644 761 πιαίνοντα,
1674 727 1720 754 καὶ
1755 726 1844 764 μηδὲν
1877 727 1952 755 οὕτω

1113 769 1346 808 περισπούδαστον
1374 768 1476 808 ἔχουσα
1503 771 1540 802 ὡς
1569 771 1618 805 τὴν
1648 773 1702 799 τῶν
1725 771 1822 809 ἱερέων
1853 772 1954 808 σεμνό-

1113 825 1193 850 τητα,
1215 815 1241 842 οἳ
1268 826 1339 846 τινες
1377 818 1472 853 χεῖρας
1509 815 1719 853 ἱγκαταστὰντις
1746 818 1781 853 τῇ
1813 816 1951 855 βασιλείῳ

1114 859 1158 886 καὶ
1187 859 1244 894 θείᾳ
1272 861 1398 897 περιωπῇ
1430 859 1495 897 ὑπὲρ
1536 860 1635 891 παντὸς
1671 862 1719 888 τοῦ
1761 859 1950 900 φιλοχρέστου

1113 903 1302 942 πληρώματος
1314 904 1359 932 τὸν
1377 905 1440 932 Θεὸν
1468 905 1617 932 ἱκετεύουσι
1633 905 1678 932 καὶ
1707 906 1744 936 ὡς
1771 906 1844 943 ἱεραί
1873 916 1948 936 τινες

241 951 357 990 ἄγκυραι
381 951 412 978 τὸ
440 954 490 986 τῆς
521 949 666 988 βασιλικῆς
695 949 865 987 ἐπικρατείας
895 947 1054 986 ἐρείδουσιν,
1083 949 1147 977 ἐπὰν
1176 949 1221 976 καὶ
1252 949 1333 986 μάθοι
1375 948 1438 980 τοὺς
1474 949 1588 980 κανόνας
1626 953 1864 988 παραθεωρεῖσθαι
1900 951 1947 978 καὶ

237 995 455 1034 παραθραύισθαι
481 994 525 1022 ἐπὶ
554 998 604 1030 τῆς
634 995 761 1031 εὐνομίας
787 994 832 1022 καὶ
860 996 944 1022 ταῦτα
970 995 1018 1021 τοῦ
1042 993 1157 1031 κράτους
1173 993 1317 1030 ἡμῶν,ὡς
1330 993 1375 1021 καί
1392 991 1430 1021 ἔτι
1448 994 1485 1031 μὴ
1503 993 1715 1032 διαζευχθέντων
1731 997 1786 1022 τῶν
1813 1005 1946 1033 χειροτο-

237 1040 373 1075 νηοὲντων
388 1038 551 1077 ἀρχιερέων,
566 1037 639 1066 ἀλλὰ
652 1038 698 1065 καὶ
714 1040 845 1065 συνοικεῖν
860 1037 1033 1074 ἀνεχομένων
1048 1040 1107 1069 ταῖς
1123 1037 1211 1065 αὐτῶν
1225 1039 1368 1075 γαμεταῖς,
1385 1037 1416 1065 οὐ
1434 1038 1539 1075 μικρῶς
1555 1035 1636 1070 ἔπαθε
1649 1039 1700 1073 τὴν
1713 1039 1818 1077 ψυχήν,

272 1085 368 1113 Triste
388 1085 474 1112 etiam
515 1084 657 1120 quiddam
683 1092 736 1112 nec
761 1086 877 1119 gratum
902 1083 931 1110 in
957 1082 1055 1118 piissi-

1146 1081 1233 1109 Ταῦτά
1262 1093 1304 1109 τοι
1332 1082 1377 1109 καὶ
1403 1082 1513 1119 στυγνόν
1542 1093 1569 1110 τι
1602 1082 1646 1110 καὶ
1683 1082 1767 1121 ἄχαρι
1799 1086 1841 1119 τῷ
1882 1085 1942 1111 Θεο-

237 1138 319 1158 mum
335 1129 590 1165 chartophylacem
602 1137 667 1156 mea
681 1128 801 1156 intuens
835 1127 984 1162 majestas,
1010 1128 1059 1154 de-

238 1175 323 1209 ﬁniit,
347 1173 569 1201 cohortantibus
599 1174 634 1201 ad
662 1173 692 1200 id
721 1171 918 1200 sanctissimis
936 1172 1060 1207 patriar-

238 1219 311 1253 chis,
348 1226 453 1245 uxores
480 1217 585 1245 creatis
625 1217 813 1253 pontiﬁcibus
839 1218 907 1244 ante
946 1216 1061 1243 ordina-

237 1262 346 1290 tionem
360 1262 573 1297 conjunctasin
600 1261 759 1289 muliebria
789 1259 966 1288 monasteria
993 1268 1060 1295 pro-

237 1306 284 1333 cul
301 1305 358 1334 sita
372 1306 407 1333 ab
431 1305 611 1333 habitatione
634 1305 805 1341 pontiﬁcum
828 1304 892 1332 sine
921 1304 1061 1332 dilatione

238 1350 349 1383 induci,
376 1350 550 1386 tonderiqne
580 1358 637 1385 eas,
663 1351 691 1377 et
720 1349 858 1377 canonice
892 1349 969 1384 apud
997 1357 1059 1376 mo-

239 1394 347 1422 nachus
367 1394 482 1430 degere,
506 1394 536 1421 in
565 1403 623 1430 quo
654 1394 830 1421 monasterio
860 1401 973 1420 comam
1012 1393 1059 1420 de-

238 1439 408 1475 posuerint;
426 1441 477 1466 aut
489 1438 514 1466 si
529 1439 598 1474 ipsa:
609 1441 760 1466 tonsuram
778 1441 922 1471 recusent,
951 1437 999 1473 qui
1017 1437 1060 1465 eis

239 1487 306 1511 ante
319 1483 531 1511 ordinationem
545 1484 638 1518 juncti
657 1485 740 1511 erant
768 1482 964 1517 matrimonio,
990 1490 1060 1518 pon-

238 1527 340 1556 tificati
359 1527 432 1555 solio
445 1530 472 1555 et
500 1528 642 1564 dignitate
658 1528 818 1563 priventur,
847 1529 876 1554 et
899 1526 929 1554 in
957 1535 1058 1554 eorum

240 1572 335 1600 locum
353 1571 401 1599 alii
418 1572 613 1600 snl‘ficientur.
639 1574 669 1599 In
700 1574 847 1606 posterum
876 1574 984 1605 autem,
1008 1571 1058 1607 qui

241 1618 307 1643 ante
322 1615 498 1643 creationem
510 1615 673 1651 legitimam
697 1624 814 1643 uxorem
844 1615 973 1648 habebit,
999 1624 1056 1643 non

236 1660 319 1688 aliter
335 1660 565 1696 ordinari,quam
584 1660 608 1688 si
619 1660 936 1696 communiconjugum
948 1660 1057 1695 scripto

234 1713 378 1732 consensu
395 1708 423 1732 et
437 1704 557 1740 placito,
573 1714 588 1732 a
610 1714 640 1733 se
665 1705 789 1733 invicem
815 1699 1006 1740 separentur;
1028 1707 1057 1732 et

233 1749 340 1777 mulier
354 1749 547 1776 monasticam
565 1750 654 1777 vitam
679 1749 813 1785 amplexa
835 1750 884 1777 sit.
908 1750 952 1777 Sic
977 1749 1054 1778 enim

233 1794 339 1821 creatio
356 1792 420 1820 sine
432 1793 607 1821 oll'endiculo
623 1797 651 1821 et
667 1795 786 1827 damno,
799 1794 884 1829 juxta
899 1802 998 1821 sacros
1027 1796 1055 1821 et

233 1837 346 1865 divinos
361 1845 486 1865 canones
503 1838 650 1873 procedet,
664 1842 777 1866 semota
792 1839 827 1866 ab
850 1838 930 1865 omni
958 1846 1054 1865 sacer-

235 1882 340 1909 dotalis
355 1881 466 1910 ordinis
483 1882 720 1917 reprehensione.

1117 1126 1269 1165 φιλεστάτῳ
1297 1125 1486 1165 χαρτοφύλακι
1513 1124 1744 1164 προσϐλεψαμίνη
1773 1129 1791 1162 ἡ
1820 1127 1947 1166 βασιλεία

1117 1182 1169 1208 μου
1202 1173 1266 1209 παρ’
1294 1171 1360 1199 αὐτὰ
1396 1169 1558 1208 διωρίσατος
1594 1171 1825 1210 προτρεψαμίνων
1865 1175 1945 1200 τοῦτο

1114 1216 1159 1244 καὶ
1201 1219 1254 1244 τῶν
1295 1215 1451 1254 ἁγιωτάτων
1489 1219 1680 1255 πατριαρχῶν,
1710 1217 1736 1245 ἐν
1779 1218 1946 1255 γυναικείοις

1117 1261 1309 1298 μοναστηρίοις
1336 1261 1524 1300 ἀνυπερθέτως
1554 1261 1705 1300 εἴσαγαγεῖν
1727 1262 1775 1293 τὰς
1810 1263 1866 1300 πρὸ
1891 1266 1943 1298 τῆς

1115 1305 1285 1343 χειροτονίας
1323 1305 1498 1338 συναφθείσης
1534 1307 1652 1343 γαμετὰς
1688 1309 1746 1338 τοῖς
1777 1317 1942 1345 χειροτονη-

1115 1353 1198 1382 θεῖσιν
1224 1350 1389 1388 ἀρχιερεῦσι,
1410 1349 1505 1388 πόρρω
1532 1352 1582 1383 τῆς
1611 1352 1666 1378 τῶν
1696 1351 1848 1389 ἀρχιερέων
1874 1353 1942 1388 ᾠκο-

1114 1393 1275 1431 δομημὲνης
1321 1394 1486 1431 καταμονῆς,
1514 1395 1559 1422 καὶ
1598 1395 1788 1433 ἀποκείρεσθαι
1829 1397 1938 1434 ταύτας,

1113 1440 1157 1467 καὶ
1178 1441 1326 1470 κανονικῶς
1350 1439 1418 1466 κατὰ
1449 1439 1572 1477 μοναχὰς
1589 1439 1689 1477 διάγειν
1707 1441 1822 1476 ἑκάστην
1851 1442 1937 1469 αὐτῶν

1113 1483 1138 1511 ἐν
1153 1485 1172 1519 ἦ
1189 1484 1257 1521 μονῇ
1273 1484 1317 1511 καὶ
1332 1485 1381 1518 τήν
1397 1483 1482 1522 τρίχα
1504 1483 1628 1516 ἀπέθετο·
1645 1484 1663 1519 ἢ
1689 1485 1728 1522 μὴ
1760 1484 1937 1522 βουλομένων

1111 1531 1165 1555 τῶν
1192 1530 1323 1566 γυναικῶν
1351 1527 1481 1559 ἑκουσίως
1523 1529 1573 1563 τήν
1615 1529 1762 1567 ἀπόκαρσιν
1803 1528 1937 1565 δέξασθαι,

1111 1573 1174 1604 τοὺς
1193 1573 1246 1610 πρὸ
1267 1575 1316 1607 τῆς
1345 1572 1515 1610 χειροτονίας
1545 1572 1721 1612 συναφθέντας
1749 1573 1844 1605 αὐταῖς
1873 1575 1938 1602 ἀπο-

1112 1616 1338 1655 γεγυμνωμένους
1366 1617 1432 1644 εἶναι
1460 1619 1509 1644 τοῦ
1535 1616 1731 1656 ἀρχιερατικοῦ
1764 1619 1863 1655 θρόνου
1895 1620 1936 1647 καὶ

1113 1661 1276 1698 ἀξιώματος,
1291 1661 1335 1688 καὶ
1365 1662 1472 1698 ἑτάρους
1497 1662 1553 1688 ἀντ’
1568 1663 1657 1690 αὐτῶν
1684 1662 1726 1690 ἐπὶ
1750 1666 1809 1694 ταῖς
1835 1663 1936 1702 λαχού-

1112 1712 1170 1733 σαις
1196 1701 1292 1732 αὐτοὺς
1316 1701 1491 1740 ψηφίζεσθαι·
1507 1703 1551 1729 καὶ
1574 1703 1605 1730 τὸ
1633 1702 1686 1730 ἀπὸ
1711 1703 1791 1731 τοῦδε
1821 1705 1860 1740 μή
1875 1701 1936 1731 Πᾶλ-

1113 1746 1169 1777 λως
1184 1748 1400 1784 χειροτονεῖσθαι
1415 1748 1460 1774 τὸν
1477 1748 1529 1786 πρὸ
1544 1752 1595 1783 τῆς
1623 1749 1791 1786 χειροτονίας
1820 1751 1936 1786 νόμιμον

1112 1790 1211 1829 ἔχοντα
1238 1793 1370 1830 γαμετὴν,
1395 1792 1419 1820 εἴ
1446 1794 1483 1830 μὴ
1509 1792 1692 1832 διαζευχθεῖεν
1723 1795 1857 1832 ἑκάτεροι,
1873 1797 1936 1824 κατὰ

1108 1837 1201 1870 κοινὴν
1231 1839 1283 1864 τῶν
1312 1837 1441 1864 συνεύνων
1480 1837 1612 1877 ἔγγραφον
1652 1840 1810 1879 συμφωνίαν
1841 1851 1870 1868 τε
1893 1841 1934 1868 καὶ

1109 1881 1258 1918 ἀρέσκειαν,
1274 1881 1318 1909 καὶ
1347 1883 1364 1917 ἡ
1392 1884 1459 1921 γυνὴ
1492 1884 1537 1910 τὸν
1569 1885 1675 1922 μονήρη
1693 1885 1750 1922 βίον
1780 1885 1935 1913 ἇσπᾶσεται’

234 1926 278 1952 κ-ιὶ
295 1925 366 1952 οὕτω
380 1925 414 1953 τὰ
427 1929 476 1960 τῆς
488 1926 660 1964 χειροτονίας
676 1924 832 1964 προϐαίνειν
849 1926 916 1954 κατὰ
929 1926 993 1958 τοὺς
1021 1926 1111 1963 ἱεροὺς
1139 1926 1184 1954 καὶ
1207 1926 1294 1958 θείους
1321 1927 1435 1958 κανόνας
1465 1927 1663 1956 ἀσκανδάλιστα
1689 1929 1735 1957 καὶ
1764 1930 1933 1967 ἀπρόσκοπα,

233 1969 277 1996 καὶ
295 1970 394 2006 μώμου
409 1971 508 2001 παντὸς
524 1971 711 2008 ἀπεξενωμένα
725 1975 776 2006 τῆς
790 1971 930 2008 ἱερατικῆς
944 1970 1139 2003 καταστάσεως.

266 2014 444 2043 Assidebant
468 2015 502 2043 ad
533 2024 604 2044 mea:
634 2016 799 2052 majestatis
824 2015 952 2043 tribunal
981 2024 1054 2052 pon-

229 2059 341 2094 tiﬁces,
368 2060 519 2094 Caesareae,
553 2061 674 2097 Ephesi,
708 2060 818 2098 Cyzici,
852 2063 880 2088 et
913 2060 963 2088 alii
995 2069 1055 2088 non

230 2112 326 2140 pauci.

1146 2016 1229 2042 Ἦσαν
1247 2013 1275 2042 δὲ
1288 2016 1327 2050 τῷ
1345 2015 1448 2052 βήματι
1460 2018 1509 2050 τῆς
1526 2016 1663 2053 βασιλείας
1682 2028 1733 2054 μου
1759 2017 1803 2045 ἐπὶ
1832 2018 1936 2048 τούτοις

1110 2059 1326 2097 συνεδριάζοντες
1356 2060 1504 2098 ἀρχιερεῖς·
1522 2061 1536 2088 ὁ
1563 2061 1730 2099 Καισαρείας,
1748 2063 1762 2089 ὁ
1783 2062 1934 2102 Ἐφέσου,ὁ

1110 2105 1237 2140 Κυζίκου,
1251 2104 1296 2132 καὶ
1310 2103 1399 2142 ἕτεροι
1414 2105 1463 2132 οὐκ
1481 2105 1583 2142 ὀλίγοι.

1066 2195 1116 2223 ΙΙΙ.

698 2261 794 2281 ΑυιιεΑ
813 2261 904 2281 BULLA
920 2261 1036 2281 νεικεῖ-[ιε
1056 2261 1197 2282 concessa
1216 2252 1265 2288 [4).
1287 2253 1332 2289 (Α.
1354 2253 1445 2290 1487.)

266 2337 346 2369 Quod
367 2337 495 2365 Venetici
509 2338 626 2373 quidem
644 2346 701 2365 non
718 2346 795 2365 nunc
811 2337 905 2373 primo
935 2337 1052 2365 Romeis
1068 2340 1090 2372 D
1106 2338 1177 2364 tunc
1190 2337 1267 2364 obvii
1283 2337 1312 2364 in
1328 2337 1411 2365 illum
1427 2338 1536 2372 egressi
1554 2338 1630 2366 haud
1647 2339 1779 2375 neglecto
1808 2340 1932 2377 navigio,

232 2381 351 2408 federati
365 2381 448 2409 amici
466 2382 558 2409 etl‘ecti
574 2382 642 2415 sint,
658 2390 711 2410 nec
727 2391 820 2417 nuper
831 2381 931 2409 borum
949 2382 1053 2409 amicis

231 2425 471 2461 fautorisbusque
487 2426 699 2457 connumerati,
716 2427 766 2453 sed
788 2434 822 2453 ex
849 2434 906 2462 quo
936 2428 1052 2462 tempus

232 2469 365 2496 crebrum
384 2470 493 2505 priores
510 2470 568 2497 fere
593 2470 731 2498 omnibus
757 2470 845 2497 Italia:
879 2471 1052 2498 Romaniam

231 2512 372 2541 adeuntes
387 2516 414 2541 et
425 2514 619 2548 devotionem,
650 2523 738 2550 quam
764 2522 833 2550 erga
852 2515 1053 2551 progenitores

231 2556 344 2592 imperii
361 2557 452 2585 nostri
464 2558 782 2590 habebnnt,t‘erventius
793 2558 857 2586 aliis
870 2559 1051 2594 exhibentes,

231 2602 295 2630 acta
306 2601 342 2628 ab
357 2601 399 2629 eis
410 2603 486 2638 apud
502 2603 679 2630 Duraehium
689 2603 889 2631 testimonium
900 2603 1053 2639 perhibere

230 2654 287 2674 non
315 2646 486 2681 ambigunt:
513 2656 583 2675 sane
617 2656 684 2676 cum
721 2640 864 2675 Robertu's
892 2648 1052 2676 Viscardus

229 2691 310 2728 gravi
339 2699 464 2727 equoreo
496 2692 622 2720 exercitu
653 2692 826 2720 Romaniam
864 2692 981 2724 invasit,
1022 2692 1052 2720 hi

265 2763 303 2798 (4)
316 2762 357 2799 Ex
370 2761 444 2790 libro
460 2763 525 2791 albo
542 2766 570 2791 et
587 2764 678 2792 Libris
695 2765 846 2799 pactorum
876 2766 941 2799 post
969 2764 1052 2791 Mari-

230 2806 308 2836 nunl
317 2798 408 2836 Storia
422 2800 473 2827 civ.
490 2808 504 2828 c
518 2801 596 2836 polit.
612 2799 661 2828 del
675 2798 836 2828 commercia
859 2798 893 2836 de
922 2799 1051 2828 νεοττία-

229 2835 270 2862 ni.
287 2834 319 2864 T.
337 2835 384 2863 III.
402 2844 430 2872 p.
447 2834 622 2873 301,'nuper
639 2837 794 2864 ediderunt
815 2835 896 2864 Tafel
918 2838 947 2864 et
974 2836 1051 2865 Tho-

1108 2384 1136 2409 et
1151 2381 1284 2416 piissimo
1295 2389 1471 2418 semperque
1483 2384 1674 2411 memorando
1686 2392 1792 2419 proavo
1822 2384 1935 2421 imperii

1109 2426 1211 2458 nostri,
1225 2425 1344 2454 domino
1360 2425 1455 2454 Alexio
1466 2427 1627 2463 Comnano,
1645 2429 1816 2457 accedentes
1842 2430 1934 2458 fauto-

1107 2479 1154 2498 res
1169 2478 1228 2498 non
1245 2470 1348 2504 vocati,
1366 2479 1423 2498 non
1441 2471 1538 2506 parvis
1563 2472 1703 2508 periculis
1730 2481 1761 2501 se
1786 2482 1934 2510 opponen-

1107 2517 1151 2544 tes
1167 2515 1195 2543 in
1225 2517 1327 2543 contra
1356 2515 1453 2549 illum,
1483 2516 1610 2546 victoriae
1636 2519 1660 2545 ei
1687 2527 1745 2546 non
1772 2520 1935 2555 quamlibet

1107 2564 1223 2592 parsem
1240 2557 1439 2586 contulerunt.
1453 2559 1583 2588 Primum
1598 2561 1697 2598 itaque
1713 2562 1767 2590 hoc
1782 2564 1934 2592 exordium

1106 2601 1294 2636 primamque
1314 2601 1440 2630 radicem
1465 2604 1640 2640 devotionis,
1664 2614 1752 2641 quam
1782 2615 1853 2644 erga
1880 2610 1934 2635 Ro-

1108 2654 1188 2673 meos
1208 2645 1354 2680 fovebant,
1384 2647 1566 2682 exhibentes,
1595 2658 1629 2677 ex
1662 2658 1720 2686 qua
1736 2651 1850 2679 fructus
1874 2661 1928 2680 non

1107 2693 1298 2726 sumpserunt
1320 2691 1466 2728 ignobiles
1481 2694 1550 2728 (non
1566 2694 1643 2722 enim
1661 2697 1732 2722 tunc
1748 2695 1932 2726 solummodo

1106 2771 1169 2806 9.183
1187 2763 1286 2806 .UTktf“
1297 2764 1751 2806 Fl‘;..!lan¢£_litundElmenh-
1782 2767 1832 2795 der
1864 2769 1930 2806 Rep-

1109 2799 1233 2835 Venedig.
1249 2801 1280 2828 Τ.
1294 2802 1306 2826 1
1322 2800 1419 2836 (Wien
1432 2801 1511 2834 1856)
1527 2809 1556 2837 p.
1570 2799 1699 2830 179-189.
