1973 3154
84 181 133 212 458

84 246 183 275 Bomeis
197 246 267 274 servi
282 248 375 280 erant,
392 254 494 274 verum
518 246 606 274 etiam
622 245 687 274 aliis
702 245 886 281 temporibus
900 246 927 280 Α

83 294 105 320 et
117 291 190 325 locis,
206 291 240 318 de
255 290 362 326 quibus
378 299 431 326 per
443 293 541 326 partes
561 290 722 326 exprimere
738 289 883 326 prolixum

83 336 137 371 est),
164 344 179 362 a
204 337 299 362 nostra
335 335 525 363 sublimitatis
564 335 800 371 progenitoribus
827 342 884 361 non

83 380 188 408 minima
197 379 305 415 premia
317 379 413 416 adepti
425 381 505 412 sunt,
517 388 608 407 unum
619 379 767 415 quoddam
779 386 885 414 corpus

83 424 204 452 unanima
218 432 283 451 cum
301 424 443 451 Romanis
458 424 552 451 eﬁ'ecti
570 432 627 452 uno
652 423 756 459 capite,
773 423 828 450 hoc
843 422 884 450 vi-

82 469 171 497 delioet
181 468 309 504 imperio,
327 468 570 504 dispensandum.
587 467 641 495 Alii
658 468 696 504 (5)
712 468 753 495 sic
769 467 842 495 uniti
859 469 887 495 et

81 510 204 541 Romanis
236 512 360 540 maxime
385 512 492 545 devoti,
521 513 628 541 occulti
658 514 694 540 ob
730 513 885 548 cujusdam

80 565 164 585 rerum
178 565 328 584 excessum
344 556 486 584 Romanis
510 556 598 584 alieni
625 557 720 585 effecti
738 559 817 585 sunt.
832 557 886 584 Ve-

80 604 229 629 rumtamen
257 601 397 637 quoniam
428 601 476 637 pia
505 604 607 630 nostra
634 601 834 638 tranquilitate
857 601 887 628 in

79 645 280 682 progenitorum
305 654 426 674 suorum
455 649 570 682 sceptra
586 646 710 674 Romani
740 646 887 682 imperiis

79 691 126 718 Deo
149 692 279 726 promota
306 689 437 718 Venetici
467 689 653 718 dilectionem
682 692 711 718 et
736 689 886 718 servitium

78 743 134 770 erga
155 734 324 762 Romaniam
349 737 534 762 sacramento
559 742 697 762 renovare
721 734 886 770 voluerunt,

78 779 209 806 notiﬁoata
237 779 267 806 in
298 779 502 814 conventione,
529 787 618 815 quam
648 779 771 815 imperio
788 781 887 806 nostro

78 825 101 851 et
113 823 243 851 Romanis
260 823 402 858 fecerunt,
420 823 731 859 capitulajuramento
753 823 887 851 corrobo-

79 870 173 902 rantes,
199 867 358 903 imperium
387 867 524 902 equidem
560 869 694 895 nostrum
724 869 757 894 ad
787 874 889 894 eorum

79 912 223 945 servitium,
250 920 308 947 que
331 911 389 948 ipsi
412 920 481 948 sepe
505 912 646 940 Romanis
671 912 811 946 fecerunt,
829 919 889 939 me-

80 955 187 984 moriam
202 956 322 984 veniens
337 956 388 992 (6),
403 964 454 984 eos
469 964 561 992 usque
586 956 615 983 in
633 956 719 984 finem
746 956 857 984 alienos
872 964 889 983 a

78 1000 203 1028 Romanis
219 1009 276 1028 non
293 1001 354 1028 fore
372 1002 489 1035 justum
510 1001 667 1037 reputavit,
692 1001 822 1036 suscepit
836 1009 886 1028 au-

79 1047 127 1072 tem
141 1053 186 1072 eos
214 1044 335 1078 iterum,
367 1045 567 1073 misericordia
592 1046 715 1080 januam
746 1045 888 1081 pandens,

78 1096 224 1125 corpusque
241 1089 366 1117 Romani
382 1089 567 1126 principatus
582 1090 617 1117 ad
634 1089 789 1125 pristinam
806 1089 873 1117 rede

78 1133 113 1170 git
122 1133 326 1170 integritatem,
345 1135 509 1162 membrum
532 1135 596 1171 ejus
622 1137 809 1171 amputatum
825 1143 890 1162 rur-

78 1186 133 1206 sum
152 1178 207 1214 ipsi
228 1179 408 1214 adjungens.
439 1179 583 1212 Quoniam
610 1187 677 1207 vero
693 1181 891 1215 poposcerunt

79 1224 196 1250 nostram
213 1223 441 1257 sublimitatem,
459 1226 596 1259 rogantes
623 1223 803 1251 crisobulum
819 1224 892 1260 ipsis

80 1267 176 1294 factum
192 1276 209 1294 a
230 1276 350 1304 semper
371 1268 449 1295 inter
478 1268 670 1304 imperatores
700 1269 892 1296 memorando

79 1314 170 1347 patruo
185 1311 302 1348 imperii
320 1312 424 1346 nostri,
440 1312 559 1340 domino
585 1312 718 1340 Manuale
733 1314 891 1347 Comnano,

79 1355 241 1384 conﬁrmans
268 1356 432 1392 cbysobula
455 1356 529 1392 ipsis
556 1356 698 1384 hactenus
723 1357 798 1384 facta
822 1357 892 1393 piis-

79 1399 208 1428 simorum
215 1409 390 1436 semperque
398 1401 658 1428 memorandorum
671 1400 892 1436 imperatorum,

79 1443 201 1472 videlicet
224 1444 326 1481 proavi
350 1445 466 1480 imperii
496 1445 588 1472 nostri
613 1445 725 1473 domini
753 1445 844 1473 Alexii
865 1447 894 1472 et

80 1488 166 1524 magni
182 1490 278 1525 patrui
295 1489 406 1517 domini
422 1489 566 1517 Johannis
576 1491 805 1524 Comnanorum,
816 1497 893 1517 com-

80 1533 178 1562 iirmari
193 1543 259 1562 cum
276 1534 382 1562 ceteris
405 1538 433 1562 et
452 1543 469 1562 a
493 1538 594 1562 nostra
618 1534 782 1568 clementia,
798 1534 893 1570 impe-

81 1577 145 1605 rium
175 1581 312 1606 nostrum
351 1581 380 1606 et
408 1578 484 1606 hanc
521 1578 757 1614 deprecationem
791 1586 892 1605 eorum

80 1623 227 1660 adimplens
255 1623 414 1651 conﬁrmat
450 1631 502 1660 per
534 1631 655 1659 presens
683 1623 892 1659 chrysobulum
910 1619 930 1652 Ε

79 1667 188 1695 verbum
217 1676 308 1696 suum
338 1668 414 1696 idem
443 1676 544 1696 eorum
575 1667 780 1704 chysobulum,
818 1668 894 1703 quod

81 1711 170 1747 sicque
185 1713 292 1740 habet:

905 936 928 969 B

111 1766 124 1780 α
151 1757 182 1785 Et
208 1757 319 1794 aliquis
347 1757 528 1785 ﬁrmioribus
556 1756 724 1785 civitatibus
748 1755 895 1784 fortitudi-

81 1808 139 1828 nem
164 1802 270 1830 addere
295 1802 396 1830 volens
418 1802 562 1829 secundas
585 1802 763 1829 munitiones
783 1800 897 1836 excogi-

81 1845 153 1880 tavit,
175 1849 203 1874 et
231 1847 408 1875 custodibus
439 1847 587 1874 custodias
617 1847 770 1882 murisque
797 1853 897 1874 muros

84 1889 189 1924 adjecit,
205 1893 234 1918 et
249 1891 382 1919 hostium
396 1890 556 1919 insultibus
568 1891 729 1919 fortissima
743 1891 896 1928 opposuit;

83 1937 120 1960 set
133 1937 161 1962 et
176 1936 238 1963 auri
255 1936 373 1971 pondus
394 1944 481 1971 grave
505 1936 593 1970 hujus
619 1936 712 1972 gratia
727 1937 898 1972 expendere,

83 1981 107 2005 et
130 1980 298 2015 perfectioni
330 1981 461 2008 custodis
490 1980 630 2016 prolixius
658 1983 775 2017 tempus
794 1983 898 2015 terere,

82 2025 106 2050 et
119 2024 172 2052 alia
185 2025 271 2060 plura
295 2025 332 2052 ad
357 2025 484 2053 civitatis
509 2025 677 2054 ﬁrmitatem
698 2028 786 2062 atque
801 2028 900 2053 custoo

82 2067 150 2096 diam
167 2068 267 2106 largiri
284 2078 344 2097 non
370 2069 515 2097 retutavit.
547 2069 604 2098 Nos
621 2078 688 2098 vero
710 2073 739 2098 et
763 2079 830 2097 cum
846 2071 900 2097 deo

82 2111 259 2146 imperatorio
289 2113 455 2150 principatu
485 2114 640 2148 succincti,
669 2116 698 2142 et
727 2116 900 2150 potestatem

82 2158 159 2192 atque
169 2157 308 2185 virtutem
326 2158 479 2192 habentes,
495 2166 548 2186 nec
573 2166 631 2186 non
655 2160 684 2186 et
709 2157 901 2194 pecuniarum

81 2201 236 2236 thesauros,
254 2203 305 2230 ubi
323 2203 417 2239 placet
432 2206 460 2231 et
483 2204 643 2232 necessitas
673 2204 773 2240 exigit,
790 2203 901 2239 largius

83 2246 266 2283 ell‘undenles,
298 2256 357 2275 non
386 2248 546 2284 largiemur
574 2248 676 2277 amicis
705 2247 845 2276 ﬁdelibus
874 2249 903 2275 et

629 179 825 211 NOVELL/E
846 179 1196 211 CONSTITU’I‘IONES.

1705 182 1766 212 454

943 245 1061 281 quidem
1078 246 1185 274 factum
1202 247 1231 273 et
1247 254 1263 273 a
1279 247 1418 282 perpetuo
1434 245 1574 274 memorie
1589 247 1641 274 aut
1655 245 1694 282 (8)
1708 246 1765 273 im-

940 290 1012 326 perii
1042 290 1132 318 nostri
1162 290 1381 326 chrysobulum,
1407 290 1522 318 diversa
1549 290 1622 326 ipsis
1639 289 1766 326 largiens

939 334 1126 363 liberalitatis
1138 335 1288 363 beneﬁcia.
1305 334 1445 371 Sequitur
1460 337 1558 362 autem
1574 335 1673 371 ipsum
1699 343 1766 362 mox

940 383 968 408 et
983 380 1107 408 alterum
1124 389 1140 408 a
1169 389 1286 416 semper
1311 380 1500 408 memorando
1516 384 1544 408 et
1567 383 1611 408 ter
1633 380 1716 408 beato
1729 380 1766 408 ab

941 425 1138 460 omnibusque
1175 426 1280 453 dilecto
1319 425 1439 452 domino
1477 427 1505 452 et
1542 427 1624 460 patre
1653 425 1766 460 imperii

941 469 1045 501 nostri,
1062 470 1162 497 eadem
1180 470 1254 505 ipsis
1275 469 1459 503 impertiens,
1475 472 1504 496 at
1527 469 1694 505 appositum
1711 471 1766 504 est,

941 514 1017 549 quod
1035 516 1105 541 tunc
1131 514 1239 550 petiere
1262 516 1291 541 et
1305 517 1382 541 certe
1405 514 1442 549 (9)
1459 514 1494 541 ad
1522 514 1768 541 restaurationem

941 558 1107 591 amborum,
1124 558 1190 586 ﬁdei
1206 561 1234 585 et
1248 558 1399 586 servitutis
1423 557 1566 592 videlicet,
1595 566 1684 593 quam
1699 566 1770 593 erga

941 602 1098 637 imperium
1125 605 1258 630 nostrum
1284 602 1441 636 habebant,
1466 604 1494 629 et
1517 602 1622 630 sinceri
1647 602 1767 636 amoris,

942 655 1029 682 quem
1045 655 1112 683 erga
1127 647 1301 675 Romaniam
1324 647 1479 674 observare
1504 645 1626 682 polliciti
1643 647 1769 681 fuerant,

943 698 996 718 nec
1020 699 1078 719 non
1100 694 1128 719 et
1156 692 1290 720 affectus.
1316 690 1520 719 Necessarium
1548 690 1637 726 igitur
1664 692 1721 724 est,
1742 692 1770 718 et

943 738 1069 771 utraque
1098 736 1224 764 hiisdem
1263 744 1336 772 quas
1364 736 1374 753 ⁰
1398 736 1548 762 continent
1587 735 1767 762 dictionibus

944 780 1072 815 presenti
1090 783 1188 808 nostre
1204 780 1372 808 serenitatis
1392 779 1568 815 chrysobulo
1591 788 1668 806 nunc
1684 779 1768 807 inno-

942 824 1016 858 vari,
1039 827 1187 860 quatenus
1211 825 1301 852 veluti
1325 824 1470 852 civitatem
1499 823 1530 850 in
1559 823 1653 851 medio
1680 824 1768 851 sitam

944 869 1070 897 summis
1082 869 1226 905 presentis
1239 869 1351 897 scilicet
1366 867 1535 904 chrysobuli
1544 876 1595 904 per
1606 868 1705 895 omnia
1714 868 1771 895 col-

944 913 1071 949 ligemus
1087 915 1116 941 et
1136 913 1317 941 muniamus.
1333 913 1426 940 Habet
1449 913 1548 948 itaque
1565 911 1607 940 sic
1630 914 1769 948 perpetua

944 958 1084 986 memorie
1114 958 1300 994 imperatoris
1329 957 1441 985 domini
1475 959 1503 984 et
1532 956 1625 992 patris
1653 956 1770 992 imperii

945 1003 1036 1030 nostri
1053 1002 1260 1038 chrysobulum
1276 1011 1282 1030 :

981 1057 995 1071 «
1011 1047 1164 1074 Consuevit
1180 1054 1248 1082 sepe
1271 1045 1422 1081 antiquior
1443 1045 1515 1073 ﬁdes
1537 1046 1565 1072 et
1589 1044 1700 1072 devotio
1717 1052 1768 1080 po-

945 1091 1127 1119 asteriorem
1156 1090 1396 1119 mallivolentiam
1425 1092 1578 1125 contegere
1607 1090 1635 1116 et
1660 1088 1767 1125 delere,

945 1147 959 1160 «
977 1135 1060 1163 victis
1075 1135 1201 1163 dominis
1217 1138 1245 1163 et
1260 1135 1364 1162 amicis
1391 1134 1533 1161 memoria
1557 1133 1682 1169 pristino
1698 1134 1768 1161 sub-

947 1191 961 1206 «ι
977 1180 1106 1208 ditorum
1122 1183 1150 1208 et
1166 1180 1329 1207 amicorum
1354 1178 1512 1210 bonitatis;
1538 1177 1625 1213 quale
1648 1186 1727 1205 nunc
1742 1179 1771 1205 et

948 1235 962 1250 ι(
977 1225 1014 1252 de
1035 1224 1175 1252 Veniticis
1196 1224 1326 1260 contigit.
1354 1223 1510 1259 Imperium
1536 1222 1614 1250 enim
1635 1225 1769 1250 nostrum

948 1280 962 1295 ‹‹
976 1269 1168 1297 reminiscens
1186 1277 1288 1297 eorum
1314 1268 1434 1303 antique
1458 1267 1624 1295 devocionis
1649 1269 1677 1294 et
1692 1267 1770 1300 ﬁdei,

948 1327 961 1340 α
978 1323 1068 1350 quam
1095 1323 1165 1351 erga
1189 1316 1328 1351 perpetua
1358 1313 1497 1341 memorie
1525 1313 1729 1348 imperatorem
1743 1315 1771 1340 et

949 1371 963 1386 ‹‹
980 1359 1202 1388 desiderabilem
1217 1359 1371 1387 dominum
1387 1360 1415 1386 et
1428 1360 1539 1394 patrem
1551 1357 1666 1393 imperii
1678 1357 1770 1385 nostri

951 1415 962 1428 ι
978 1404 1146 1438 exhibuere,
1163 1403 1292 1440 pericula
1315 1411 1365 1439 pro
1390 1402 1529 1430 Romanis
1556 1401 1728 1434 subeuntes,
1744 1403 1772 1428 et

949 1459 963 1474 «
979 1450 1040 1476 toto
1055 1449 1151 1483 corde,
1168 1456 1235 1475 cum
1251 1447 1423 1482 inambigua
1445 1446 1617 1474 strenuitate
1636 1453 1772 1481 pugnan-

948 1497 1021 1521 «tes
1050 1495 1151 1521 contra
1179 1493 1288 1526 hostes,
1318 1491 1368 1527 qui
1398 1493 1468 1518 tunc
1498 1498 1561 1518 eam
1594 1490 1771 1525 invaserant,

949 1548 963 1562 α
981 1537 1066 1573 paulo
1092 1540 1158 1565 ante
1185 1537 1260 1564 male
1289 1537 1325 1563 ab
1353 1536 1396 1563 eis
1423 1537 1503 1571 gesta
1532 1534 1718 1569 contempsit,
1745 1535 1773 1561 et

949 1593 960 1606 ι
978 1582 1172 1609 reversionem
1189 1589 1290 1609 eorum
1307 1580 1445 1614 suscepit,
1477 1579 1577 1613 eisque
1592 1581 1697 1605 nutum
1714 1577 1772 1614 yla—

950 1638 963 1651 ‹‹
980 1634 1041 1653 rem
1071 1625 1209 1659 ostendit,
1238 1627 1266 1652 et
1295 1624 1467 1652 accedentes
1496 1631 1545 1650 eos
1574 1621 1772 1658 amplexatum

949 1673 1035 1702 «est,
1065 1673 1093 1697 et
1115 1670 1208 1706 primo
1238 1669 1357 1704 quidem
1386 1667 1570 1703 indulgentia
1597 1674 1647 1694 eos
1668 1666 1773 1702 dignos

950 1726 964 1740 ‹‹
982 1715 1060 1748 facit,
1076 1716 1109 1742 ut
1123 1717 1151 1742 et
1166 1714 1285 1750 penitus
1301 1712 1412 1740 nullam
1429 1712 1534 1740 amodo
1548 1711 1673 1739 subeant
1687 1711 1774 1739 lesio-

952 1769 967 1784 «
983 1767 1049 1787 nem
1066 1767 1117 1795 pro
1137 1759 1204 1791 hiis,
1230 1766 1286 1794 que
1309 1758 1337 1785 in
1362 1756 1568 1785 celsitudinem
1598 1758 1729 1783 nostram
1745 1757 1774 1783 et

951 1815 965 1829 ‹‹
982 1804 1153 1831 Romaniam
1180 1811 1214 1830 ex
1242 1802 1386 1830 diabolica
1407 1800 1594 1829 infestatione
1620 1800 1774 1828 commise-

955 1858 969 1874 ι
984 1850 1062 1881 runt,
1080 1856 1178 1876 verum
1204 1847 1331 1875 habeant
1358 1846 1510 1874 assiduam
1533 1844 1651 1881 pietatis
1674 1847 1775 1872 nostra

953 1905 967 1919 ‹‹
984 1893 1197 1929 indulgentiam
1215 1900 1265 1927 per
1287 1899 1407 1927 presens
1431 1890 1641 1926 chrysobulum
1665 1889 1708 1917 eis
1722 1889 1782 1917 col-

955 1938 1083 1971 ulatam,
1112 1937 1318 1973 pollicentibus
1345 1938 1374 1963 et
1403 1943 1520 1962 rursum
1545 1942 1579 1962 ex
1607 1936 1667 1962 toto
1691 1934 1779 1962 corde

954 1991 1034 2020 «pro
1064 1981 1208 2010 Romanis.
1236 1989 1367 2017 pugnare
1395 1983 1423 2007 et
1452 1987 1503 2015 pro
1532 1979 1613 2006 omni
1640 1977 1778 2005 cristiano

958 2038 971 2055 α
985 2027 1088 2056 ordine
1103 2027 1157 2054 sub
1174 2028 1274 2053 nostra
1290 2025 1431 2053 existente
1454 2023 1619 2056 clementia,
1636 2022 1779 2057 quedam-

955 2086 968 2099 ‹‹
986 2081 1042 2109 que
1058 2072 1196 2108 specialia
1220 2070 1338 2099 servitia
1362 2070 1472 2104 scripta
1498 2077 1548 2104 per
1572 2067 1779 2096 conventiones

959 2128 972 2144 α
987 2116 1154 2146 celsitudini
1180 2118 1279 2143 nostre
1302 2117 1330 2141 et
1360 2113 1500 2141 Romanis
1524 2113 1677 2140 observare
1693 2110 1778 2146 polli-

957 2161 1062 2196 «citis,
1098 2160 1260 2188 secundum
1299 2159 1377 2194 quod
1413 2157 1566 2185 conventio
1605 2165 1622 2183 a
1661 2154 1778 2182 nunciis

958 2217 972 2232 ‹‹
988 2214 1088 2234 eorum
1103 2206 1180 2232 facta
1207 2204 1242 2231 de
1270 2203 1317 2231 his
1337 2202 1425 2230 latius
1450 2203 1559 2229 narrat.
1589 2201 1624 2228 Et
1638 2199 1778 2235 quoniam

957 2263 970 2277 ‹‹
988 2251 1134 2286 petierunt
1149 2249 1225 2276 idem
1242 2247 1453 2284 chrysobulum
1477 2245 1550 2281 ipsis
1575 2245 1685 2272 factum
1702 2243 1780 2271 beati

82 2289 223 2325 benivolis,
250 2295 280 2320 et
305 2300 440 2320 sermone
466 2301 617 2320 sermones
645 2293 899 2328 conﬁrmabimus,
915 2301 940 2334 Ι)
957 2307 971 2322 ‹‹
987 2293 1173 2331 imperatoris
1188 2292 1298 2320 domini
1315 2294 1343 2319 et
1358 2291 1449 2327 patris
1472 2289 1585 2326 imperii
1607 2288 1700 2316 nostri
1712 2295 1780 2334 cor-

82 2341 252 2372 manumque
264 2337 302 2364 ad
315 2336 545 2364 ministrandum
557 2337 635 2365 stillo
647 2337 851 2365 exhibebimus
863 2337 899 2364 ad

82 2385 172 2407 eorum
188 2381 469 2414 corroborationem,
496 2383 525 2409 et
548 2381 656 2408 vallum
684 2381 759 2409 vallo
778 2381 900 2408 adbibe-

83 2423 183 2457 bimus,
210 2429 360 2462 quatenus
388 2426 457 2454 olim
482 2427 524 2455 eis
540 2427 690 2454 munimen
720 2427 899 2454 custoditum

83 2470 277 2499 custodiamus
293 2473 322 2499 et
346 2471 516 2500 muniamus
527 2471 541 2499 ‘I
555 2473 590 2498 Et
604 2471 654 2499 ubi
669 2471 723 2499 hoc
739 2471 900 2507 imperialis

83 2511 273 2542 benevolentis
289 2517 319 2542 et
333 2515 502 2549 voluntatis,
521 2523 578 2543 non
594 2515 768 2550 eisjanuam
781 2515 901 2551 opilabi-

85 2563 143 2585 mns
157 2558 204 2593 (7),
221 2567 275 2586 nec
291 2559 426 2587 auditum
441 2560 484 2588 eis
495 2560 671 2595 serabimus,
691 2568 792 2587 verum
808 2559 900 2587 lecius

84 2607 127 2627 eos
140 2602 338 2638 adspiciemus
353 2605 382 2631 et
397 2603 565 2639 petitionem
585 2611 686 2632 eorum
702 2603 898 2639 perﬁciamus.

84 2645 114 2672 Et
126 2646 193 2681 quid
219 2647 294 2674 mihi
317 2647 352 2675 ad
378 2648 491 2675 favores
519 2647 689 2676 sermonis?
717 2647 834 2675 Venetis
856 2649 902 2676 est

115 2733 148 2767 (5ἶ
165 2734 296 2763 Editores
310 2735 467 2773 legendum
484 2739 622 2764 censent:
645 2736 678 2764 At
693 2736 716 2764 ii
731 2736 827 2764 Recte.

117 2771 152 2801 (6)
166 2770 301 2799 Vertens.

314 2809 434 2849 nqtapt:
457 2807 646 2849 obserabimys
669 2816 758 2845 supra
772 2807 899 2849 legitur;

89 2846 120 2867 an
142 2841 350 2872 obturabimm.’
375 2845 449 2873 Tene
477 2846 576 2873 tamen
605 2841 731 2874 formam
760 2841 899 2873 rariorem

955 2353 969 2367 «
986 2340 1040 2377 rigi
1070 2338 1185 2375 sibique
1211 2338 1317 2364 iterum
1343 2336 1416 2370 dari,
1447 2335 1517 2370 quia
1533 2335 1595 2369 jam
1627 2341 1660 2360 eo
1675 2331 1780 2377 privati

955 2397 969 2411 ‹‹
986 2376 1101 2413 fuerant
1117 2392 1167 2419 pro
1183 2381 1240 2409 hiis
1251 2388 1308 2417 que
1323 2380 1489 2408 acciderant
1503 2377 1608 2414 culpis,
1625 2376 1780 2404 clementia

954 2442 969 2455 «
987 2433 1087 2457 nostra
1106 2436 1155 2456 eos
1178 2425 1326 2453 exaudivit
1350 2423 1546 2460 precepitque,
1572 2420 1780 2449 inviolabiliter

956 2486 970 2500 α
986 2475 1041 2502 hoc
1055 2476 1154 2501 tamen
1170 2470 1259 2498 scribi
1276 2471 1304 2497 et
1319 2469 1365 2496 hic
1382 2467 1462 2504 poni,
1478 2467 1521 2495 sic
1535 2467 1648 2494 habens
1662 2474 1667 2494 ε

991 2520 1022 2546 Et
1036 2517 1102 2554 quid
1122 2524 1243 2552 unquam
1266 2517 1304 2542 est
1332 2512 1507 2541 commutatio
1536 2519 1641 2544 eorum,
1656 2518 1707 2546 que
1721 2510 1781 2538 sin-

954 2572 1015 2593 cere
1029 2562 1186 2591 dilectionis
1214 2563 1239 2587 et
1260 2559 1324 2594 ﬁdei
1347 2557 1434 2586 sunt?
1448 2558 1481 2584 Et
1506 2564 1586 2592 quem
1610 2556 1712 2583 amicis
1725 2555 1779 2582 mi-

954 2609 1112 2643 nistrisque,
1126 2605 1288 2641 peribulu-m
1312 2603 1406 2630 subire
1427 2602 1537 2638 paratis
1549 2609 1599 2637 pro
1622 2599 1741 2628 dominis
1756 2601 1781 2626 et

954 2654 1060 2688 amicis,
1075 2651 1172 2679 reddet
1189 2651 1248 2686 quis
1265 2648 1406 2681 talionem,
1430 2649 1457 2674 et
1483 2646 1606 2674 maxime
1629 2649 1701 2677 tunc.
1717 2649 1780 2671 cum

955 2735 1024 2772 opil.

991 2772 1028 2807 (8)
1046 2773 1117 2805 Lege
1131 2776 1193 2807 auc.

990 2804 1029 2843 (9)
1042 2804 1176 2841 Cariam}?
