1973 3154
208 163 269 193 455

859 162 988 194 ISAACI
1013 161 1159 193 ANGELI
1179 162 1264 194 IMP.

1831 167 1878 198 456

208 230 264 266 ipsi
278 231 434 258 voluntarie
443 238 493 266 pro
521 238 561 258 eis
585 230 800 259 inimicitiarum
824 230 960 258 intersunt
978 237 1031 265 pu-
1049 228 1077 262 Α
1092 228 1157 257 bene
1170 229 1206 257 ad
1225 230 1373 259 chelamtia
1397 230 1471 259 dari.
1503 230 1642 259 Concessit
1669 233 1755 259 autem
1776 231 1881 261 celsitudo

207 276 271 309 gnis
284 277 296 301 ξ
310 276 341 303 Et
358 274 467 311 quidem
486 277 578 303 nostre
599 275 779 303 benivolentie
795 275 959 308 liberalitas,
975 282 1034 302 ma-

205 328 289 354 gnam
313 320 383 347 hanc
411 327 472 347 rem
494 328 607 354 ponens,
637 320 747 347 nullam
772 320 890 355 repperit
914 318 1035 346 retribu-

206 364 317 391 tionem.
354 364 544 392 Vcrumtamen
584 365 735 397 retribuit,
765 369 899 399 quantum
930 365 1037 398 tempus

205 407 294 444 offert,
310 410 336 436 et
355 416 405 443 que
427 409 522 436 amicis
538 410 565 436 et
592 410 734 437 ministris
759 413 823 436 sunt
843 408 1035 443 acceptabilia.

204 452 274 480 Sunt
289 453 378 487 igitur
389 461 432 486 ea,
450 461 500 488 que
515 453 711 481 retribuuntur
732 455 772 481 eis
786 453 854 488 ﬁdei
877 454 1036 488 sincereque

203 497 345 525 servitutis
374 498 622 533 renumerationes,
652 503 747 526 nostra
786 497 894 534 quidem
922 497 1036 528 liberali

202 542 343 569 voluntate
372 543 546 578 benivoloque
577 544 670 571 animo
697 544 809 571 minora
835 546 862 570 et
887 542 1034 578 pauciora,

201 594 256 613 non
280 588 373 614 autem
396 587 530 622 ignobilia
554 588 667 623 aliqua,
684 595 733 615 ncc
760 588 857 615 amicis
885 587 927 615 vel
950 588 1036 615 servis

202 632 333 665 indigna.
354 634 456 660 Verum
481 633 551 669 quid
577 633 662 660 michi
683 634 839 668 proemium
863 632 1035 661 vult?Fide-

204 675 274 704 lium
285 679 359 712 gesta
386 677 573 705 Veneticorum
598 677 697 705 nullus
726 677 758 706 de
781 677 940 706 hominibus
956 678 1034 712 igno-

199 721 284 749 ravit.
300 721 426 755 Qualiter
447 726 540 749 autem
563 723 704 757 mirifcris
728 723 896 750 constructis
916 723 1034 750 navibus

198 765 400 800 Epidamnum,
412 766 484 802 quod
495 775 544 794 nos
558 767 730 795 Durachium
739 775 879 800 vocamus,
891 767 1034 795 venerint:

198 811 226 837 et
241 810 313 837 viros
328 811 396 838 navi
408 815 569 847 pugnantes
581 812 650 838 innu
660 819 749 839 meros
765 813 795 839 in
805 812 947 839 auxilium
957 812 1034 855 nobis

199 854 370 889 obtulerunt,
384 856 555 891 proprioque
577 855 661 884 stollo
694 855 827 884 scelerosi
840 856 942 883 stolum
956 854 1034 892 illia;

200 901 324 934 potenter
338 899 496 932 devicerint,
521 900 668 934 perdentes
692 909 755 928 cum
776 901 842 936 ipsis
856 901 945 932 viris;
960 908 1029 935 qua-
1044 915 1069 948 B

201 943 318 978 literque
332 943 420 971 adhuc
443 945 521 972 nobis
547 946 672 979 faventes
697 947 898 980 permaneant;
917 949 943 972 et
957 944 1027 979 alia,

199 995 251 1023 que
266 989 295 1015 in
316 989 389 1015 mari
405 989 591 1017 laborantibus
617 990 660 1017 his
684 989 810 1018 videlicet
829 990 897 1018 viris
918 992 1030 1025 peracta

199 1036 273 1066 sunt,
302 1036 327 1060 et
351 1041 402 1067 que
429 1036 550 1061 correcta
578 1042 671 1062 omnes
698 1038 844 1068 noverunt,
874 1043 1031 1070 quanquam

198 1084 245 1104 nos
268 1085 322 1105 non
346 1077 494 1106 dicamus?
525 1080 686 1114 Eapropler
714 1079 751 1107 ad
778 1079 1031 1107 renumerationem

199 1120 359 1155 huiusmodi
372 1123 550 1150 servitiorum
565 1131 660 1150 eorum
685 1124 835 1151 clementia
858 1125 952 1151 nostra
967 1131 1030 1151 con-

198 1166 277 1193 cessit
291 1174 341 1202 per
355 1175 467 1203 presens
489 1167 664 1195 crisobulum
680 1176 724 1196 eos
746 1169 895 1196 annuatim
912 1169 1033 1203 tempore

197 1211 333 1245 eroga-livi
347 1213 473 1247 accipere
487 1212 683 1247 sollempnium
707 1213 810 1247 viginti
825 1213 921 1246 libras,
935 1216 1032 1248 quate-

197 1263 250 1282 nus
262 1263 314 1290 per
328 1256 453 1284 ecclesias
467 1256 626 1284 distribuan
638 1259 648 1284 t
661 1258 791 1293 proprias
803 1257 952 1285 secundum
965 1257 1033 1285 velle

197 1307 286 1327 suum.
311 1301 458 1328 Honoravil
472 1305 562 1329 autem
586 1304 612 1329 et
640 1302 850 1330 nobilissimum
872 1302 966 1329 ducem
985 1301 1033 1329 ho-

196 1345 379 1373 noratissima
404 1347 586 1380 protosevasti
608 1346 751 1381 dignitate
771 1355 833 1374 cum
855 1347 958 1374 salario
972 1347 1031 1382 ejus

196 1389 357 1424 plenissimo
371 1400 380 1423 ,-
395 1398 444 1417 nec
474 1391 504 1417 in
519 1398 637 1426 persona
662 1391 722 1426 ejus
745 1391 880 1419 duntaxat
902 1391 1031 1419 honorem

197 1434 280 1461 istum
293 1433 500 1467 determinavit,
527 1443 576 1463 nec
598 1435 795 1463 indesinentem
819 1437 845 1463 et
866 1438 1031 1471 perpetuum

195 1486 226 1506 ac
240 1478 395 1506 secundum
409 1480 593 1507 successiones
605 1481 729 1515 precepit
742 1488 802 1508 eum
819 1481 878 1515 [ore
898 1480 1028 1522 ducibus,

195 1524 243 1558 qui
256 1531 304 1558 per
318 1525 443 1558 tempora
459 1525 549 1551 erunt.
566 1524 705 1552 Similiter
718 1526 866 1553 honoravit
882 1524 1029 1552 clementia

194 1571 289 1594 nostra
302 1569 496 1603 patriarchum
511 1576 605 1596 eorum
623 1570 800 1604 Ypertimum,
823 1569 852 1597 id
874 1573 914 1597 est
927 1577 1027 1604 super-

195 1612 396 1648 honorabilem,
422 1621 485 1640 cum
514 1614 622 1641 salario
649 1613 787 1642 librarum
818 1615 876 1646 XX;
903 1618 930 1642 et
957 1614 1030 1642 hunc

195 1655 328 1684 honorem
347 1658 498 1686 secundum
521 1658 701 1686 successiones
736 1659 771 1686 ad
792 1661 914 1694 posteros
939 1659 1027 1695 patri-

194 1700 291 1728 archas
319 1703 463 1737 trasmisit,
494 1706 634 1738 quatenus
672 1707 698 1730 et
726 1705 774 1730 his
802 1704 958 1731 indesinens
992 1703 1029 1731 sit

193 1748 217 1772 et
229 1748 394 1781 perpetuuus
409 1751 434 1774 et
448 1755 504 1774 non
519 1748 629 1774 tantum
653 1755 772 1782 persone
794 1748 863 1782 ejus.
881 1748 1028 1776 Constituit

193 1792 284 1817 autem
312 1791 447 1818 serenitas
475 1795 569 1818 nostra
597 1793 624 1818 et
650 1792 860 1819 sanctissimam
883 1791 1027 1820 ecclesiam

190 1835 280 1861 sancti
305 1834 427 1869 apostoli
455 1839 480 1862 et
507 1835 675 1870 evangeliste
702 1836 797 1863 Marci.
834 1836 943 1865 Venicie
966 1838 1025 1864 exi-

192 1878 316 1910 stentem,
333 1879 366 1905 ab
395 1887 450 1906 uno
473 1887 578 1914 quoque
607 1880 843 1915 Amalﬁtanorum
871 1881 1025 1910 Constanti-

190 1921 284 1956 nopoli
306 1924 331 1950 et
360 1923 387 1949 i“.
418 1925 475 1950 tota
505 1925 629 1952 Romana
658 1926 821 1960 ergasteria
849 1925 1023 1959 habentium,

189 1969 215 1993 et
228 1966 277 1994 sub
304 1969 441 2002 potestate
469 1969 539 1996 dicti
569 1969 723 2004 patriciati
750 1971 939 2005 existentium,
969 1979 1023 1999 uno

190 2019 295 2047 quoque
315 2021 387 2040 anno
403 2015 524 2050 accipere
549 2015 725 2042 numismata
748 2024 883 2051 yperpera
896 2017 961 2044 tria.
980 2017 1023 2044 ,ιιι

188 2055 239 2084 hoc
255 2056 376 2090 largitur
391 2059 431 2086 eis
449 2063 475 2086 et
497 2060 653 2095 ergastoria
678 2061 708 2087 in
729 2060 805 2088 embo
815 2060 841 2088 lo
866 2063 1023 2091 Peramatis

188 2100 217 2128 id
232 2103 273 2128 est
289 2103 430 2130 transitae
452 2103 611 2137 existenlia,
632 2111 695 2130 cum
717 2112 814 2132 eorum
840 2105 958 2140 solariis,
974 2105 1023 2141 qui

189 2145 333 2174 introitum
347 2151 372 2174 et
396 2149 505 2175 exitum
533 2148 636 2176 habent
660 2156 754 2176 versus
782 2149 930 2182 embolum,
952 2157 1020 2185 pra-

187 2190 343 2226 gredicnlia
358 2192 392 2219 ab
421 2192 545 2227 Ebrayca
567 2201 653 2228 usque
681 2194 712 2220 in
729 2193 831 2229 locum,
855 2196 903 2230 qui
918 2195 1021 2222 dicitur

190 2235 281 2269 Vigla,
297 2238 323 2263 et
339 2244 390 2272 que
406 2237 602 2265 inhabilanlur
625 2241 651 2265 et
664 2245 714 2273 que
736 2246 788 2266 non
815 2239 1017 2273 inhabitantur,

1090 276 1183 302 nostra
1197 278 1223 302 et
1239 283 1283 303 eos
1304 276 1448 303 universas
1470 277 1592 303 mercari
1614 276 1714 312 species
1735 277 1762 304 in
1778 277 1882 304 omnibus

1091 319 1221 346 Romanie
1234 320 1373 354 partibus,
1389 320 1516 348 videlicet
1529 321 1603 356 apud
1616 329 1739 356 magnam
1752 321 1882 349 Laodiciam

1090 363 1145 399 (11)
1174 364 1359 399 Antiochiam,
1399 366 1580 398 Mamistam,
1612 365 1749 398 Adanam,
1782 365 1882 398 Tarsum,

1089 408 1220 442 Ataliam,
1251 409 1409 443 Strorilum,
1441 410 1559 443 Chium,
1589 409 1759 444 Theologum,
1786 410 1882 444 Faciam,

1089 453 1268 487 Durachium,
1299 454 1446 487 Aulonum,
1475 454 1628 489 Korphum,
1658 454 1816 488 Bunditiam,
1841 455 1884 481 Me-

1089 497 1216 530 thonum,
1234 497 1392 532 Coronium,
1415 498 1576 534 Nauplium,
1603 498 1884 532 Corinthum,'Thebas,

1090 542 1207 570 Athenas
1239 543 1390 578 Euripum,
1429 543 1647 575 Dimitriadam,
1683 542 1885 576 Thessalonicam,

1091 587 1300 623 Chrysopolim,
1331 587 1557 623 Peritheoriam,
1591 587 1725 622 Avidum,
1759 587 1884 621 Redestum,

1090 631 1318 668 Adrianopolim,
1343 635 1468 668 Aprum,
1497 632 1647 668 lracliam,
1677 631 1845 666 Silimbriam,
1868 633 1888 659 et

1090 676 1162 712 apud
1177 677 1265 712 ipsam
1278 684 1408 712 magnam
1423 676 1527 711 urbem,
1547 678 1573 705 et
1595 676 1755 712 simpliciter
1777 677 1803 704 in
1815 677 1886 704 omni-

1090 720 1139 748 bus
1151 720 1276 756 partibus
1292 721 1341 749 sub
1364 723 1495 757 potestate
1520 722 1613 749 nostre
1625 722 1671 757 pie
1696 720 1886 757 tranquillitatis

1088 766 1277 799 existentibus,
1311 774 1366 793 non
1391 766 1533 802 prebenles
1548 774 1602 802 quo
1629 765 1708 793 modo
1730 773 1777 801 pro
1789 765 1888 801 qualibet

1088 811 1201 846 propria
1215 818 1304 838 merce
1326 811 1473 847 quisquam
1491 811 1668 839 commerchii
1690 811 1784 846 gratia
1795 810 1831 837 vel
1843 809 1887 837 ali-

1088 856 1165 891 cujus
1180 856 1253 883 alius
1267 855 1455 890 condictionis,
1472 863 1524 891 que
1537 855 1601 891 ﬁsco
1620 855 1758 888 debeatur,
1776 854 1887 890 pactici-

1089 899 1190 928 delicet
1204 900 1373 933 xilocalami,
1390 901 1566 933 limenialici,
1590 900 1744 936 portiatici,
1765 898 1886 931 canischii,

1083 943 1211 979 exafolii,
1227 944 1392 972 archonticii
1405 948 1431 972 et
1454 943 1579 972 aliorum
1602 942 1769 976 reddituum,
1792 949 1887 978 quorum

1082 997 1164 1016 causa
1177 990 1318 1023 uegociari
1345 989 1451 1016 debent.
1469 989 1499 1015 Ia
1522 988 1650 1015 omnibus
1675 988 1748 1015 enim
1762 987 1886 1014 mercatib-

1084 1041 1150 1060 num
1165 1033 1230 1061 locis
1251 1033 1315 1061 data
1337 1037 1376 1061 est
1398 1034 1437 1060 eis
1460 1041 1477 1060 a
1503 1035 1604 1060 nostra
1630 1032 1799 1059 sublimitate
1818 1031 1887 1058 libera

1086 1078 1205 1113 licentia,
1222 1077 1318 1106 debens
1332 1078 1489 1113 superiores
1501 1085 1545 1105 eos
1559 1079 1653 1113 facere
1669 1079 1696 1104 et
1711 1077 1772 1112 ipsa
1787 1076 1887 1112 inquisi-

1085 1123 1169 1150 tione.
1184 1122 1318 1150 Excident
1332 1127 1424 1150 autem
1437 1126 1463 1150 et
1483 1122 1516 1149 ab
1533 1123 1591 1158 ipso
1617 1121 1738 1157 eparcho
1750 1119 1887 1156 parathalo-

1085 1169 1138 1195 sita
1154 1167 1220 1204 (11),
1244 1167 1420 1202 eleoparocho
1442 1167 1565 1202 genicho,
1590 1165 1818 1197 commerkiariis,
1836 1164 1887 1191 kar-

1085 1213 1208 1246 tulariis,
1223 1211 1376 1249 yppologis,
1392 1216 1418 1239 et
1440 1211 1596 1247 hujusmodi
1621 1210 1759 1244 omnibus,
1774 1209 1842 1236 nullo
1850 1216 1888 1244 per

1086 1257 1144 1284 loca
1158 1257 1317 1292 principum
1340 1256 1381 1284 vel
1406 1256 1528 1284 aliorum
1549 1255 1666 1283 servitia
1689 1253 1832 1283 communis
1843 1255 1888 1280 tra-

1085 1302 1224 1329 clantium
1250 1303 1424 1337 presumente
1450 1299 1557 1336 aliquid
1585 1307 1682 1327 eorum
1712 1303 1886 1334 contempnere,

1085 1354 1135 1381 que
1150 1345 1194 1373 hic
1215 1345 1342 1382 difﬁnita
1365 1346 1436 1373 sunt.
1464 1344 1599 1373 Omnium
1622 1345 1700 1372 enim
1724 1344 1858 1379 specierum
1869 1344 1888 1368 et

1084 1391 1227 1423 mercium,
1244 1398 1325 1426 quam
1339 1390 1396 1426 (12)
1411 1390 1551 1425 quispiam
1580 1389 1668 1421 dicet,
1691 1388 1789 1416 collata
1812 1386 1887 1414 esteis

1084 1435 1242 1470 negotiatio,
1258 1439 1285 1462 et
1300 1435 1425 1463 omnium
1446 1434 1611 1470 emptionem
1633 1433 1761 1468 faciendi
1774 1431 1888 1460 habebunt

1082 1481 1250 1515 potestatem,
1266 1481 1426 1515 superantes
1450 1487 1559 1506 omnem
1582 1478 1731 1506 dationem.
1755 1478 1803 1505 Hec
1820 1476 1888 1511 igitur

1084 1524 1195 1559 imperii
1206 1525 1294 1551 nostri
1305 1525 1392 1560 pietas
1407 1524 1447 1551 sic
1461 1523 1620 1559 dispensans
1635 1524 1728 1550 sancit
1742 1523 1766 1549 et
1779 1520 1887 1556 precipit,

1083 1569 1192 1596 nullum
1207 1571 1246 1596 eis
1271 1576 1424 1604 repugnare
1440 1572 1573 1603 tanquam
1604 1568 1688 1595 rectis
1711 1571 1738 1595 et
1766 1565 1826 1593 levis
1845 1563 1888 1592 cle-

1043 1596 1065 1630 C
1085 1614 1186 1641 mcntie
1205 1596 1374 1648 noslrelltv3)
1398 1614 1423 1640 et
1447 1596 1542 1640 contra
1567 1611 1657 1640 hostes
1682 1609 1886 1640 auailt'atoribus,

1082 1660 1108 1686 et
1123 1665 1207 1693 usque
1221 1659 1252 1685 in
1267 1657 1349 1692 ﬁnem
1372 1657 1457 1685 seculi
1470 1657 1543 1685 tales
1563 1664 1590 1684 se
1618 1657 1682 1693 fore
1706 1655 1837 1690 pollicitis,
1851 1660 1888 1680 net

1082 1711 1245 1739 quemqnam
1279 1703 1390 1730 omnino
1417 1702 1521 1729 tatibus
1555 1702 1659 1729 sentire
1687 1701 1833 1733 contraria,
1855 1696 1887 1725 vel

1081 1747 1259 1783 allegationes
1287 1747 1398 1782 aliquas
1423 1750 1518 1774 contra
1545 1754 1590 1774 eos
1622 1753 1768 1779 exercere,
1789 1743 1885 1772 collato-

1080 1794 1173 1820 torum
1186 1793 1225 1819 eis
1237 1792 1281 1819 hic
1295 1792 1388 1826 gratia
1410 1791 1626 1826 srgasleriorum
1648 1790 1773 1818 videlicet
1790 1793 1814 1816 et
1826 1785 1884 1815 scal-

1081 1837 1181 1864 larum.
1201 1836 1394 1872 Cujuscunque
1416 1836 1489 1863 enim
1513 1836 1583 1869 iuris
1597 1835 1645 1863 hec
1668 1836 1737 1869 sint,
1752 1835 1805 1862 sive
1816 1831 1884 1861 eccle-

1078 1882 1188 1909 siastici
1201 1881 1258 1909 sive
1279 1881 1384 1917 privati
1408 1881 1458 1908 aut
1480 1880 1586 1915 publici
1612 1880 1670 1908 sive
1688 1883 1779 1908 sancte
1795 1877 1882 1910 domm,

1078 1926 1172 1954 nullus
1188 1928 1280 1954 tamen
1295 1929 1392 1961 tanget
1414 1933 1457 1959 ea,
1473 1933 1525 1961 que
1546 1926 1611 1952 sunt
1624 1933 1701 1952 nunc
1724 1923 1881 1952 existentium

1077 1971 1202 2006 ﬁdelium
1215 1969 1389 1998 celsitudinis
1407 1975 1500 1997 nostre
1518 1969 1717 2002 Veneticorum,
1733 1970 1760 1996 et
1780 1968 1881 2003 postmo-

1077 2015 1141 2042 dum
1155 2015 1336 2052 fulurorum,‘
1358 2015 1487 2049 quoniam
1500 2014 1619 2041 multum
1643 2013 1847 2041 benivolentiam
1861 2012 1882 2036 et

1076 2064 1180 2088 rectam
1192 2059 1361 2087 voluntatem
1382 2066 1445 2095 ergo
1461 2059 1609 2094 imperium
1622 2063 1749 2086 nostrum
1762 2059 1786 2085 el
1798 2059 1880 2084 Roma-

1075 2106 1152 2132 niam
1168 2104 1365 2138 echibuerunl,
1380 2105 1405 2131 et
1425 2105 1497 2131 hanc
1511 2105 1568 2131 toto
1589 2103 1674 2131 corde
1689 2104 1720 2130 in
1740 2100 1881 2138 perpetuum

1075 2150 1216 2177 observare
1242 2149 1420 2184 pollicentur,
1458 2150 1485 2176 et
1512 2155 1562 2181 pro
1598 2149 1719 2176 Romano
1756 2145 1841 2174 ordine
1856 2149 1880 2170 ac

1075 2194 1232 2222 Christiano
1246 2197 1371 2229 prompte
1392 2200 1516 2228 pugnare
1541 2193 1634 2220 volunt
1648 2195 1676 2219 et
1701 2190 1878 2228 protestantur.

1074 2238 1174 2266 Contra
1189 2238 1259 2266 tales
1274 2238 1346 2265 viros
1362 2238 1424 2273 quis
1434 2237 1611 2269 contradicet,
1629 2238 1678 2264 aut
1688 2236 1750 2272 quis
1763 2234 1878 2272 placitum

185 2281 211 2306 et
227 2280 256 2307 in
270 2281 371 2315 quibus
387 2281 507 2309 Venetici
534 2286 647 2310 manent
661 2285 686 2309 et
702 2282 783 2310 Greci
800 2287 828 2310 ut
855 2284 885 2311 in
900 2286 1018 2319 ergasle-
1035 2280 1056 2312 D
1073 2282 1277 2319 aqgredietur?
1299 2283 1383 2317 Quam
1406 2282 1438 2310 ob
1465 2290 1522 2309 rem
1542 2289 1629 2317 neque
1655 2282 1790 2308 secretum
1808 2276 1877 2306 Petrii

184 2324 256 2357 riis;
271 2328 298 2352 et
313 2330 366 2353 tres
380 2326 486 2361 scalas,
503 2334 555 2362 que
575 2335 652 2354 secus
668 2335 745 2354 mare
768 2332 844 2362 sunt,
868 2330 894 2356 et
911 2330 940 2356 in
954 2337 1014 2356 ma-

184 2369 285 2403 nifesto
299 2374 390 2404 spacto
409 2372 690 2399 circumscribuntur.
719 2372 847 2407 Largitur
874 2376 967 2401 autem
990 2375 1016 2402 et

186 2415 280 2440 sancto
295 2415 425 2448 Quintino
445 2417 501 2452 (10)
517 2417 679 2451 pistrinum,
704 2417 773 2452 quod
798 2417 828 2444 in
844 2418 928 2446 latere
941 2419 1013 2454 ejus-

184 2455 244 2483 dem
259 2457 372 2486 ecctesie
387 2465 435 2493 est,
461 2463 488 2488 et
509 2461 604 2488 domui
627 2461 727 2488 attinet
751 2462 844 2489 Petrii
866 2464 889 2489 et
904 2465 1013 2498 pensio-

185 2508 248 2527 nem
263 2500 342 2530 habet
363 2505 533 2532 numismata
558 2505 668 2540 viginti.
694 2506 764 2532 Item
790 2506 910 2541 largitur
933 2508 973 2535 eis
988 2508 1014 2536 et

185 2546 328 2574 ecclesiam
355 2550 443 2576 sancti
470 2549 590 2583 Andrec,
621 2557 673 2586 quc
701 2554 742 2577 est
770 2550 922 2587 Durachii,
951 2561 1014 2580 cum

185 2590 287 2618 ibidem
302 2592 482 2620 existentibus
507 2594 688 2629 imperalibus
713 2596 931 2630 pensionalibus,
953 2598 1013 2624 sine

185 2638 276 2664 tamen
292 2639 441 2672 apparatu,
464 2638 512 2673 qui
537 2639 566 2665 in
589 2640 629 2666 eis
652 2643 787 2674 repositus
808 2642 857 2673 est,
873 2642 953 2676 quasi
966 2641 1012 2669 de.

221 2725 278 2761 (10)
295 2726 355 2754 Imo
373 2723 532 2762 Ἀκινδύνῳ.

220 2762 277 2796 (11)
295 2765 332 2790 De
352 2762 398 2790 his
427 2761 597 2790 nominibus
621 2763 810 2792 conferantur
833 2764 1010 2794 doctissimas

188 2797 291 2835 Talietii
309 2800 382 2835 notae
398 2798 419 2835 1.
435 2799 455 2826 1.
474 2807 503 2835 p.
521 2798 572 2826 118
587 2806 648 2835 seq.

224 2806 291 2824 nem
309 2806 382 2840 notae
398 2806 417 2826 1.
435 2806 455 2826 1.
474 2807 503 2835 p.
521 2806 572 2826 115
587 2806 648 2862 εει),
681 2835 685 2840 _
778 2835 784 2842 .

224 2832 293 2870 (11“)
311 2834 619 2870 L1b.albua:paratha
635 2842 719 2865 amca
729 2846 739 2871 ,-
753 2835 816 2865 le.
833 2838 986 2867 Factorum
1001 2847 1009 2867 :

1069 2331 1120 2356 aut
1135 2328 1250 2362 Mirelei,
1275 2335 1362 2362 neque
1383 2327 1572 2362 familiarium
1596 2326 1714 2359 alibuis,
1735 2331 1817 2360 neque
1828 2329 1875 2349 m0-

1070 2374 1222 2400 nasterium
1248 2372 1305 2399 sive
1329 2371 1460 2406 templum
1488 2375 1624 2404 sanctum,
1649 2369 1749 2406 quibus
1771 2366 1874 2396 videlicet

1069 2418 1169 2446 collata
1183 2417 1333 2452 ergasteria
1358 2415 1485 2443 adlinent
1499 2419 1526 2442 et
1542 2415 1635 2448 scalla,
1659 2418 1754 2442 contra
1774 2413 1816 2440 hos
1828 2417 1873 2437 m0-

1069 2463 1179 2490 vebunt.
1196 2462 1284 2489 Erunt
1307 2462 1399 2488 autem
1421 2461 1532 2487 silentes
1558 2463 1584 2486 et
1599 2460 1628 2486 in
1655 2458 1844 2494 dispensatione
1855 2455 1875 2480 tl

1067 2507 1137 2534 dono
1160 2506 1342 2534 sublimitatis
1364 2506 1455 2532 nostre
1481 2505 1615 2532 veraciter
1635 2503 1836 2540 perseverantes.
1850 2497 1873 2525 Si

1067 2552 1143 2579 enim
1157 2559 1209 2586 que
1223 2555 1315 2578 nostra
1339 2550 1403 2577 vult
1430 2549 1561 2577 celsitudo
1583 2548 1675 2584 dignis
1702 2547 1818 2582 accipere
1829 2550 1872 2570 που

1068 2597 1213 2632 largimur,
1231 2603 1280 2623 ceu
1302 2595 1423 2622 viriliter
1447 2593 1566 2629 operati:
1585 2592 1808 2622 accelerantibus,
1822 2587 1871 2624 qui-

1068 2641 1116 2669 bus
1148 2648 1271 2676 unquum
1300 2639 1476 2673 largimur!
1504 2640 1549 2666 Ea
1573 2642 1688 2674 propter
1716 2636 1873 2664 donabantur

1065 2730 1254 2766 peratalisim.

1113 2767 1157 2804 ίὲ)
1174 2766 1248 2804 L989
1263 2772 1341 2804 ’Πιᾳὲ-
1388 2799 1395 2804 .
1477 2799 1482 2804 .

1113 2799 1154 2838 13)
1171 2799 1252 2830 Adde
1266 2799 1340 2828 dulis
1352 2799 1397 2828 vel
1408 2799 1505 2828 servis.
