1973 3154
83 189 128 219 I57

630 186 825 218 NOVELL/E
846 185 1198 219 GONS'l‘l'l‘U’l'lONES.

1703 193 1762 224 458

81 252 224 281 collaturum
237 251 419 280 immobilium
434 253 494 280 sine
514 253 651 281 ablatione
665 258 690 280 ct
705 252 879 287 infestatione
895 252 921 285 Α
937 263 950 277 ‹‹
968 252 1132 281 ventionem
1148 254 1257 290 scripto
1284 256 1477 292 peragendam
1499 265 1515 285 θ,
1534 257 1644 286 nunliis
1659 266 1761 286 eorum

81 306 93 325 α
106 296 174 325 modo
186 305 234 333 per
248 304 337 324 omnes
351 301 378 325 et
400 297 528 325 assiduos
543 305 631 326 annos
646 297 794 325 secundum
807 304 878 324 com-

79 341 265 378 prehensionem
293 342 409 377 practici
432 342 531 370 horum
555 342 728 378 traditionis,
744 340 817 377 quod
840 341 880 368 eis

79 385 185 421 componi
208 383 281 412 debet
304 393 321 412 (ι
344 387 424 420 proio
439 387 562 423 antipalo
585 387 701 420 Georgio
724 387 750 414 et
771 385 880 413 notario

79 434 157 458 nostra
169 430 320 458 serenitatis
335 430 511 466 Machitario,
526 431 596 467 quod
611 433 637 459 et
652 431 765 466 ﬁrmum
785 430 840 458 erit
856 431 882 457 et

77 474 164 503 stabile
175 475 252 511 atque
267 475 428 503 inviolabile
440 477 469 503 in
485 476 621 509 omnibus,
637 484 689 512 que
702 476 733 504 in
748 483 778 503 eo
792 475 880 503 conli-

77 519 207 547 nebuntur.
232 519 355 556 Idemque
370 520 446 548 debet
468 522 498 548 in
515 521 572 548 illis
595 521 736 548 substerni
759 521 879 553 secretis,

78 564 206 600 inquibus
229 569 256 593 et
276 573 388 600 presens
403 566 493 593 nostri
516 568 669 602 potestalus
693 565 881 593 substernetur

76 609 258 645 chrysobulum,
275 609 309 637 ad
324 610 457 638 noticiam
480 610 644 638 collatorum
659 610 742 638 rectis
756 609 810 646 (14)
826 609 880 637 cel-

75 653 188 681 situdinis
203 655 291 682 nostra
315 655 454 689 Veneticis,
470 659 496 683 et
519 655 740 690 redurgutioncm
756 654 880 687 illorum,

76 699 114 734 qui
134 699 194 726 istos
216 698 314 727 horum
339 700 434 734 gratia
457 701 588 736 iri/estora
610 700 776 728 niterentur.
793 701 881 727 Erunt

76 743 150 779 igitur
162 744 242 772 semel
255 744 299 772 hic
313 743 439 780 dif/inita
454 746 548 773 omnia
562 745 644 780 ﬁrma
659 747 683 773 et
699 743 881 772 inviolabilia

74 789 119 815 tta
140 789 246 816 nemine
269 789 494 825 contempnenda.
522 791 556 818 Si
571 797 630 818 vero
655 789 793 825 quispiam
808 790 881 824 forte

74 833 162 868 alituid
176 834 202 860 in
219 833 268 862 hac
281 833 446 870 chrysobulo
470 834 661 863 ordinaturum
677 834 878 870 contempserit,

74 878 275 907 inremieibiliter
289 881 402 913 cogetur
416 879 482 907 dare
497 888 514 907 α
527 883 628 908 secreto
644 880 689 915 cpi
707 881 753 907 ton
768 878 879 906 i/rinkon

73 923 125 950 auri
137 923 217 951 libras
240 923 354 956 decem;
375 928 400 952 el
414 932 449 952 ex
463 932 494 952 eo
508 924 627 953 solvetur
649 924 736 952 ablati
754 924 878 960 pretim»

75 968 97 995 in
117 968 308 1005 quadruplum,
333 968 415 1004 ﬁrmo
439 973 463 997 et
487 969 582 997 stabili
596 970 729 997 existente
753 970 878 1004 presenle

72 1011 217 1048 chrysobulo
236 1013 409 1042 celsitudinis
424 1015 524 1048 nostra,
549 1015 620 1049 facto
637 1022 728 1042 mense
743 1013 821 1049 Mujo
837 1014 878 1041 iu-

72 1057 183 1086 diclionis
195 1059 286 1094 quinte
311 1058 412 1086 decima
439 1059 468 1086 in
493 1067 565 1086 anno
580 1067 629 1087 se):
652 1059 801 1087 millesimo
816 1066 878 1086 sm;-

73 1103 206 1136 cenlesimo,
222 1104 253 1131 in
275 1111 330 1139 quo
344 1106 370 1131 et
395 1105 518 1131 nostrum
531 1104 610 1139 pium
635 1105 661 1131 et
676 1112 692 1131 ιι
707 1104 756 1131 dco
771 1111 877 1139 promo-

71 1147 118 1174 tum
130 1148 295 1183 subsignavit
313 1149 475 1184 imperium.

99 1202 110 1216 «
126 1191 210 1227 igitur
228 1192 388 1228 imperium
413 1195 546 1221 nostrum
574 1192 743 1229 hujusmodi
769 1193 875 1221 conﬁr-

71 1246 83 1261 α
96 1245 168 1265 muns
190 1236 413 1274 chrysobulum,
437 1237 570 1266 concedit
584 1239 613 1265 et
637 1246 752 1265 rursum
770 1237 876 1266 habere

71 1292 80 1305 ιι
94 1281 224 1318 eﬁectum,
239 1283 404 1311 secundum
426 1283 504 1318 quod
529 1283 670 1311 dictatum
687 1282 716 1310 in
733 1282 875 1318 principio

72 1335 82 1352 ι
94 1326 139 1354 luit
153 1329 218 1355 tunc
234 1336 302 1355 cum
320 1327 361 1356 eis
375 1327 513 1356 collatum
529 1327 593 1360 fuit,
610 1329 755 1363 quatenus
769 1329 797 1355 et
818 1327 874 1355 sol-

71 1379 81 1395 ι
92 1370 240 1407 lempnium
257 1371 434 1400 beneﬁcium
450 1372 555 1400 iterum
571 1372 724 1408 accipiant,
739 1374 766 1399 et
783 1372 874 1400 hono—

70 1426 80 1439 ι(
93 1424 130 1443 res
151 1416 327 1453 dignitatum
352 1416 555 1445 nobilissimus
571 1417 630 1444 dux
645 1419 674 1445 et
697 1416 874 1445 sacerrimus

70 1460 246 1496 «patriarcha
271 1470 341 1490 cum
366 1461 429 1489 suis
457 1461 627 1497 errogativis
653 1461 791 1495 habeant,
823 1470 874 1489 nec

69 1516 79 1529 ιι
92 1513 139 1533 non
154 1508 180 1533 et
196 1506 250 1542 ipsi
275 1506 495 1543 possessionem
510 1508 539 1534 et
561 1506 728 1534 l‘ruitionem
745 1508 873 1541 ergastc-

71 1560 79 1573 ι
94 1550 192 1578 ciorum
207 1553 235 1579 et
249 1551 423 1579 collatorum
444 1553 472 1579 et
487 1551 633 1579 scalarum
650 1551 712 1579 sine
727 1550 874 1578 ablatione

70 1604 81 1618 α
94 1595 258 1629 possideant.
274 1595 416 1624 Similiter
438 1595 499 1623 vult
520 1595 674 1623 clementia
699 1597 807 1630 nostra,
824 1603 873 1622 cos

941 307 953 321 α
971 297 1123 326 clementie
1143 301 1239 327 nostre
1263 301 1536 337 suntjurejurando
1563 302 1717 338 promissa,
1734 305 1762 331 et

938 353 951 366 α
967 341 1050 370 ﬁrma
1065 345 1092 370 ct
1108 343 1286 372 inviolabilia
1310 345 1473 374 observare.
1499 349 1591 383 Super
1606 347 1659 375 hoc
1677 352 1762 376 erunt

937 385 1022 422 «ipsi
1044 388 1121 422 juris
1143 389 1199 416 sibi
1225 389 1320 417 collati
1339 398 1389 426 per
1413 399 1533 427 presens
1549 391 1760 428 chrysobulum

936 442 949 456 (ι
968 431 1030 459 sine
1047 432 1190 461 ablatione
1202 434 1357 468 donantes,
1370 443 1420 471 per
1431 435 1564 464 secutum
1580 445 1664 465 omne
1677 437 1760 466 ﬁrmo

936 487 950 501 «
966 478 994 504 et
1009 476 1168 505 inviolabili
1185 482 1316 514 prasente
1327 479 1499 516 chrysobolo
1516 480 1668 517 existente,
1686 482 1761 510 laeto

936 531 949 545 ‹‹
968 528 1068 549 menso
1089 522 1219 557 Augusto
1235 523 1405 552 indictiouis
1421 527 1524 560 quarte
1546 534 1596 553 sex
1612 526 1762 554 millesimi

939 576 948 589 α
966 566 1180 594 sexcentissimi
1204 567 1344 602 trigesimi
1367 569 1463 604 quarti
1488 569 1568 604 anni,
1595 570 1622 598 in
1648 579 1705 606 quo
1732 572 1762 598 et

937 620 950 634 α
969 612 1102 638 nostrum
1129 611 1210 647 pium
1226 614 1254 639 ot
1278 621 1295 640 ει
1318 612 1371 641 deo
1389 616 1554 649 promotum
1578 615 1761 651 subsignavit

935 664 949 678 (ι
968 655 1134 690 imperium.
1152 666 1166 681 ››

971 710 985 724 ‹‹
1009 699 1071 727 llaec
1098 700 1186 735 igitur
1214 703 1294 737 sunt,
1325 710 1381 738 que
1409 711 1426 730 ο.
1455 705 1591 739 perpetua
1621 704 1760 732 memorie

935 743 1109 780 imperatore
1124 747 1153 773 et
1167 754 1218 774 nvo
1232 745 1348 782 imperii
1365 748 1454 776 nostri
1470 751 1499 776 et
1513 751 1554 776 ter
1570 749 1653 777 beato
1667 748 1759 785 impe-

936 791 1027 817 ratore
1043 790 1161 818 domino
1179 793 1206 818 et
1222 793 1302 827 patre
1329 791 1513 821 celsitudinis
1537 796 1634 821 nostra
1650 793 1759 821 ﬁdelis-

935 833 1018 862 simis
1035 835 1156 871 imperio
1173 839 1272 864 nostro
1289 837 1433 865 Veneticis
1448 846 1497 873 per
1512 838 1760 874 chrysobulaillo-

935 887 1000 906 rum
1017 879 1121 907 collata
1135 883 1222 916 sunt;
1239 889 1295 916 que
1306 881 1393 910 etiam
1406 882 1566 918 chysobula
1582 885 1610 910 et
1624 885 1758 911 nostrum

936 923 1016 958 pium
1029 924 1184 960 imperium
1196 926 1362 954 corroborat
1374 935 1423 962 per
1435 935 1554 962 presens
1566 927 1758 962 crisobulum,

934 970 962 995 et
973 968 1059 1004 jubet
1075 969 1209 997 etI‘ectum
1223 978 1257 998 ea
1278 970 1395 1004 habere,
1412 972 1575 999 secundum
1597 973 1674 1008 quod
1690 979 1758 1000 eum

933 1021 1025 1049 usque
1042 1013 1076 1041 ad
1093 1013 1299 1050 migrationem
1320 1015 1355 1043 ad
1372 1016 1524 1044 dominum
1541 1016 1617 1044 inter
1632 1016 1758 1052 impera-

935 1059 1011 1085 tores
1028 1061 1165 1094 perpetuo
1182 1060 1320 1087 memorie
1336 1062 1379 1087 tur
1394 1060 1469 1088 beati
1496 1060 1607 1088 domini
1622 1063 1649 1089 ct
1666 1060 1757 1096 putris

933 1105 1030 1130 nostre
1041 1103 1229 1132 sublimitatis
1243 1104 1400 1132 habebant.
1417 1105 1543 1133 Venetici
1559 1107 1657 1134 autem
1671 1106 1758 1134 solita.

931 1147 987 1174 sibi
1011 1151 1192 1176 sacramenta
1221 1149 1358 1177 iacientes
1383 1150 1579 1178 observabant
1608 1150 1694 1178 fidem
1724 1152 1753 1178 et

931 1192 1112 1224 servitutem.
1143 1201 1232 1229 quam
1266 1197 1364 1222 nostra
1389 1194 1556 1222 celsitudini
1589 1194 1696 1222 debent
1723 1196 1753 1222 ct

932 1237 1081 1273 Romanie,
1104 1237 1175 1273 ipsis
1201 1238 1340 1274 operibus
1365 1247 1469 1274 puram
1492 1241 1521 1267 et
1546 1247 1611 1267 vere
1633 1241 1751 1267 rectam.

930 1283 1072 1315 Quoniam
1089 1292 1166 1317 vero,
1181 1285 1213 1311 ut
1237 1283 1360 1312 relatum
1376 1284 1430 1312 fuit
1454 1284 1606 1313 clementia
1624 1287 1721 1313 nostra
1737 1293 1753 1313 θ.

931 1327 1042 1355 nuntiis
1058 1328 1263 1356 Veneticorum
1289 1328 1317 1357 in
1344 1338 1449 1365 magna
1471 1329 1541 1357 urbe
1558 1330 1752 1366 presentibus,

930 1372 1121 1408 impetravere
1139 1373 1267 1401 Venetici
1285 1377 1454 1410 proceptum
1472 1374 1590 1410 quidem
1607 1375 1682 1402 inter
1696 1374 1752 1403 im-

919 1415 1077 1452 peratores
1100 1426 1215 1454 semper
1232 1419 1413 1446 memorandi
1430 1418 1624 1455 imperatoris,
1641 1418 1754 1447 domini

928 1463 956 1489 et
971 1462 1062 1498 patris
1088 1462 1202 1499 imperii
1227 1463 1329 1496 nostri,
1353 1463 1504 1491 licem-iam
1530 1464 1602 1500 ipsis
1625 1463 1752 1500 largiens

928 1507 991 1534 sine
1007 1507 1203 1542 prohibitione
1217 1509 1245 1534 et
1261 1515 1311 1543 per
1335 1507 1446 1535 insulas
1471 1507 1653 1544 negociandi,
1669 1507 1752 1535 vide-

928 1550 995 1578 licct
1009 1551 1127 1587 uiprum
1143 1553 1171 1579 et
1185 1551 1312 1584 Cretam,
1329 1560 1379 1587 per
1392 1551 1469 1588 quod
1483 1554 1511 1579 et
1527 1552 1589 1580 sine
1606 1559 1750 1579 commer-

928 1595 985 1623 kiis
1014 1596 1139 1624 debeant
1165 1595 1305 1623 custodiri
1330 1596 1439 1632 ubique
1463 1598 1607 1624 terrarum
1637 1595 1750 1632 imperii

71 1648 81 1663 α
94 1637 188 1668 habere
211 1639 362 1668 licentiam
387 1640 450 1668 sine
474 1639 669 1676 prohibitione
692 1629 873 1675 negociandi,
889 1629 910 1662 CI
931 1641 1021 1668 nostri
1039 1649 1089 1675 pro
1106 1641 1162 1668 hiis
1177 1641 1274 1668 omnis
1290 1641 1404 1677 generis
1420 1641 1584 1677 speciebus,
1597 1649 1670 1677 quas
1693 1641 1750 1677 ipsi

69 1695 79 1707 ιι
91 1685 144 1713 sine
158 1685 354 1714 commercbio
370 1688 399 1714 et
414 1686 545 1722 qualibet
560 1685 618 1714 alia
633 1685 750 1713 datione
765 1685 793 1712 in
810 1693 872 1713 om-

67 1738 74 1752 ι
87 1729 161 1758 nibus
177 1730 342 1758 numeratis
359 1731 387 1758 in
410 1730 564 1758 manifesto
580 1730 755 1766 chrysobulo
771 1729 871 1757 Civita-

64 1784 74 1797 (ι
89 1773 156 1802 tibus
169 1777 196 1802 et
210 1775 300 1803 terris
315 1775 371 1803 sub
398 1777 541 1811 potestate
557 1777 655 1803 nostre
680 1774 871 1802 sublimitatis

64 1828 74 1841 τι
87 1818 278 1847 existentibus.
293 1819 399 1847 Verum
411 1822 439 1847 et
450 1820 636 1847 sanctissime
648 1819 767 1847 eculesie
776 1819 870 1847 sancti

64 1863 196 1898 «apostoli
211 1867 239 1892 et
254 1864 434 1900 evangelista
452 1865 547 1899 Marci,
560 1873 615 1900 que
631 1867 675 1892 est
691 1865 719 1891 in
736 1864 869 1892 Veneciie

64 1908 243 1943 «constituta,
279 1909 318 1936 de
346 1909 587 1937 Amalﬁtanorum
621 1908 789 1944 ergastcriis
819 1917 870 1944 per

65 1952 235 1986 «proiectum
262 1952 474 1988 chrysobulum
501 1953 564 1981 sine
589 1953 751 1989 privatione
775 1953 867 1981 eidem

63 1997 224 2026 uiradentur
256 1998 390 2027 ecclesia.
424 1998 568 2030 Quoniam
606 2007 672 2026 vero
711 2002 777 2026 ante
812 2007 867 2026 non

65 2049 183 2075 «paucos
215 2051 310 2071 annos
339 2043 375 2070 ab
404 2042 472 2079 hiis,
503 2042 553 2078 qui
582 2044 726 2079 quasdam
757 2051 868 2071 merces

65 2095 75 2108 ι(
89 2085 217 2116 Venoticis
233 2088 261 2115 in
278 2087 419 2115 Romanis
435 2087 604 2124 regionibus
629 2087 768 2121 vendunt,
786 2096 867 2115 com-

65 2138 75 2154 ι
88 2131 235 2160 merchium
251 2132 329 2168 exigi
353 2132 485 2169 contigit,
502 2134 531 2160 et
554 2132 681 2160 obtinuit
696 2132 868 2167 hujusmodi

63 2182 142 2203 «mos
164 2178 194 2204 ut
219 2178 300 2213 patet
328 2177 414 2205 annis
443 2177 670 2211 sufﬁcientibus,
696 2179 869 2213 rogaverunt

63 2222 173 2248 «autem
185 2224 213 2249 et
228 2230 280 2258 pro
298 2221 351 2250 hoc
361 2221 545 2250 clementiam
557 2224 686 2250 nostram
704 2221 868 2249 ﬁdclissimi

63 2273 73 2286 (ι
87 2266 111 2292 et
125 2265 204 2293 amici
221 2268 320 2294 nostra
335 2266 503 2295 serenitatis
519 2266 659 2300 Venetici,
677 2269 822 2302 quatenus
838 2268 867 2295 et

929 1685 965 1714 ab
976 1686 1086 1714 eisdem
1102 1685 1206 1714 insulis
1218 1685 1399 1719 mercabuut,
1414 1686 1544 1722 nequivit
1558 1689 1655 1714 autem
1668 1688 1751 1714 tenor

927 1731 1059 1765 ejusdem
1084 1730 1210 1767 precepti
1238 1731 1332 1758 adhuc
1348 1731 1481 1758 ell‘ectum
1506 1730 1643 1766 recipere,
1661 1738 1749 1766 quam

927 1775 962 1803 ob
982 1783 1043 1802 rem
1069 1778 1096 1803 et
1113 1783 1189 1802 nunc
1212 1783 1306 1811 usque
1330 1775 1458 1803 Venetici
1484 1774 1588 1803 collato
1613 1774 1684 1811 ipsis
1701 1783 1751 1810 per

927 1820 1097 1855 hujusmodi
1115 1822 1280 1856 prcccptum
1297 1819 1437 1847 beneﬁcio
1454 1822 1571 1853 carent;
1588 1820 1750 1855 petierunt-

925 1872 981 1900 que
1005 1865 1039 1892 ub
1067 1865 1188 1900 imperio
1213 1867 1313 1892 nostro
1338 1864 1456 1901 prccipi,
1474 1867 1619 1900 quatenus
1643 1864 1750 1891 beneﬁ-

924 1909 1014 1943 cium,
1028 1910 1104 1946 quod
1122 1909 1150 1936 in
1168 1909 1296 1945 prodicta
1309 1909 1475 1937 continetur
1491 1912 1624 1946 precepto
1636 1917 1752 1945 semper

924 1954 1106 1982 memorandi
1133 1954 1317 1990 imperatoris
1343 1954 1453 1982 domini
1479 1957 1507 1982 et
1531 1955 1622 1990 putris
1646 1953 1751 1990 imperi

924 1999 1026 2034 nostri,
1056 2001 1084 2027 et
1112 1999 1207 2026 adhuc
1237 2001 1316 2026 caret
1342 1999 1457 2032 ell‘ertu,
1488 1999 1592 2027 umodo
1622 1999 1751 2034 potiatur

923 2044 1026 2072 ell'ectu
1042 2057 1048 2078 ;
1065 2043 1218 2071 clementia
1242 2046 1342 2071 nostra
1357 2045 1393 2071 ob
1419 2044 1505 2071 ﬁdem
1522 2046 1550 2071 ct
1566 2046 1748 2077 servrtutem,

924 2097 1012 2125 quam
1029 2097 1097 2123 erga
1113 2087 1328 2116 sublimitatem
1343 2090 1474 2116 nostram
1485 2088 1621 2115 exhibent
1632 2089 1659 2115 et
1671 2087 1750 2115 dein-

923 2141 991 2168 ceps
1015 2132 1153 2160 exhibere
1178 2132 1362 2168 pollicentur,
1380 2132 1551 2168 liujusmodi
1577 2131 1748 2168 peticionem

923 2185 1023 2205 eorum
1041 2177 1198 2204 exaudiens
1214 2176 1348 2204 concedit
1363 2179 1390 2205 et
1403 2176 1535 2213 precipit,
1548 2177 1611 2204 sine
1624 2175 1751 2212 prohibi-

923 2222 1005 2250 cione
1020 2230 1070 2258 per
1094 2221 1267 2249 manifestas
1293 2221 1417 2255 insulas,
1434 2221 1559 2258 Cyprum
1576 2221 1709 2248 videlicet
1724 2222 1753 2248 et

923 2269 1049 2299 Cretam,
1066 2274 1115 2294 eos
1139 2266 1298 2302 negociari,
1323 2266 1441 2294 nemine
1467 2266 1630 2302 quidquam
1654 2265 1690 2293 ab
1709 2265 1752 2293 eis

64 2317 74 2331 (ι
88 2307 246 2345 hujusmodi
274 2311 440 2347 corrigatur
463 2311 638 2348 capitulum,
668 2312 753 2348 eique
783 2311 872 2348 hujus
889 2309 911 2341 D
927 2312 1038 2347 ex'gere
1054 2312 1238 2347 presumente
1255 2310 1359 2338 horum
1376 2310 1478 2346 gratia,
1495 2311 1595 2338 ctsine
1610 2318 1753 2338 commer-

64 2362 74 2376 ι(
88 2353 162 2383 detur
186 2356 302 2385 licentia.
325 2359 354 2385 et
379 2356 510 2391 libertas,
536 2357 693 2385 clementia
717 2360 816 2385 nostra
844 2359 872 2385 et

65 2407 76 2420 «
91 2397 156 2428 hanc
173 2409 273 2430 eorum
299 2401 474 2437 peticionem
498 2401 680 2438 adimplevit,
697 2404 726 2429 et
750 2401 873 2438 precipit

65 2451 75 2464 (ι
90 2450 132 2477 per
146 2453 263 2480 presens
289 2446 514 2482 chrysobulum,
542 2449 573 2474 ut
589 2446 688 2474 nullus
704 2446 758 2474 sub
775 2449 873 2474 nostra

65 2496 76 2509 α
91 2489 243 2524 maiestatis
268 2492 412 2527 potestate
436 2491 613 2519 Romeorum
637 2499 704 2518 cum
730 2491 873 2519 Veneticis

67 2534 301 2568 «negociancium
328 2536 357 2562 in
383 2535 521 2563 omnibus
547 2535 687 2563 Romanis
712 2536 807 2570 terris,
823 2538 874 2563 aut

68 2585 78 2598 ιι
91 2578 196 2611 quando
211 2579 253 2607 eis
276 2579 375 2608 vendit
390 2582 440 2608 aut
465 2580 582 2616 quando
599 2580 634 2608 ab
658 2580 756 2615 aliquo
771 2589 872 2608 eorum

67 2629 78 2642 ί(
91 2621 161 2657 emit,
177 2624 223 2651 det
240 2624 412 2653 commerkii
429 2625 524 2660 gratia
549 2625 705 2661 quicquam
722 2624 764 2653 vcl
781 2625 873 2653 alicu-

67 2675 77 2687 υ
88 2665 132 2700 jus
147 2667 217 2698 alius
232 2670 413 2706 cxaclionis;
439 2670 489 2699 sed
505 2674 681 2699 excusantur
695 2673 723 2698 et
739 2670 805 2707 ipsi,
821 2679 873 2699 seu

70 2719 78 2732 ε
94 2709 138 2744 hii,
154 2714 200 2748 qui
224 2715 422 2744 commerchia
445 2716 584 2744 dantibus
601 2715 800 2752 negociuntur.
818 2715 874 2744 Ve-

68 2763 79 2777 α
94 2759 248 2787 rumtumen
265 2761 292 2788 et
313 2759 444 2789 Venetici
469 2761 576 2789 debent
597 2769 640 2797 en,
659 2769 715 2797 que
739 2769 789 2797 per
805 2769 873 2789 con-

98 2861 148 2899 (M)
160 2865 236 2894 Adde
250 2867 320 2896 (Iulis
336 2867 380 2896 vel
395 2868 490 2897 servis.

197 2931 322 2963 Panos.
348 2933 404 2964 Gn.
427 2932 572 2965 CXXXV.

928 2357 984 2385 kiis
1018 2356 1127 2391 ubique
1157 2357 1302 2383 terrarum
1337 2355 1452 2391 imperii
1487 2354 1578 2383 nostri
1609 2354 1751 2382 custodiri

928 2401 1089 2430 secundum
1107 2399 1241 2436 superius
1255 2399 1379 2435 scriptas
1394 2399 1604 2427 condictiones.
1618 2399 1709 2436 Igitur
1721 2401 1753 2427 ut

928 2449 956 2475 et
971 2446 1027 2482 ipsi
1042 2445 1247 2474 certitudinem
1260 2445 1387 2473 habeant
1398 2445 1433 2472 de
1450 2445 1476 2472 in
1495 2444 1622 2480 presenti
1633 2444 1751 2481 chryso-

929 2491 997 2519 bulo
1013 2490 1160 2523 difﬁnitis,
1176 2498 1296 2526 presens
1321 2488 1528 2525 chrysobulum
1545 2491 1590 2517 est
1605 2489 1751 2526 composi-

930 2538 1002 2570 tum,
1021 2535 1128 2563 factum
1150 2543 1249 2563 mense
1263 2533 1381 2563 Octubri
1406 2533 1574 2562 indictionis
1599 2534 1752 2562 undecimo

929 2580 998 2609 anni
1021 2589 1071 2608 sex
1097 2579 1245 2608 millesimi
1270 2578 1476 2607 sexcentesimi
1501 2579 1752 2615 quinquagessimi

931 2625 1014 2659 sexti,
1034 2625 1062 2652 in
1078 2633 1135 2660 quo
1151 2626 1179 2652 et
1196 2626 1328 2652 nostrum
1347 2624 1426 2659 pium
1443 2625 1470 2651 et
1485 2631 1502 2651 θ.
1517 2624 1570 2651 deo
1588 2625 1752 2658 promotum

932 2669 1117 2706 subsignavit
1133 2669 1300 2704 imperium.
1318 2680 1331 2693 ))

967 2715 1023 2742 [loc
1040 2713 1129 2750 igitur
1143 2713 1349 2750 chrysobolum
1361 2713 1402 2741 sic
1418 2713 1571 2741 continens
1586 2712 1662 2740 beati
1675 2713 1755 2740 tran-

930 2759 1005 2788 situs
1021 2761 1049 2787 et
1069 2767 1185 2794 semper
1210 2757 1391 2786 memorandi
1410 2757 1592 2794 imperatoris
1617 2758 1644 2785 et
1659 2754 1755 2793 patrui

1580 2928 1615 2958 15
