1973 3154
241 159 300 189 “9

894 156 1021 188 ISAACI
1045 156 1188 187 ANGELI
1212 157 1294 188 IMP.

1852 161 1897 192 160

241 225 357 261 imperii
369 224 460 253 nostri
472 224 570 260 magni
580 224 723 252 Manuelis
738 224 915 252 conﬁrmans
926 226 954 251 et
964 226 1065 252 nostra
1080 230 1103 262 Α
1123 224 1274 253 Veneticos
1290 227 1318 252 et
1335 225 1471 253 universa
1487 224 1559 261 ipsis
1575 224 1644 253 data
1658 227 1685 253 et
1698 234 1819 254 concessa
1830 235 1844 254 a
1855 236 1898 255 ωας

241 271 335 306 pietas
351 278 401 305 per
426 278 546 305 presens
571 269 780 305 cbrysobulum
807 269 925 297 verbum
951 269 1064 304 imperii

241 314 343 347 nostri,
369 314 502 342 concedit
530 317 559 342 et
581 314 716 350 precipit,
743 314 840 349 ipsum
864 313 1008 346 videlicet,
1038 318 1065 340 et

241 366 298 394 que
313 360 344 386 in
359 359 423 394 ipso
445 358 620 394 chrysobulo
644 359 731 385 verbo
747 358 936 386 notiﬁcantur
951 365 1066 393 semper

242 403 501 431 memorandorum
511 404 733 439 lmperaturum,
745 402 844 439 proavi
856 402 966 430 scilicet
976 403 1066 438 impe-

243 448 279 475 rii
293 448 384 476 nostri
405 448 494 476 Alexii
511 448 660 481 Gomnani,
678 450 707 475 et
721 448 820 483 magni
836 447 933 482 patrui
950 447 1063 483 imperii

244 494 336 521 nostri
364 492 505 520 Johannis
534 492 687 526 Comnani,
716 493 801 519 ﬁrma
829 495 858 519 et
885 491 1066 519 inviolabilis.

243 546 414 574 permanere
429 538 458 564 in
480 538 629 570 omnibus,
647 545 702 572 que
727 537 887 571 continent,
903 539 932 564 et
946 545 1064 564 conser-

242 583 304 610 vari
319 590 458 618 personas
474 584 502 609 et
518 590 564 609 res
582 582 734 609 universas
749 581 989 609 fidelissimorum
1005 582 1064 608 cel-

242 626 366 655 situdini
389 628 488 654 nostra
509 626 715 654 Veneticorum
741 626 837 654 salvas
861 627 889 654 et
912 625 1012 654 illesas
1027 625 1064 654 ab

240 672 321 701 omni
345 672 463 700 homine
487 671 680 700 sublimitatis
704 674 812 707 nostra,
829 679 882 700 nec
902 680 960 700 non
984 674 1013 699 et
1028 672 1063 700 ab

239 718 303 754 ipso
325 718 449 754 imperio
463 719 565 746 nostro
589 718 619 745 in
635 717 774 746 omnibus
797 717 951 746 clementis
966 721 1064 745 nostra

237 764 334 800 terris,
350 764 422 792 etin
444 766 520 792 terra
544 764 617 792 etin
644 763 730 797 mari,
747 763 851 791 habere
867 765 895 791 ct
917 763 1063 799 predictos

1121 269 1236 296 nifestis
1260 278 1376 305 semper
1395 270 1602 301 memorandis
1627 270 1831 306 imperatoribus
1853 281 1898 300 om-

1120 314 1238 341 nimodo
1262 314 1441 342 invrolabilia
1465 317 1493 342 et
1516 315 1628 350 absque
1651 315 1707 342 ulla
1729 316 1898 350 diminucione,

1119 358 1282 386 secundum
1297 359 1375 394 quod
1391 359 1433 386 eis
1449 360 1517 387 data
1541 360 1657 387 fuerunt
1671 366 1696 387 et
1711 368 1840 394 concessa,
1854 370 1900 397 pre-

1120 405 1201 430 sente
1229 403 1406 439 chrysobulo
1430 404 1516 432 verbo
1547 404 1661 439 imperii
1685 405 1771 432 nostri
1797 405 1864 433 ﬁrmo
1882 408 1902 433 et

1120 447 1280 475 inviolabili
1306 456 1476 483 permanere
1505 449 1628 476 debente
1653 449 1682 476 in
1705 450 1837 482 omnibus,
1861 459 1902 485 que

1120 492 1268 526 continet;
1293 493 1369 520 tacto
1394 501 1495 521 mense
1509 493 1666 521 Februario
1681 494 1814 530 presentis
1828 494 1904 530 quinte

1120 537 1287 564 indictionis
1302 545 1352 565 sex
1377 537 1526 566 millesimi
1542 539 1744 566 sexcentesimi
1758 538 1904 575 nonagesimi
1951 563 1953 571 ,

1120 581 1215 617 quinti
1231 582 1312 616 anni,
1327 582 1358 609 in
1374 590 1433 618 quo
1448 586 1477 610 et
1492 586 1623 611 nostrum
1640 583 1718 619 pium
1733 587 1760 611 et
1773 592 1788 611 ι
1799 585 1843 612 deo
1856 593 1904 619 pro-

1119 629 1232 654 motum
1245 627 1429 663 subsignavit
1442 627 1609 663 imperium.

1261 703 1405 732 Ysmmus
1422 703 1450 731 in
1466 704 1582 732 Christo
1600 704 1657 733 Deo
1673 705 1764 733 ﬁdelis
1779 704 1905 741 imperator
1949 709 1952 724 ε

1323 751 1351 776 et
1367 748 1533 776 moderator
1548 748 1721 777 Romeornm
1738 750 1860 787 Angelus.

1070 853 1116 881 IV.

452 920 546 940 suam
565 920 656 940 BULLA
676 920 710 940 DE
730 920 809 940 LOCIB
828 922 846 940 Α
864 920 981 939 νεηετιε
1001 919 1258 939 CONSTANTINOPOLI
1278 919 1462 938 POSSIDENDIS
1482 911 1549 946 [15].
1570 913 1614 946 (A.
1638 911 1728 945 1187).

275 989 418 1023 Quoniam
442 989 572 1017 Venetici
597 990 632 1017 ad
650 989 806 1025 imperium
832 991 963 1017 nostrum
980 996 1059 1016 acce-
1076 993 1100 1025 Β
1116 988 1209 1024 parati
1225 989 1254 1015 et
1269 987 1395 1024 prompti
1420 989 1629 1023 apparuerunt.
1647 988 1684 1016 Ut
1699 988 1773 1016 enim
1789 988 1907 1025 prodictus

239 1035 341 1063 dentes
365 1037 393 1062 et
412 1035 448 1063 ab
471 1042 504 1062 eo
529 1035 564 1062 ad
590 1035 729 1062 servitum
756 1034 939 1062 celsitudinis
965 1035 1063 1061 nostre

239 1079 346 1115 recepti
362 1088 429 1107 cum
443 1079 557 1112 ceteris,
574 1087 629 1114 que
645 1079 876 1115 postulaverunt,
893 1078 929 1106 ab
940 1077 1063 1114 imperio

237 1125 337 1152 nostro
354 1124 500 1160 petierunt
511 1126 642 1152 nostram
660 1124 851 1160 deposcentes
864 1123 1062 1156 serenitatem,

239 1168 406 1196 conﬁrmari
421 1170 450 1196 et
475 1169 552 1204 quod
569 1177 657 1204 super
682 1169 809 1204 practice
833 1167 1063 1198 collatorumeis

239 1213 270 1240 in
285 1221 390 1248 magna
405 1213 476 1240 urbe
493 1221 509 1240 a
524 1221 638 1249 semper
650 1213 838 1240 memorando
850 1212 1024 1249 imperatore
1035 1214 1064 1240 ct

239 1257 490 1286 desideratissimo
504 1260 609 1293 patruo
626 1257 739 1293 imperii
757 1257 860 1292 nostri,
873 1257 990 1285 domino
1001 1258 1062 1284 Ma-

239 1301 325 1330 nuale
340 1301 498 1336 Comuano,
514 1302 752 1330 habitaculorum
769 1302 901 1330 videlicet
915 1305 942 1330 et
958 1301 1062 1329 libero-

240 1355 306 1374 rum
326 1346 467 1381 locorum,
484 1356 536 1375 nec
562 1355 618 1374 non
634 1350 662 1374 et
687 1347 823 1375 litterulis
847 1347 934 1381 scale,
951 1347 1060 1374 factum

239 1392 284 1419 est
298 1391 507 1427 chrysobulum
528 1391 649 1419 verbum
675 1391 806 1426 ejusdem
823 1399 936 1427 semper
954 1400 1061 1419 memo-

239 1436 323 1464 randi
339 1436 534 1472 imperatoris,
548 1438 693 1472 quatenus
709 1436 751 1464 sic
767 1435 845 1464 nullo
862 1437 947 1464 modo
964 1436 1062 1472 suspi-

239 1481 353 1510 cionem
382 1480 511 1517 aliquam
536 1480 671 1516 habeant,
697 1480 855 1517 quicquam
881 1480 986 1508 borum
1003 1481 1063 1509 fore

238 1525 373 1554 avulsum
391 1535 397 1553 :
413 1526 573 1562 Imperium
590 1528 723 1554 nostrum
740 1525 909 1562 hnjusmodi
922 1526 1062 1561 depreca-

237 1570 348 1599 tionem
363 1579 464 1599 eorum
486 1570 586 1599 nolens
611 1571 735 1604 abicere,
752 1570 878 1606 presenti
895 1569 1062 1598 chrisobulo

237 1624 290 1644 suo
305 1616 460 1644 conﬁrmat
476 1616 640 1651 predictum
656 1615 866 1651 chrysobulum
884 1615 959 1642 inter
970 1615 1061 1651 impe-

236 1662 348 1688 ratores
364 1660 468 1688 famosi
483 1660 668 1696 imperatoris
684 1663 711 1688 et
725 1660 821 1696 patrui
838 1663 936 1688 nostro
952 1660 1060 1687 sereni-

237 1704 319 1738 tatis,
336 1705 412 1740 quod
429 1704 464 1732 ad
481 1705 598 1732 verbum
617 1705 659 1732 sic
674 1705 802 1732 continet
819 1714 825 1732 :

273 1761 288 1775 ‹‹
302 1749 332 1777 Si
347 1758 407 1783 eos,
422 1749 471 1784 qui
492 1749 548 1776 ﬁde
563 1751 591 1776 et
614 1749 765 1777 devotione
780 1749 883 1785 optimi
908 1751 977 1777 sunt
991 1758 1060 1785 erga

237 1793 315 1828 illos,
332 1793 383 1829 qui
398 1801 448 1828 per
471 1795 605 1828 tempore
627 1793 761 1828 optinent
783 1793 898 1829 imperii
914 1794 1059 1830 guberna-

239 1837 315 1870 cula,
330 1839 507 1873 oportunum
527 1839 572 1864 est
586 1836 668 1872 larga
689 1837 829 1865 beneﬁcia
853 1837 888 1864 ab
904 1838 976 1873 ipsis
991 1846 1059 1866 con-

240 1881 335 1917 sequi,
351 1880 446 1917 msgis
461 1883 559 1908 autem
570 1881 594 1908 si
610 1881 764 1917 contigerit
779 1889 826 1909 eos
844 1882 939 1910 animo
950 1885 1058 1910 statum

241 1932 414 1961 generosum
433 1925 537 1953 habere
554 1928 639 1961 atque
664 1927 814 1960 audacem,
831 1930 863 1954 ut
878 1927 914 1955 ad
931 1927 1059 1955 similem

237 1969 333 1998 zelum
351 1969 455 2005 reliqui
481 1969 642 2004 irritentur,
659 1973 687 1998 et
711 1979 745 1998 ne
771 1971 938 2006 hujusmodi
955 1972 1060 2000 virtute

234 2015 380 2043 inhonora.
394 2015 569 2051 pcrsistente
581 2017 609 2042 et
622 2015 766 2043 contrario
781 2016 807 2044 ei
824 2016 892 2044 vitio
903 2017 1059 2053 reprehen-

233 2059 348 2088 sionem
372 2059 571 2095 veritate(l6),
598 2060 703 2088 raritas
719 2060 801 2088 valde
826 2062 1057 2089 necessariarum

232 2104 484 2142 prerogativarum
501 2113 517 2132 τι
536 2105 589 2132 deo
605 2104 716 2132 salveto
740 2105 934 2133 Romanorum
951 2107 1059 2134 exerci-

231 2149 275 2176 tui
301 2150 373 2176 ﬁat:
399 2157 587 2184 nequaquam
611 2150 688 2184 quod
712 2158 729 2176 a
753 2149 806 2177 deo
832 2153 877 2178 est
901 2150 1058 2186 imperium

231 2195 366 2222 nostrum
389 2193 532 2230 ingenuos
556 2196 661 2222 nautas
677 2196 704 2221 et
726 2193 915 2222 ﬁdelissimos
942 2195 1058 2223 celsitu-

231 2238 309 2266 dinis
325 2242 425 2266 nostre
450 2238 616 2274 Veneticos,
632 2239 660 2266 in
685 2238 759 2266 hanc
776 2240 996 2275 imperatoriam
1010 2249 1056 2268 ur-

230 2285 298 2312 bem
315 2285 475 2318 venientes,
493 2284 574 2312 decet
590 2293 711 2320 prorsus
727 2293 865 2320 spernere
878 2293 894 2312 a
917 2285 1058 2320 peticione

230 2329 398 2357 decidentes
421 2329 489 2366 (17),
508 2337 595 2365 quam
621 2337 699 2356 nunc
726 2329 847 2365 imperio
873 2331 970 2357 nostro
991 2339 1056 2366 por-

1117 1032 1213 1060 Sicilie
1226 1032 1363 1060 dominus
1379 1033 1520 1069 Rogerius
1534 1033 1647 1068 didicit,
1674 1033 1853 1061 incustoditus
1865 1033 1908 1061 fore

1118 1079 1214 1113 partes
1229 1077 1344 1113 imperii
1362 1077 1466 1111 nostri,
1483 1086 1540 1113 que
1555 1077 1655 1106 circha
1670 1078 1797 1107 Greciam
1812 1080 1836 1106 et
1848 1078 1907 1106 Pelo-

1118 1122 1255 1158 ponisum
1271 1124 1350 1157 sunt,
1366 1124 1394 1149 et
1404 1122 1517 1150 insulas
1528 1124 1621 1151 terras
1635 1123 1753 1160 imperii
1768 1122 1907 1159 nostri,que

1118 1167 1194 1194 circa
1216 1167 1333 1194 easdem
1350 1169 1443 1194 terras
1468 1169 1547 1201 sunt,
1564 1167 1635 1195 dum
1657 1168 1821 1196 sublimitas
1834 1170 1909 1196 nostra

1118 1214 1232 1239 vacaret
1252 1212 1432 1247 susceptioni
1455 1213 1484 1239 et
1508 1212 1628 1240 ducatui
1644 1219 1759 1249 earum,
1775 1221 1825 1249 que
1844 1212 1908 1249 paulo

1117 1258 1184 1284 ante
1200 1265 1250 1292 per
1263 1259 1370 1284 terram
1389 1255 1505 1292 imperii
1530 1257 1621 1284 nostri
1645 1258 1829 1290 transierunt,
1844 1258 1908 1284 innu-
1942 1255 1958 1292 li

1118 1301 1302 1329 merabilium
1319 1300 1548 1337 expeditionum,
1562 1301 1789 1330 Alemannorum
1805 1302 1910 1330 videlicet
1943 1300 1958 1337 |.

1116 1349 1145 1374 et
1169 1346 1379 1382 Franchorum,
1395 1348 1423 1374 et
1449 1349 1584 1382 paratum
1610 1347 1664 1382 (18)
1682 1356 1749 1375 cum
1773 1348 1837 1384 ipsis
1853 1350 1910 1375 esset
1942 1346 1958 1384 l‘

1117 1391 1331 1427 contrsimpios
1344 1395 1490 1426 Agarenos
1499 1392 1533 1419 ad
1546 1391 1761 1428 expeditionem
1775 1392 1909 1420 faciendum

1116 1444 1168 1472 per
1183 1436 1260 1464 stolii
1286 1436 1468 1469 missionem,
1485 1436 1629 1471 ejusmodi
1656 1438 1801 1474 regionem
1816 1437 1908 1466 celsitu-

1117 1481 1194 1508 dinis
1223 1483 1332 1514 nostra,
1361 1481 1523 1508 secundum
1549 1481 1625 1517 quod
1652 1482 1679 1509 ei
1707 1483 1839 1518 possibile
1862 1482 1909 1515 fuit,
1941 1481 1958 1518 |.

1116 1525 1311 1561 depopulatus
1326 1528 1388 1559 est;
1405 1534 1533 1561 cumque
1548 1526 1624 1561 quod
1642 1527 1751 1555 factum
1767 1529 1809 1556 est
1822 1528 1851 1555 ad
1864 1535 1909 1563 pre-

1116 1570 1261 1598 dictorum
1283 1570 1487 1598 Veneticorum
1513 1579 1599 1598 aures
1624 1572 1812 1607 pervenisset,
1827 1572 1859 1600 hii
1873 1572 1909 1599 hoc

1115 1617 1255 1650 tanquam
1266 1615 1414 1651 proprium
1426 1615 1586 1650 dampnum
1605 1618 1820 1652 reputaverunt,
1831 1622 1854 1644 et
1863 1624 1909 1643 con-

1117 1659 1213 1687 festim
1229 1659 1264 1686 ad
1281 1661 1434 1694 speratum
1449 1660 1634 1695 coopersndi,
1647 1663 1681 1688 ut
1696 1660 1725 1688 id
1738 1661 1811 1697 quod
1826 1661 1908 1688 factum

1116 1706 1160 1731 est
1174 1703 1342 1731 omnimodo
1355 1703 1528 1737 vindicetur,
1546 1708 1794 1734 consurrexerunt
1807 1708 1832 1734 et
1844 1713 1908 1733 suum

1113 1748 1264 1776 servitium
1275 1757 1356 1784 prom
1363 1751 1409 1784 pte
1420 1748 1585 1776 celsitudini
1598 1753 1699 1777 nostra
1707 1751 1907 1786 spoponderunt.

1115 1793 1201 1821 Porro
1217 1795 1245 1820 et
1260 1793 1288 1820 in
1305 1793 1432 1829 reliquas
1448 1793 1579 1828 regiones
1595 1793 1713 1830 imperii
1736 1795 1823 1823 nostri
1836 1798 1907 1822 trans-

1115 1838 1271 1871 miserunt,
1287 1840 1441 1873 quatenus,
1459 1838 1507 1873 qui
1523 1838 1729 1867 invenirentur
1740 1839 1910 1876 :cumpstriotc

1116 1891 1229 1916 eorum,
1245 1882 1376 1910 venirent
1400 1885 1428 1910 et
1452 1882 1596 1910 servirent
1617 1885 1646 1911 et
1660 1883 1720 1920 ipsi
1745 1885 1772 1912 in
1793 1883 1910 1920 ejusmodi
1943 1882 1958 1920 ι]

1116 1927 1256 1955 Romanie
1271 1929 1300 1955 et
1314 1927 1429 1963 imperii
1447 1927 1538 1955 nostri
1555 1928 1675 1956 servitio
1694 1937 1787 1965 usque
1801 1930 1833 1957 ad
1854 1936 1909 1956 com-

1116 1971 1298 2007 plementum
1322 1972 1415 2000 tocius
1440 1972 1550 2000 mensis
1574 1973 1756 2008 Septembris
1781 1974 1860 2002 futuri
1873 1971 1911 2008 (19,l
1941 1984 1942 1987 η

1115 2025 1181 2044 cum
1199 2017 1253 2044 deo
1269 2016 1438 2044 indictionis
1462 2017 1645 2045 duodecima.
1669 2019 1713 2046 Ad
1731 2017 1910 2047 remuneratio-
1942 2027 1944 2034 ι

1115 2069 1182 2088 nem
1196 2061 1285 2097 igitur
1300 2061 1471 2097 hujusmodi
1496 2069 1597 2089 eorum
1613 2063 1738 2097 servitii,
1762 2064 1834 2100 quod
1849 2065 1873 2090 ut
1882 2061 1911 2088 di-

1115 2108 1193 2133 ctum
1211 2108 1255 2133 est
1268 2106 1360 2133 facere
1375 2106 1584 2142 promiserunt,
1596 2108 1738 2143 quoniam
1752 2109 1864 2144 majores
1872 2106 1912 2142 (20)
1944 2106 1958 2144 ιη

1114 2150 1174 2178 vice
1188 2150 1332 2184 universe,
1350 2159 1405 2187 que
1428 2159 1479 2186 per
1496 2154 1626 2186 tempora
1650 2151 1709 2180 huc
1725 2153 1811 2187 venit,
1823 2149 1910 2180 Veneti-
1943 2149 1958 2187 ᾖ

1115 2203 1215 2223 corum
1233 2195 1431 2223 multitudinis
1448 2195 1586 2232 adaugeri
1603 2196 1658 2224 sibi
1685 2199 1715 2225 et
1731 2198 1882 2225 mansiones
1892 2196 1910 2221 et

1114 2239 1262 2267 embolum
1279 2242 1307 2267 et
1323 2240 1426 2273 scalas,
1441 2240 1469 2267 in
1481 2240 1589 2276 quibus
1606 2249 1693 2269 naves
1702 2250 1802 2270 eorum
1813 2241 1837 2269 in
1848 2242 1909 2276 portu

1114 2286 1202 2318 stant,
1219 2284 1422 2319 certiﬁcantes,
1439 2292 1470 2312 se
1486 2293 1544 2312 non
1569 2285 1720 2313 modicum
1736 2285 1879 2322 angustari,
1891 2285 1910 2309 tl
1946 2294 1948 2313 ξ

1114 2329 1191 2364 quod
1209 2337 1265 2356 non
1283 2329 1398 2365 possint
1413 2328 1471 2357 hiis
1487 2329 1568 2365 solis,
1586 2338 1642 2365 que
1658 2330 1733 2366 ipsis
1748 2331 1812 2359 data
1834 2331 1888 2358 sunt
1899 2336 1909 2354 ι

231 2377 379 2409 rexerunt,
402 2383 493 2411 quum
511 2377 538 2402 et
555 2374 608 2410 ipsi
626 2377 781 2401 consuetas
797 2374 978 2410 genitoribus
994 2375 1057 2403 suis
1074 2371 1095 2402 D
1112 2373 1194 2401 beate
1212 2373 1351 2401 memorie
1365 2373 1539 2409 imperatore
1556 2377 1582 2402 et
1599 2383 1650 2402 avo
1666 2375 1783 2412 imperii
1799 2373 1876 2403 nostri
1889 2372 1907 2399 in

231 2417 318 2446 ﬁdem
334 2421 362 2446 et
377 2419 557 2447 devotionem
583 2427 650 2454 erga
674 2419 845 2446 Romaniam
863 2422 891 2446 et
907 2419 1056 2447 celsitudi-

231 2469 298 2489 nem
313 2466 445 2491 nostram
466 2472 584 2491 rursum
609 2463 812 2499 ostenderunt,
829 2466 857 2490 ct
883 2465 918 2491 ab
936 2464 1055 2500 imperio

230 2508 329 2534 nostro
345 2507 436 2535 vocati
452 2507 481 2535 in
504 2516 691 2544 congressum
718 2511 818 2536 contra
843 2516 920 2543 eum,
938 2509 986 2544 qui
1003 2518 1054 2545 po-

229 2553 363 2579 testatem
393 2552 481 2580 habet
508 2553 615 2587 Sicilic,
641 2556 670 2580 et
700 2553 899 2580 oinnimotlam
926 2562 1053 2589 pugnam

229 2598 332 2625 contra
346 2605 413 2625 eum
425 2599 453 2626 et
463 2597 584 2626 stollum
595 2598 670 2633 ejus,
683 2606 735 2625 nec
748 2605 804 2625 non
817 2600 845 2626 et
859 2600 966 2626 terram
978 2599 1052 2634 ejus,

262 2697 319 2733 (15)
336 2697 375 2725 Ex
388 2697 462 2726 libro
478 2698 543 2725 albo
560 2699 589 2725 et
613 2697 696 2724 libris
712 2699 864 2733 pactorum
887 2700 952 2732 post
966 2698 1052 2725 Mari-

226 2741 298 2762 num
314 2734 333 2760 l.
345 2734 365 2761 Ι.
376 2735 446 2761 tom.
459 2734 506 2767 lli,
519 2742 546 2769 p.
559 2733 611 2760 293
629 2734 795 2769 nuperrime
805 2733 959 2760 ediderunt
971 2733 1051 2761 'l‘at'el

226 2771 255 2797 et
268 2769 399 2806 Thomas
414 2768 527 2806 sapius
538 2768 657 2801 laudati,
674 2771 746 2797 tom.
763 2769 784 2802 Ι,
802 2777 829 2804 p.
847 2769 978 2797 189-195.

262 2805 319 2840 (16)
334 2805 464 2833 Editores
480 2806 556 2841 conj.
574 2805 728 2832 invenirntc
739 2814 762 2832 s.
779 2806 924 2833 excitante.
941 2807 1048 2832 Sensus

227 2841 367 2878 postulat,
384 2844 417 2870 ut
432 2842 553 2871 evitante
565 2841 710 2878 legamus.

1113 2418 1167 2445 hac
1181 2417 1333 2445 civitatum
1350 2418 1547 2454 imperatrice,
1564 2419 1694 2447 contenti
1713 2428 1778 2448 esse
1793 2428 1799 2448 ε
1813 2418 1909 2454 largitur

1112 2463 1153 2490 eis
1170 2463 1327 2498 imperium
1349 2465 1482 2490 nostrum
1506 2472 1558 2500 per
1580 2473 1702 2500 presens
1726 2463 1906 2502 chrysobulum

1110 2517 1197 2536 suum
1224 2517 1279 2544 que
1304 2508 1460 2544 petierunt,
1477 2509 1645 2538 habitacula
1664 2513 1691 2538 ct
1716 2510 1806 2538 libera
1827 2510 1877 2537 loca
1889 2508 1908 2533 ei

1109 2553 1266 2581 littoralem
1277 2553 1406 2589 scallam,
1419 2561 1475 2590 que
1486 2562 1622 2590 expresse
1633 2555 1812 2583 numeranda
1820 2557 1844 2582 et
1854 2550 1907 2581 scri-

1108 2597 1204 2626 benda
1219 2600 1289 2626 sunt
1311 2598 1340 2625 in
1357 2606 1401 2633 eo,
1417 2599 1496 2634 quod
1515 2598 1635 2634 jussum
1652 2602 1695 2628 est
1721 2600 1793 2634 ﬁeri,
1806 2597 1907 2635 practico

1142 2697 1198 2732 (17)
1215 2697 1236 2724 Ι.
1253 2705 1277 2725 e.
1293 2695 1483 2727 ἐκπίπτοντας,

1154 2733 1196 2766 18)
1213 2733 1268 2760 Scil
1283 2733 1439 2768 imperium
1455 2735 1600 2762 nostrum.

1154 2769 1197 2804 19)
1211 2769 1285 2804 Lego
1299 2771 1422 2804 futurae.

1141 2770 1197 2840 (19;
1211 2770 1285 2804 Lego
1299 2771 1422 2804 futurae.

1141 2805 1185 2839 (20
1214 2804 1276 2832 Lib.
1293 2808 1458 2841 pactorum,
1474 2813 1523 2841 per
1546 2805 1673 2841 maiores.
1699 2805 1778 2835 Unde
1800 2805 1903 2834 editores

1103 2841 1302 2877 conjecerunt,
1312 2842 1452 2878 petierunt
1464 2842 1590 2879 majores.
