1973 3154
73 175 116 205 461

612 172 807 203 NOVELLE
829 171 1179 203 CONSTITUTIONES.

1685 174 1744 204 462

74 237 215 268 traditionis
229 244 324 265 eorum
343 237 501 273 corporalis
521 238 557 265 ab
573 238 782 267 aedesimotato
798 238 862 275 Epi-
879 239 904 271 Α
920 237 988 264 cilia
1016 239 1108 266 sancti
1130 238 1271 274 Nieholai,
1298 247 1313 266 a
1328 238 1456 266 sinistris
1480 238 1651 274 pistoricum
1667 246 1747 275 erga-

72 283 160 321 phanio
173 281 296 317 Tuglica,
325 281 478 309 certificari
495 282 617 310 debente
639 292 688 319 per
703 284 865 320 superscri-

72 329 176 365 ptionem
192 325 339 354 familiaris
364 326 491 355 hominis
507 326 691 355 celsitudinis
707 330 804 356 nostre
816 328 866 356 Jo-

70 372 156 401 hannis
171 371 357 407 Pepagomeni
373 373 401 399 et
415 372 505 399 sterni
530 371 560 399 in
584 372 719 409 congruis
734 373 865 408 secretis,

70 418 93 445 in
105 416 200 453 quibus
214 418 239 443 et
256 423 374 452 presens
405 418 502 444 nostrc
523 417 689 445 serenitatis
704 418 866 454 chrysobu-

71 462 119 490 lum
129 460 209 488 sterni
224 460 317 496 debet,
333 458 479 496 quatenus
494 463 522 488 et
538 460 590 489 hec
614 461 774 498 optineant,
792 462 868 491 sicut

70 509 92 534 et
104 513 151 542 quo
166 505 241 541 prius
253 513 268 532 a
294 513 410 541 semper
433 506 623 533 memorando
651 506 826 543 imperatore
841 511 867 535 et

69 559 111 578 avo
124 549 226 586 imperii
243 550 332 577 nostri
347 550 387 577 eis
397 549 465 578 data
475 552 555 585 sunt,
564 551 671 579 servire
683 552 868 587 debentibus,

70 598 95 622 ut
108 595 231 631 superius
250 596 446 622 monstratum
467 597 521 623 est.
547 595 755 625 Determinatio
780 597 870 634 igitur

69 647 161 675 eorum,
185 647 238 675 que
262 647 313 675 per
329 639 523 676 cbysobulum
554 641 697 677 presentis
713 642 812 678 scripti
827 643 870 671 eis

69 683 156 712 collata
168 685 242 715 sunt,
254 683 342 712 habet
357 684 418 711 sic:

95 740 106 753 ‹ι
121 728 216 764 Incipit
232 728 267 755 ab
282 728 347 764 ipsa
362 728 455 764 Vigla,
471 730 499 756 et
514 730 644 766 procedit
660 739 759 760 versus
775 732 855 760 orien

68 776 122 800 tom.
135 773 215 800 Tenet
227 772 377 800 embolum
393 775 421 801 et
435 781 491 809 que
507 782 609 802 versus
632 776 869 812 septemtrionem

67 821 89 846 et
100 817 236 845 meridiem
252 820 322 845 sunt
337 826 403 845 cum
424 818 539 846 solariis
559 819 737 854 habitacula,
764 824 792 849 et
807 830 871 858 pro-

68 862 130 890 cedit
140 870 228 898 usque
244 863 277 890 ad
292 862 431 890 fornicem
456 864 646 899 conjunctum
671 873 755 893 muro
775 866 872 902 hospi-

67 907 122 935 talis
135 907 219 934 sancti
231 907 381 942 Marciani,
410 908 662 943 comprehendens
687 913 716 938 et
743 911 816 946 loca,
842 911 871 940 in

69 951 243 987 quibusstant
266 954 331 980 octo
357 952 591 982 numulariorum
613 954 720 983 tabulc.
739 957 877 985 Ascendit

67 995 199 1030 paululum
214 1004 317 1024 versus
330 997 480 1024 meridiem
498 998 533 1025 ab
549 998 614 1034 ipsa
626 999 719 1035 Vigla.
739 1001 830 1029 Tenet
841 1002 877 1030 ad

69 1040 194 1068 modicum
214 1043 241 1069 et
256 1041 337 1068 aliud
360 1041 520 1077 embolum,
538 1045 565 1070 et
582 1045 712 1079 pervenit
730 1054 823 1082 usque
841 1047 876 1074 ncl

68 1085 175 1120 primum
191 1086 332 1114 fornicem
343 1087 475 1122 ejusdem
493 1087 611 1123 emboli,
625 1090 878 1126 comprehenderis

67 1129 240 1158 triclinarium
257 1131 350 1159 altum
370 1131 554 1160 domicilium
570 1133 641 1161 Mili.
659 1134 765 1163 Versus
782 1136 878 1165 orien-

67 1176 114 1202 tem
123 1175 245 1210 ejusdem
261 1175 371 1203 emboli
396 1177 559 1205 secundum
575 1178 649 1206 duas
665 1182 762 1215 partes
779 1180 876 1209 humi-

65 1217 111 1246 lem
124 1219 349 1248 domunieullam
367 1229 433 1248 cum
450 1221 535 1249 aclini
562 1224 637 1251 tecto
661 1224 794 1260 ejusdem
812 1234 874 1254 mo-

67 1264 179 1296 nasterii,
194 1267 221 1292 et
235 1273 294 1301 que
309 1265 338 1293 in
354 1265 462 1302 equalli
483 1266 573 1303 hujus
587 1270 642 1302 est,
660 1270 805 1298 modicam
822 1279 874 1299 cu-

67 1307 136 1342 riam,
152 1317 204 1345 que
218 1309 328 1337 dicitur
343 1310 475 1344 Aristini,
491 1314 520 1339 et
547 1311 636 1340 habet
661 1313 873 1350 longitudinem

68 1352 232 1382 brachiorum
246 1356 313 1383 octo
327 1362 394 1382 cum
410 1355 542 1392 dimidio,
559 1359 588 1384 et
607 1356 792 1387 latitudinem
809 1369 873 1397 sep-

67 1399 114 1425 tem
124 1406 184 1426 cum
199 1399 298 1428 tercia.
317 1401 415 1427 Preter
429 1408 472 1436 ea,
490 1409 546 1437 que
572 1405 642 1430 sunt
662 1411 764 1433 versus
778 1405 875 1433 orien-

68 1444 114 1470 tem
127 1443 288 1472 habitacula
314 1444 434 1473 diacone
455 1446 511 1482 (2|)
532 1448 726 1485 Preeursoris,
743 1450 874 1478 debenti-

68 1487 111 1516 bus
120 1488 353 1525 obturarijanuis
363 1489 535 1526 hujusmodi
555 1492 800 1528 habitaculorum,
818 1503 873 1531 que

66 1532 176 1561 educunt
189 1534 217 1561 in
230 1533 416 1562 manifestam
442 1535 564 1564 curiam.
588 1536 697 1566 Versus
709 1538 873 1574 aquilonem

65 1577 269 1613 triaergasteria
279 1579 500 1608 eerularierum.
526 1581 647 1610 Ycanati
673 1583 747 1612 duas
771 1584 871 1612 statio-

923 282 1042 310 sterium
1055 283 1146 311 sancti
1165 283 1398 319 Marciani,quod
1415 284 1606 317 estjunctum
1621 283 1745 311 mansio-

923 327 1010 356 nibus
1025 328 1119 355 sancti
1134 327 1274 356 Nicholai.
1293 328 1518 364 Supergreditur
1541 337 1645 356 rursus
1659 328 1744 356 aliam

923 373 1036 400 tertiam
1051 372 1197 407 semitam,
1214 376 1240 400 et
1257 374 1387 409 pervenit
1415 381 1508 408 usque
1531 373 1566 401 ad
1593 382 1667 410 aque
1682 381 1747 401 cur-

923 425 999 452 sum,
1017 425 1073 453 que
1093 426 1109 445 a
1125 417 1208 454 Vigla
1228 417 1387 452 descendit,
1419 417 1584 453 relinquens
1609 426 1625 446 a
1641 418 1748 446 dextris

924 461 981 488 alia
994 461 1163 489 habitacula
1180 462 1272 489 sancti
1289 461 1430 496 Nicholai,
1453 471 1469 490 a
1484 462 1612 490 sinistris
1628 463 1749 490 domici—

922 505 995 533 lium
1012 507 1104 534 sancli
1123 506 1257 534 Marciani
1283 509 1310 534 et
1336 506 1518 542 pensionalcs
1531 507 1634 535 domos
1650 516 1749 535 mona-

924 551 1002 578 sterii
1034 552 1286 588 Parakymomcni.
1315 552 1424 579 lterum
1450 552 1635 587 progreditur
1649 561 1752 580 versus

925 596 1088 630 meridiem,
1105 596 1357 632 comprehendens
1372 605 1495 624 vacuum
1507 596 1603 624 locum
1619 597 1751 633 ejusdem

926 640 1094 669 monasterii
1125 641 1369 674 Parakimomeni,
1396 641 1446 677 qui
1481 649 1582 669 versus
1611 642 1753 669 orientem

921 688 1000 730 jacet
1024 686 1178 714 domorum
1204 686 1296 730 sancti
1325 685 1469 720 Nieholni,
1486 689 1513 713 ot
1530 686 1698 722 proceditet
1714 694 1755 713 re-

925 729 1056 767 greditur
1073 739 1166 767 usque
1179 731 1214 758 ad
1230 729 1358 766 Viglam,
1383 731 1461 758 unde
1476 733 1504 757 et
1518 730 1636 767 incepit,
1653 730 1754 758 dimit-

927 777 991 802 tene
1007 774 1124 811 quidem
1155 783 1171 802 a
1195 774 1305 802 dextris
1331 774 1435 802 domos
1466 773 1637 802 monasterii
1663 774 1756 802 sancti

927 819 1023 853 Marci,
1041 827 1057 846 a
1073 818 1202 846 sinistris
1218 826 1285 846 vero
1304 826 1379 854 aque
1396 827 1525 846 cursum.
1543 818 1691 854 Ejusmodi
1708 819 1756 845 de-

927 863 1142 891 terminationis
1159 863 1252 899 spatio
1265 863 1555 899 comprehenduntur
1564 872 1607 898 ea,
1618 871 1675 900 que
1690 865 1760 890 sunt

929 917 1030 936 versus
1046 907 1185 936 orientem
1203 917 1278 944 aque
1293 916 1410 942 cursus,
1426 908 1632 936 descendentis
1648 918 1663 936 a
1675 907 1760 944 Vigla

935 961 1034 980 versus
1050 955 1163 988 portam
1180 953 1336 986 Canavuci,
1351 952 1518 980 habitacula
1534 954 1562 979 et
1573 961 1682 980 vacuus
1698 961 1759 979 ma-

933 997 1117 1033 gnusloeus,
1135 997 1184 1032 qui
1203 1005 1294 1032 usque
1320 997 1354 1024 ad
1385 996 1531 1032 publicam
1556 996 1632 1024 viam
1658 1004 1761 1024 versus

933 1042 1112 1070 occidentem
1138 1041 1323 1078 progreditur
1348 1041 1442 1069 sancti
1472 1041 1610 1069 Marciani
1640 1050 1656 1069 a
1679 1049 1761 1069 muro

933 1086 1059 1115 civitatis
1075 1088 1103 1114 et
1118 1094 1212 1122 usque
1227 1086 1263 1113 ad
1286 1085 1445 1122 embolum,
1472 1094 1523 1122 per
1538 1094 1659 1122 presens
1675 1085 1760 1122 chry-

932 1131 1070 1160 sobulum
1085 1131 1207 1158 verbum
1228 1131 1341 1158 datum.
1358 1131 1445 1165 Elea,
1473 1139 1529 1167 que
1559 1133 1629 1158 sunt
1658 1138 1762 1158 versus

932 1176 1110 1205 occidentem
1127 1183 1201 1212 aque
1217 1183 1321 1203 cursus
1350 1184 1366 1203 a
1390 1184 1474 1203 muro
1500 1175 1637 1208 civitatis,
1667 1174 1762 1211 quiin

930 1221 1025 1257 equali
1042 1220 1145 1249 semito
1161 1222 1214 1254 est,
1232 1219 1388 1248 dividentis
1401 1221 1470 1256 jura
1497 1219 1668 1248 monasterii
1694 1219 1760 1247 Aki<

930 1267 1032 1301 miton,
1050 1268 1078 1293 et
1093 1274 1186 1302 usque
1197 1265 1233 1293 ad
1249 1266 1352 1293 domos
1368 1264 1463 1293 sancti
1480 1264 1608 1294 Nicholai
1621 1266 1650 1292 et
1660 1264 1755 1292 sancti

929 1312 1108 1344 Marci,cum
1125 1318 1212 1345 parvo
1227 1318 1317 1338 vacuo
1342 1310 1404 1338 loco
1432 1308 1602 1337 monasterii
1627 1309 1753 1345 Paraky-

929 1355 1064 1384 momeni.
1094 1357 1126 1382 Et
1139 1354 1312 1391 simpliciter
1327 1355 1495 1390 omnia,que
1510 1354 1712 1382 inhabitantur
1727 1355 1755 1381 et

929 1409 987 1437 que
1002 1409 1060 1428 non
1077 1399 1293 1434 inbnbitantur,
1310 1399 1478 1427 habitacula
1493 1401 1521 1427 et
1537 1407 1626 1426 vacua
1641 1398 1713 1433 loca,
1725 1398 1754 1425 in

930 1446 1059 1481 predicto
1075 1444 1169 1481 spatio
1182 1443 1393 1480 conprehensa.
1410 1443 1514 1471 Adhuc
1529 1451 1595 1471 cum
1613 1443 1657 1471 his
1678 1450 1755 1471 com-

929 1490 1120 1527 prehenditur
1134 1492 1161 1517 et
1176 1497 1232 1526 que
1244 1491 1288 1516 est
1302 1489 1330 1516 in
1356 1488 1453 1516 littore
1468 1488 1558 1516 scalla
1572 1487 1664 1515 sancti
1681 1489 1754 1514 Mar-

929 1535 1015 1570 ciani,
1030 1543 1087 1570 que
1103 1534 1189 1561 hodie
1203 1543 1219 1561 a
1235 1532 1460 1569 Cbrysiobasilio
1485 1532 1661 1568 possidetur,
1689 1539 1755 1558 cum

929 1579 1067 1607 universa
1079 1580 1143 1614 ejus
1172 1577 1432 1614 comprehensione
1458 1580 1486 1605 et
1512 1575 1702 1611 continentia,
1728 1577 1756 1603 et

66 1628 115 1657 nes,
125 1622 151 1650 in
164 1623 270 1659 quibus
288 1633 379 1660 panes
393 1625 569 1659 venduntur,
586 1629 614 1654 et
629 1627 692 1655 loca
708 1628 873 1656 tabularum
889 1606 911 1639 C'
930 1633 987 1660 que
999 1624 1026 1651 in
1043 1631 1076 1651 ea
1087 1606 1156 1651 sunt
1169 1606 1306 1650 domibus
1321 1625 1348 1650 et
1362 1621 1540 1658 ergasteriis.

65 1665 169 1695 duarum
181 1669 448 1697 nummulariorum
477 1671 609 1705 ejusdem
624 1673 793 1700 monasterii
805 1673 874 1701 Mili.

65 1709 153 1747 Incipit
164 1720 281 1741 rursum
300 1713 336 1741 ab
353 1713 413 1750 ipso
429 1714 537 1742 fornice
563 1715 683 1751 predicti
701 1716 854 1753 hospitalis
868 1732 875 1753 ς

65 1756 131 1783 tenet
141 1757 285 1792 publicam
297 1758 385 1792 viam,
403 1767 459 1795 que
473 1768 575 1787 versus
585 1769 720 1789 occasum
737 1764 781 1790 est
795 1763 876 1798 ejus-

66 1799 117 1827 dem
134 1800 296 1836 hospitalis,
313 1805 342 1830 et
371 1804 557 1840 progreditur
585 1813 678 1841 usque
698 1807 732 1834 ad
749 1810 874 1843 portam,

66 1851 111 1879 que
121 1847 252 1881 estjuxta
269 1855 392 1883 parvum
411 1848 551 1884 templum
570 1851 877 1880 Precursoris.Exinde

65 1895 152 1918 rursus
163 1890 316 1919 dimittens
332 1895 574 1928 prcmonstratam
592 1897 704 1930 portam
719 1895 801 1931 quasi
817 1905 878 1925 ver-

63 1939 104 1977 sus
118 1935 253 1963 orientem
272 1936 382 1964 transit
397 1945 448 1973 per
460 1946 575 1965 murum
591 1938 762 1973 civitatis,et
778 1949 876 1977 perve-

61 1976 95 2004 nit
107 1986 191 2015 usque
204 1981 240 2008 ad
257 1980 406 2014 semitarii,
418 1989 475 2017 que
491 1982 595 2010 dividit
620 1984 689 2019 jura
706 1985 873 2013 monasterii

63 2021 214 2058 Akymitero
229 2025 299 2061 (2‘2).
331 2025 440 2054 Exinde
456 2027 587 2055 ascendit
612 2028 759 2057 modicum
776 2038 877 2058 versus

63 2067 208 2102 meridiem,
224 2073 330 2098 tenens
343 2071 475 2099 eamdem
498 2072 644 2107 publicam
667 2074 812 2107 semitam,
828 2075 878 2103 ba.

65 2109 203 2141 bentcmin
223 2113 381 2143 latitudine
396 2116 515 2144 brachia
545 2117 610 2151 tria,
636 2121 674 2152 et,
706 2121 737 2146 ut
766 2119 876 2147 dictum

64 2157 108 2190 est,
123 2157 298 2187 dividentem
312 2160 480 2189 mansiones
503 2163 673 2190 monasterii
697 2163 877 2200 Akymitero,

65 2202 89 2226 et
112 2203 279 2236 perveniens
309 2213 400 2240 usque
424 2205 454 2233 in
475 2205 561 2234 tinem
591 2207 731 2235 domicilii
758 2207 878 2236 ecclesia

65 2244 197 2275 Perivlevti
211 2249 282 2283 (23),
298 2249 338 2277 ita
351 2252 411 2278 uta
423 2258 507 2279 muro
537 2251 662 2280 civitatis
691 2261 742 2290 per
770 2252 874 2289 equali-

965 1680 980 1694 ‹‹
997 1668 1047 1696 His
1057 1669 1099 1696 sic
1110 1668 1146 1696 ab
1162 1667 1284 1703 imperio
1313 1669 1413 1694 nostro
1438 1666 1554 1694 donatis
1571 1674 1621 1702 per
1635 1673 1755 1701 presens

931 1712 1140 1750 chrysobulum
1157 1712 1277 1739 verbum
1293 1711 1477 1740 celsitudinis
1492 1713 1600 1744 nostre,
1626 1710 1755 1746 exceptis

931 1757 1164 1795 proximantibus
1179 1756 1226 1784 his
1241 1756 1366 1790 donatis,
1390 1756 1481 1792 portis
1503 1755 1644 1789 videlicet,
1661 1755 1754 1782 muris

931 1806 959 1831 et
973 1801 1093 1830 cortinis
1108 1809 1258 1828 murorum
1287 1800 1423 1835 civitatis,
1453 1800 1605 1828 habebunt
1629 1799 1755 1827 Venetici

932 1848 994 1881 hec,
1011 1846 1190 1874 devotionem
1215 1847 1242 1873 et
1272 1846 1370 1880 (idem,
1401 1853 1489 1880 quam
1516 1845 1636 1881 imperio
1657 1847 1756 1872 nostro

932 1892 1048 1926 debent,
1065 1892 1223 1923 servantes,
1239 1890 1399 1917 secundum
1431 1889 1507 1926 quod
1524 1892 1552 1917 et
1577 1897 1626 1925 per
1640 1897 1674 1917 ea
1703 1897 1757 1924 que

933 1936 1012 1971 prius
1023 1935 1119 1971 adepti
1137 1937 1206 1962 sunt
1220 1934 1395 1971 cbrysobula
1413 1934 1489 1962 hanc
1513 1942 1628 1962 servare
1653 1941 1759 1962 conen-

932 1983 980 2008 tur
994 1981 1059 2017 (24),
1073 1980 1275 2015 cujuscunque
1288 1979 1366 2015 juris
1390 1979 1460 2013 sint,
1489 1978 1548 2006 sive
1568 1978 1758 2006 ecclesiastici

927 2025 1005 2061 juris
1022 2027 1081 2052 sive
1098 2024 1137 2051 rei
1154 2023 1268 2059 publice
1284 2023 1345 2051 sive
1375 2024 1484 2060 private
1503 2023 1561 2051 sive
1589 2025 1689 2050 sancte
1708 2023 1758 2049 do-

932 2078 999 2097 mus
1010 2069 1051 2096 vcl
1066 2068 1235 2099 monastice,
1257 2067 1337 2095 nulla
1361 2068 1478 2095 aecione
1494 2067 1589 2094 locum
1606 2066 1757 2098 exercendi

932 2113 1057 2141 habente
1071 2115 1171 2140 contra
1186 2120 1235 2139 eos
1250 2111 1474 2148 graciahorum.
1490 2111 1518 2138 Si
1535 2119 1600 2138 vero
1613 2110 1758 2146 quispiam

932 2158 1005 2185 forte
1029 2156 1243 2184 infestationem
1275 2156 1318 2184 eis
1347 2156 1495 2184 induxerit
1517 2156 1616 2192 gracia
1639 2155 1757 2183 convin-

932 2201 1015 2230 cendi
1032 2203 1083 2228 aut
1098 2200 1247 2229 auferendi
1260 2201 1416 2237 quicquam
1445 2209 1558 2235 eorum,
1583 2208 1640 2236 que
1656 2199 1708 2234 eis,
1726 2201 1759 2226 ut

932 2247 1043 2274 dictum
1060 2248 1115 2279 est,
1132 2245 1200 2273 data
1215 2247 1285 2272 sunt
1296 2245 1543 2273 inremissibiliter
1558 2243 1731 2272 multabitur
1742 2252 1758 2271 a

65 2289 139 2318 tatem
150 2291 293 2327 ejusmodi
311 2294 415 2322 semite
442 2303 536 2332 usque
560 2297 595 2324 ad
622 2287 709 2325 ﬁnem
726 2287 874 2326 domicillii

969 2293 1042 2319 creto
1058 2291 1103 2325 cpi
1121 2292 1169 2317 ton
1184 2290 1304 2326 ykiaron
1322 2290 1377 2326 (25)
1396 2290 1426 2317 in
1453 2290 1553 2317 decem
1582 2288 1664 2316 libris
1684 2287 1757 2322 auri,

65 2333 114 2362 sint
126 2335 243 2364 brachia
258 2337 359 2374 viginti
377 2347 436 2367 sex.
453 2339 592 2368 Flectitur
609 2350 709 2370 versus
725 2342 875 2378 orientem,

66 2378 154 2406 tenens
170 2389 288 2409 murum
305 2382 426 2412 ecclesia
443 2385 536 2412 sancti
555 2385 697 2422 Nicholai,
709 2387 878 2423 relinquens

67 2423 314 2462 Idextrisquidem
333 2429 544 2457 monasterium
574 2430 665 2458 sancti
692 2431 832 2464 Nicholai,
864 2440 880 2459 a

67 2465 180 2497 sinistris
195 2479 262 2499 vero
276 2472 456 2501 domicilium
470 2475 638 2502 monasterii
665 2476 828 2512 Berivlevti,
851 2478 880 2503 et

67 2515 240 2548 progrediens
270 2524 364 2552 usque
393 2518 428 2545 ad
459 2518 581 2547 alteram
611 2519 747 2548 semitam
778 2529 880 2548 versus

67 2556 192 2587 Orientem
209 2560 285 2588 muri
306 2562 399 2590 sancti
415 2561 556 2591 Nicholai.
576 2564 689 2592 Rursus
714 2565 840 2593 ﬂectitur
854 2567 882 2593 et

67 2603 183 2630 ascendit
199 2613 358 2642 parumper
370 2615 472 2635 versus
488 2609 638 2637 meridiem
652 2611 784 2637 eamdem
794 2609 881 2638 semi-

68 2645 129 2680 tam,
144 2650 170 2675 et
181 2650 312 2678 ascendit
340 2659 443 2680 versus
467 2653 620 2688 orientem,
644 2654 777 2683 dividens
790 2655 882 2682 domi-

111 2735 152 2770 21)
167 2736 256 2770 Lege:
273 2739 391 2770 draconi.

76 2771 235 2840 Fgﬁittb.
261 2777 416 2806 Factorum
434 2779 632 2816 Acymilorum,
644 2779 664 2808 i.
682 2787 707 2808 e.
725 2781 779 2806 τῶν
795 2779 886 2806 Ἀκοι-

104 2842 156 2879 (23)
169 2843 226 2879 Τῆς
241 2844 434 2883 asprata-toto.

934 2336 1017 2363 firmo
1031 2337 1059 2362 et
1074 2337 1135 2362 rato
1151 2335 1293 2363 existente
1310 2337 1442 2370 preseute
1471 2333 1646 2370 chrysobulo
1671 2333 1759 2360 verbo

933 2380 1086 2408 clementia
1103 2383 1210 2413 nostre,
1237 2379 1310 2407 Facto
1335 2387 1436 2407 mense
1460 2379 1566 2407 Marcio
1592 2378 1760 2406 indictionis

935 2425 1090 2453 undecime
1105 2433 1155 2452 sex
1172 2424 1320 2453 millesimi
1335 2423 1550 2452 sexcentessimi
1565 2423 1762 2459 quinquages-

936 2470 1002 2498 simi
1020 2469 1092 2497 sexti
1110 2469 1259 2505 (26janni,
1276 2469 1304 2496 in
1322 2478 1379 2505 quo
1407 2471 1434 2496 et
1456 2471 1588 2496 nostrum
1606 2468 1686 2505 pium
1704 2469 1732 2495 et
1747 2475 1763 2495 a

936 2515 990 2542 deo
1006 2516 1170 2550 promotum
1187 2513 1371 2550 subsignavit
1386 2513 1552 2550 imperium.
1570 2524 1584 2538 ››

973 2559 1052 2586 Hanc
1068 2558 1158 2595 igitur
1175 2559 1378 2586 Veneticorum
1408 2558 1642 2595 deprecationem
1668 2557 1762 2593 impe-

938 2603 1012 2630 rium
1028 2605 1159 2631 nostrum
1178 2611 1364 2639 nequaquam
1393 2603 1533 2638 abiciens,
1550 2603 1705 2630 conﬁrmat
1721 2601 1763 2628 sic

938 2648 1091 2676 continens
1107 2647 1314 2684 chrysobulum
1332 2648 1451 2676 verbum
1482 2648 1559 2676 inter
1573 2647 1764 2683 imperatores

975 2743 1019 2778 (24

975 2779 1022 2850 ἒὲἓ

988 2815 1022 2842 26

941 2853 1037 2883 Recte.

1047 2742 1363 2778 Editoresconjiciunt:
1381 2746 1519 2772 tenentur.

1048 2777 1110 2806 Ἐπῖ
1122 2779 1175 2805 τῶν
1192 2777 1345 2808 οἷ’κειαχῶν.

1068 2815 1229 2844 Numerum
1261 2817 1337 2844 sexti
1374 2815 1501 2844 editores
1547 2812 1766 2852 suppleverunt.

1024 2744 1032 2850 ἑ
