1973 3154
255 179 313 208 463

909 176 1038 207 lSAACl
1063 175 1206 206 ANGELI
1229 175 1311 206 lMP.
1869 179 1913 209 464

252 253 368 281 semper
384 245 564 273 memorandi
579 244 674 281 patrui
699 243 882 272 celsitudinis
898 245 1006 278 nostre,
1023 243 1075 270 do-
1091 241 1116 271 A
1134 243 1215 275 bene,
1232 250 1385 279 quousque
1397 244 1425 270 et
1440 242 1570 271 Venetici
1587 242 1787 272 conservabunt
1796 244 1847 272 sine
1857 245 1914 274 frau-

252 290 324 318 mini
341 289 493 325 Manuelis,
505 298 556 326 per
571 298 692 326 presens
717 289 927 325 chrysobulum
944 289 1076 321 verbum,

251 339 280 365 et
290 337 375 372 jubet
392 337 534 364 intactum
551 336 604 364 hoc
624 343 742 364 manere
766 337 794 363 et
820 334 1024 363 inviolabiliter
1047 333 1078 360 in

250 382 400 415 omnibus,
421 389 477 418 qua
507 381 640 416 precipit,
658 380 732 408 dans
748 382 776 408 et
800 379 961 408 concedens
988 378 1078 406 Vene-

250 426 329 461 ticis,
352 425 459 454 habere
483 426 511 453 et
535 434 637 453 rursus
653 433 710 460 que
740 425 770 452 in
799 424 863 461 ipso
891 423 1081 452 notiﬁcantur

250 471 355 499 domos
372 470 435 498 sine
448 469 632 498 mutilatione
648 470 812 498 secundum
840 468 934 505 ipsius
949 475 1080 503 compre-

250 514 470 551 hensionem,ut
485 515 520 543 ab
535 515 658 552 imperio
674 516 774 542 nostro
791 513 863 550 ipsis
879 514 973 541 datas.
991 513 1083 548 Super

250 559 306 588 hoc
321 560 398 588 enim
409 561 565 596 etpresens
578 559 786 596 chrysobulum
798 558 918 587 verbum
931 556 1086 592 clementia

251 606 349 634 nostro
364 605 475 633 factum
491 607 545 640 est,
558 605 676 633 firmum
692 606 721 633 et
735 606 832 633 ratum
848 611 1022 640 permanere
1037 602 1086 630 de-

1135 287 1171 315 de
1187 289 1214 314 et
1226 287 1300 315 malo
1317 287 1433 324 ingenio
1449 296 1491 323 ea,
1505 296 1561 324 que
1574 297 1624 325 per
1639 289 1839 318 conventionem
1848 293 1872 318 et
1880 299 1917 318 sa-

1136 334 1319 360 cramentum
1336 332 1457 368 imperio
1470 335 1570 361 nostro
1585 334 1700 362 debent.

1170 378 1288 404 Factum
1303 385 1403 405 mense
1419 377 1576 406 Februario
1595 378 1697 414 quinte
1723 378 1870 407 indictionis
1881 388 1917 408 sex

1138 421 1287 450 millesimi
1302 422 1506 450 sexcentesimi
1535 423 1732 459 nonagessimi
1760 423 1843 458 quinti
1862 423 1920 456 anni,

1136 465 1166 493 in
1179 475 1235 502 quo
1252 468 1280 494 et
1295 468 1428 495 nostrum
1457 475 1475 495 θ.
1503 467 1556 495 deo
1584 469 1749 504 promotum
1776 468 1922 504 subsignavit

1138 510 1306 547 imperium.

1283 566 1392 593 lamus
1408 565 1437 594 in
1452 565 1566 594 Christo
1582 566 1636 595 deo
1656 566 1749 595 fidelis
1763 566 1895 601 imperator
1904 569 1922 595 et

1337 602 1502 630 moderator
1518 603 1708 631 Romanorum
1725 602 1850 640 Angelus.

828 745 926 765 PACTIO
941 745 1001 764 CUM
1020 743 1137 763 veru-ms
1153 735 1222 771 [27].
1241 735 1281 771 (Δ.
1295 734 1386 771 1187.)

290 801 424 838 Oportuit
438 801 573 838 equidem
589 803 617 829 et
632 801 751 830 Venetia
771 801 983 829 revocationem
1011 802 1037 828 et
1054 800 1082 827 in

255 846 426 875 Romaniam
442 848 470 874 et
485 847 513 874 in
530 846 685 882 pristinam
702 846 850 881 unionem,
862 854 950 882 quam
966 853 1033 873 cum
1050 852 1084 872 ea

254 891 391 926 habebat,
423 891 618 919 reversionem
645 893 673 919 et
689 891 915 924 restitutionem,
932 899 1000 926 sepe
1016 889 1080 926 qui-

255 935 321 964 dem
337 936 540 972 excogitatam,
568 936 690 964 diversis
718 944 784 964 vero
806 935 1009 964 occasionibus
1029 935 1082 962 im-

256 981 385 1017 peditam
402 983 430 1008 et
446 981 474 1008 in
490 981 594 1009 diebus
623 981 785 1017 inspectam
818 982 914 1009 nostro
936 981 980 1017 pie
1001 982 1082 1008 tran-

257 1025 423 1061 quillitatis,
440 1034 528 1061 quam
545 1026 627 1060 deus,
643 1026 848 1062 interpositum
864 1024 1016 1053 inimicitia
1031 1025 1083 1053 de-

257 1078 368 1106 ponens
384 1070 598 1107 parietem,tam
607 1079 695 1108 prope
704 1070 1082 1107 quamlongeexistentibus

256 1115 397 1151 tanquam
413 1115 493 1151 pacis
509 1116 644 1151 angelum
673 1116 764 1149 misit,
789 1124 867 1144 nunc
882 1124 932 1152 pro
956 1116 1013 1143 ﬁne
1026 1115 1081 1150 (28)

254 1159 395 1196 accipere,
411 1160 537 1196 profecto
553 1161 589 1188 ad
606 1160 761 1189 utilitatem
777 1161 894 1197 quidem
905 1160 1082 1188 Christiano-

255 1213 332 1238 rum,
345 1204 467 1233 minime
482 1207 579 1233 autem
596 1205 631 1232 ad
661 1205 880 1233 incommodum
898 1205 1035 1233 Romanie
1050 1206 1082 1232 ut

253 1249 548 1285 imperiumnostrum
557 1249 686 1277 conlidit.
698 1250 771 1277 Nam
785 1249 883 1277 ctaliis
900 1249 1080 1285 temporibus

251 1293 435 1321 celsitudinis
471 1296 569 1322 nostre
597 1294 831 1322 antecessoribus
867 1293 991 1321 Venetici
1019 1302 1079 1321 scr-

251 1338 363 1366 vientes
380 1338 614 1366 utilesltomanie
631 1341 840 1374 apparuerunt,
856 1338 1040 1366 devociouem
1054 1339 1079 1366 ei

253 1383 416 1411 maximum
433 1384 462 1410 in
480 1383 653 1411 necessariis
669 1383 1078 1419 temporibusexibentes,etei

251 1436 328 1456 nunc
345 1427 451 1456 melius
467 1428 620 1456 servicium
633 1428 858 1464 pollicentes,sic
875 1428 971 1464 ipsum
981 1437 1078 1456 sacra-

252 1474 350 1501 mento
367 1475 395 1500 et
405 1473 598 1500 convencione
606 1472 729 1508 imperio
740 1475 837 1500 nostro
845 1473 1077 1501 corroborantes:

288 1528 302 1543 ‹‹
317 1517 380 1545 Non
397 1519 440 1546 est
457 1518 615 1553 conjuncta
638 1518 769 1551 Venetia,
792 1526 843 1545 nec
861 1526 990 1554 unquam
1008 1526 1077 1545 con-

247 1563 389 1598 jungetur
405 1562 491 1590 alicui
509 1565 714 1590 coronatorum
731 1562 773 1590 vel
788 1571 844 1590 non
860 1565 1075 1598 coronatorum,

251 1607 312 1635 sive
326 1607 458 1644 gentium
473 1607 516 1635 vel
531 1607 681 1635 nationum
705 1607 791 1635 alicui
808 1610 910 1636 contra
920 1607 1074 1643 imperium
1091 1600 1113 1632 ε

251 1651 362 1680 domini
378 1652 563 1688 imperatoris
575 1652 772 1680 Romanorum
785 1654 813 1679 et
829 1661 944 1688 semper
960 1652 1077 1688 augusti

250 1696 363 1724 domini
376 1696 483 1725 Ysaaki
500 1697 613 1732 Angeli,
639 1697 729 1724 donec
746 1697 857 1731 vixerit,
875 1697 916 1724 vel
937 1697 1076 1725 heredum

249 1740 313 1777 ejus
329 1741 528 1769 masculorum
545 1742 586 1768 vel
604 1741 789 1775 feminarum,
809 1741 857 1777 qui
885 1742 928 1769 vel
949 1750 1005 1777 que
1022 1742 1076 1769 im-

250 1785 403 1820 perabunt,
417 1785 460 1813 vel
476 1784 604 1818 illorum,
621 1785 671 1821 qui
699 1794 733 1812 ex
748 1788 883 1821 precepto
908 1794 1008 1814 eorum
1024 1787 1077 1814 im-

251 1830 404 1864 perabunt,
420 1829 456 1856 ad
470 1829 634 1856 nocendum
651 1829 788 1857 Romanis
804 1830 1019 1865 particulariter
1034 1831 1076 1859 vel

249 1873 453 1900 universaliter
469 1885 476 1906 -,
493 1880 546 1900 nec
563 1881 612 1908 per
629 1882 660 1901 se
673 1882 801 1909 unquam
818 1874 842 1901 ei
861 1875 985 1903 nocebit.

287 1917 368 1951 Item,
385 1917 653 1953 quocienscumque
669 1917 834 1953 principum
860 1919 967 1954 aliquis
996 1928 1076 1948 coro-

251 1962 387 1989 natorum
408 1961 451 1989 vel
473 1970 529 1990 non
546 1964 761 1995 coronatorum,
792 1962 835 1990 vel
864 1963 996 1999 gentium
1027 1967 1077 1993 aut

251 2005 399 2033 nationum
412 2006 511 2041 aliqua
524 2010 623 2034 contra
646 2006 818 2034 Itomaniam
834 2008 913 2036 venit
928 2009 1076 2037 otfendcn-

250 2050 321 2079 dum
336 2059 400 2079 eam
423 2059 489 2079 cum
517 2050 607 2087 galeis
636 2051 831 2087 quadraginta
858 2052 901 2080 vel
931 2053 1075 2089 pluribus,

251 2104 341 2132 usque
357 2097 393 2124 ad
418 2098 534 2124 centum
555 2096 622 2133 (‘39),
651 2098 679 2124 et
703 2096 814 2132 indiget
839 2097 995 2133 imperium
1012 2099 1076 2134 ejus

248 2140 292 2168 vel
307 2140 428 2169 heredes
449 2141 513 2177 ejus
544 2149 638 2169 mares
665 2140 706 2169 vel
730 2141 847 2176 femine,
872 2143 923 2178 qui
948 2143 991 2171 vel
1021 2152 1076 2180 que

247 2185 446 2222 imperabunt,
463 2185 507 2213 vel
524 2186 576 2222 illi,
593 2186 643 2222 qui
671 2195 704 2213 ex
731 2189 866 2223 precepto
895 2189 959 2223 ejus
980 2188 1075 2224 impe-

246 2231 364 2265 rabunt,
381 2230 499 2259 servitio
515 2230 718 2258 Veneticorum
731 2239 797 2259 cum
828 2231 919 2267 galeis
948 2233 1072 2268 quadra-

1140 798 1270 835 quinque
1287 798 1530 836 gallearum;qui
1557 801 1585 828 et
1610 800 1712 835 jurare
1740 800 1846 834 debent,
1871 801 1922 836 quod
1958 800 1961 826 ἑ

1140 844 1246 872 facient
1261 852 1310 872 eas
1335 844 1408 873 bene
1437 845 1499 872 fieri
1524 846 1555 873 ut
1578 853 1668 873 unam
1693 853 1834 881 quamqua
1853 853 1923 872 earum

1138 891 1256 917 centum
1272 889 1469 925 quadraginta
1497 890 1557 918 fore
1588 889 1829 926 romatorum(30)
1845 891 1923 918 etcum

1139 934 1219 961 omni
1246 935 1387 970 apparatu
1415 942 1528 968 earum,
1562 942 1630 962 cum
1659 934 1804 963 celeritate
1832 936 1856 962 et
1882 934 1924 962 sine
1960 958 1961 962 η

1137 978 1249 1012 fraude,
1264 979 1426 1007 secundum
1443 979 1519 1015 quod
1543 979 1671 1007 facerent
1685 988 1735 1008 eas
1751 979 1819 1014 fieri,
1840 978 1925 1016 sigalte
1958 990 1960 995 ε

1136 1025 1234 1052 essent
1256 1024 1382 1059 Venetie,
1399 1026 1449 1052 aut
1464 1024 1489 1052 si
1507 1032 1571 1052 cum
1589 1024 1731 1060 peccunia
1746 1025 1805 1052 ﬁeri
1822 1024 1925 1052 deberent
1956 1039 1958 1042 -

1136 1069 1263 1096 Venetis.
1294 1071 1328 1096 Et
1351 1069 1556 1105 unusquisque
1583 1077 1686 1097 eorum
1715 1069 1798 1098 debet
1829 1069 1924 1104 accipere

1137 1114 1171 1141 de
1187 1113 1322 1142 vestiario
1339 1113 1450 1142 domini
1467 1113 1653 1150 imperatoris
1668 1113 1844 1142 liberalitatis
1855 1113 1925 1150 gratia
1956 1122 1958 1137 :

1135 1167 1274 1194 yperpcra
1289 1158 1449 1194 sexaginta.

1172 1203 1242 1231 Item
1259 1203 1380 1231 comites
1400 1203 1570 1238 hujusmodi
1585 1203 1739 1240 galearum
1752 1204 1925 1239 debentjurare

1134 1256 1222 1284 super
1236 1250 1337 1276 sancta
1353 1248 1398 1276 dei
1424 1248 1584 1284 evangelia,
1602 1249 1682 1284 quod
1709 1249 1738 1276 in
1764 1257 1818 1277 una
1841 1255 1925 1284 quaque
1956 1253 1959 1284 ρ

1134 1301 1232 1320 carum
1257 1294 1342 1320 erunt
1363 1294 1481 1321 centum
1509 1294 1707 1330 quadraginta
1723 1293 1856 1328 homines,
1868 1293 1887 1320 si
1898 1294 1925 1320 tot

1135 1338 1286 1366 horminum
1303 1346 1372 1374 roga
1394 1337 1435 1366 eis
1461 1338 1528 1366 data
1556 1338 1654 1371 fuerit,
1684 1339 1808 1375 exceptis
1823 1337 1926 1365 merenti-
1957 1339 1961 1361 ξ

1135 1383 1188 1410 bus
1204 1383 1260 1418 (31)
1277 1384 1305 1410 et
1320 1382 1381 1410 sine
1407 1382 1515 1410 noticia
1532 1391 1632 1410 eorum
1658 1383 1875 1420 aufugientibus.
1890 1383 1925 1409 νε·
1957 1383 1959 1388 “

1133 1436 1199 1455 rum
1217 1429 1313 1455 tamen
1331 1427 1452 1455 comites
1468 1427 1659 1463 festinabunt,
1693 1429 1770 1456 bona
1797 1429 1847 1456 ﬁde
1870 1435 1924 1455 recu-
1959 1464 1960 1467 η

1133 1480 1234 1508 parare
1261 1472 1358 1500 datam
1385 1471 1425 1500 eis
1443 1480 1543 1508 rogem
1567 1475 1618 1506 ;et
1643 1473 1668 1500 si
1699 1482 1764 1502 eam
1789 1479 1923 1509 recuperare
1956 1470 1961 1500 ξ

1133 1518 1268 1552 possunt,
1287 1517 1426 1544 inducent
1449 1516 1521 1544 alios
1538 1525 1589 1553 pro
1610 1517 1651 1545 eis
1682 1517 1713 1545 in
1734 1518 1827 1555 galeas
1841 1524 1922 1546 eorum.
1955 1515 1961 1541 Τ

1133 1561 1175 1588 vel
1192 1561 1313 1588 reddent
1328 1569 1393 1589 eam
1410 1561 1522 1589 homini
1535 1561 1646 1589 domini
1658 1562 1848 1599 imperatoris.

1170 1605 1392 1641 ltemjurabunt
1406 1606 1537 1641 comites,
1566 1607 1644 1642 quod
1673 1607 1837 1635 universum
1863 1613 1922 1642 appa-

1131 1652 1228 1678 ratum
1243 1650 1316 1686 ipsis
1332 1650 1472 1678 traditum
1501 1651 1664 1679 conducent
1690 1652 1726 1680 ad
1748 1653 1873 1680 honorem
1886 1650 1922 1677 im-
1956 1660 1960 1680 ;

1132 1695 1202 1730 perii
1219 1703 1319 1722 eorum
1331 1697 1358 1723 et
1371 1694 1497 1723 salutem
1512 1695 1604 1723 nostri
1621 1696 1700 1724 stoli.
1717 1697 1845 1725 Homines
1856 1696 1925 1723 autem

1131 1739 1280 1775 galearum
1306 1739 1393 1767 talem
1422 1740 1528 1767 debent
1553 1748 1653 1776 rogam
1678 1741 1820 1778 accipere,
1837 1739 1924 1776 qualem
1956 1750 1958 1752 ·

1134 1784 1258 1812 Venetici
1276 1786 1348 1819 apud
1367 1784 1532 1821 Coryphum
1548 1785 1743 1821 accipiebant.

1168 1829 1239 1856 Item
1252 1831 1291 1863 et,
1308 1829 1332 1856 si
1349 1828 1505 1865 imperium
1522 1837 1625 1857 eorum
1643 1830 1768 1858 voluerit
1781 1830 1809 1858 in
1836 1836 1925 1857 numero

1131 1873 1302 1909 huiusmodi
1332 1876 1448 1902 centum
1480 1873 1631 1910 galearum
1659 1876 1811 1903 servitium
1843 1872 1925 1902 Venell-

1132 1926 1233 1945 corum
1250 1918 1279 1945 in
1304 1920 1364 1946 tota
1377 1918 1520 1946 Romanis.
1547 1919 1748 1953 inventorum,
1772 1920 1850 1947 debet
1875 1915 1924 1944 illud
1961 1944 1962 1947 η

1132 1963 1239 1991 habere
1263 1971 1329 1990 cum
1348 1965 1388 1990 tot
1403 1963 1514 1991 scilicet
1540 1963 1642 2000 galeis,
1659 1967 1735 2000 quot
1756 1963 1853 1993 armari
1868 1963 1926 1998 pote-
1961 1975 1963 1978 ι

1132 2009 1201 2035 runt
1228 2008 1263 2035 de
1279 2007 1404 2036 inventis
1428 2007 1556 2043 Venetis,
1593 2016 1627 2036 ex
1657 2012 1784 2044 quatuor
1807 2007 1885 2036 tribus
1905 2005 1924 2031 ill
1959 2001 1961 2019 ί

1131 2052 1229 2088 galeas
1245 2052 1373 2080 inductis
1393 2053 1556 2081 secundum
1587 2061 1746 2082 numerum
1776 2054 1924 2082 inventorum

1132 2097 1334 2125 Veneticoruru
1350 2105 1416 2124 cum
1428 2099 1457 2125 et
1475 2097 1633 2126 manifesta
1656 2107 1737 2134 roga.
1756 2098 1924 2126 Verumtamen

1131 2151 1188 2170 non
1204 2144 1344 2177 cogentur
1359 2141 1467 2178 galleas
1483 2141 1598 2178 ingredi
1623 2142 1728 2179 viginti
1753 2148 1880 2171 annorum
1892 2138 1925 2166 h0-

1131 2187 1225 2215 mines
1240 2189 1269 2214 et
1284 2186 1369 2222 infra,
1387 2194 1480 2222 neque
1495 2187 1647 2223 sexaginta
1666 2195 1810 2216 annorum
1824 2188 1849 2214 et
1861 2184 1924 2212 ultra.

1166 2232 1264 2260 Stolus
1281 2234 1378 2259 autem
1399 2233 1498 2259 noster
1513 2231 1698 2267 capitaneum
1722 2233 1765 2260 vel
1793 2231 1924 2267 capilaneos

246 2278 328 2315 ginta
342 2278 371 2304 et
396 2283 488 2311 usque
517 2278 553 2303 ad
574 2279 702 2310 centum,
733 2276 839 2304 debent
867 2277 939 2304 illud
969 2277 1076 2306 habere
1092 2287 1114 2319 Ι)
1131 2278 1281 2305 Veneticos
1295 2277 1380 2304 debet
1393 2276 1509 2311 habere,
1521 2276 1571 2313 qui
1587 2279 1616 2304 et
1629 2278 1733 2312 jurare
1749 2277 1856 2309 debent,
1869 2270 1923 2309 quod

247 2322 324 2350 infra
335 2329 451 2349 menses
466 2329 516 2348 sex
531 2323 598 2356 post
614 2321 711 2348 datam
727 2321 864 2348 noticiam
884 2322 952 2349 Duci
969 2322 1003 2349 ab
1020 2323 1074 2351 im-

249 2366 328 2402 perio
340 2373 440 2393 eorum
457 2364 586 2392 Venetie.
604 2365 778 2400 llujusmodi
792 2373 859 2392 vero
874 2365 955 2401 galce
971 2362 1077 2395 debent

248 2410 368 2438 Venetia
383 2409 445 2438 ﬁeri
474 2411 502 2437 et
527 2409 620 2446 parari
646 2418 662 2437 a
678 2409 822 2438 chcticis
846 2418 913 2438 cum
942 2411 1075 2441 universo

250 2457 390 2490 apparatu
418 2463 519 2482 earum
534 2463 584 2490 per
599 2455 767 2490 peccuniam
798 2454 866 2482 illuc
891 2456 1012 2484 missam
1040 2458 1075 2485 ab

251 2498 373 2534 imperio
388 2507 500 2532 eorum,
517 2499 559 2527 vel
588 2500 734 2527 inventam
766 2499 804 2527 ibi
833 2508 849 2527 u
865 2503 946 2536 parte
963 2502 1076 2530 celsitu-

252 2542 329 2570 dinis
345 2551 456 2578 eorum,
479 2543 622 2572 Veneticis
651 2544 719 2572 dare
743 2544 918 2574 debentibus
942 2546 1076 2575 homines

251 2589 345 2624 aptos,
362 2589 394 2615 ut
410 2589 614 2624 unusquisque
628 2598 729 2617 eorum
760 2590 850 2625 prosit
880 2592 1076 2627 preparationi

285 2669 340 2705 (27)
356 2670 433 2696 Post.
446 2668 538 2696 Marin
556 2669 574 2696 l.
592 2669 611 2697 1.
629 2670 676 2703 ΙΙΙ,

247 2705 332 2734 libris
343 2707 493 2741 pactorum
509 2705 663 2733 ediderunt

249 2751 277 2779 ρ.
295 2742 422 2779 195-βο3.

284 2779 340 2815 (28)
357 2777 378 2806 Ι.
410 2785 434 2806 e.
463 2775 500 2807 εἷς
525 2775 602 2815 τέλος
632 2775 676 2803 διὰ
704 2776 810 2808 τέλους.
838 2778 929 2806 Marin
947 2787 952 2806 :
973 2787 1023 2815 per
1045 2780 1075 2814 ﬂ-

250 2822 338 2886 ῃϐῗέὸ)
356 2850 448 2879 Verba
462 2857 547 2887 usque
560 2849 596 2876 ad
611 2851 719 2878 centum
732 2849 786 2878 hoc
801 2850 864 2879 loco
884 2851 1076 2887 expungenda

717 2691 722 2696 .
749 2671 801 2697 282
816 2679 849 2698 cx
866 2671 940 2698 libro
956 2671 1021 2699 albo
1047 2674 1075 2700 et

706 2706 761 2734 afel
791 2708 819 2734 et
843 2707 1001 2736 ’l‘homasl.
1018 2708 1036 2735 l.
1054 2717 1074 2742 ι,

1130 2322 1294 2350 conducent
1308 2330 1374 2349 eum
1391 2320 1425 2348 ad
1443 2321 1584 2349 honorem
1605 2321 1721 2357 imperii
1737 2330 1832 2350 eorum
1851 2321 1873 2347 et
1892 2324 1922 2344 sa-

1130 2367 1221 2394 lutem
1240 2366 1329 2394 nostri
1342 2365 1408 2393 stoli
1424 2365 1500 2393 bona
1513 2365 1568 2393 fide
1578 2367 1608 2393 et
1621 2366 1684 2394 sine
1702 2367 1802 2394 lraude
1816 2360 1921 2399 usquead

1131 2410 1239 2439 stolum
1264 2409 1446 2438 celsitudinis
1471 2418 1583 2437 eorum.
1611 2412 1644 2438 Et
1673 2410 1698 2438 si
1729 2410 1817 2439 stolus
1842 2409 1922 2436 noster,

1131 2458 1288 2491 antequam
1304 2454 1418 2490 imperii
1437 2462 1538 2482 eorum
1568 2455 1642 2483 stolo
1673 2455 1800 2490 uniaiur,
1824 2453 1921 2487 aliquem

1131 2499 1363 2528 stoluminimicl
1388 2498 1503 2534 imperii
1531 2507 1632 2527 eorum
1658 2499 1808 2532 invenerit,
1834 2499 1858 2525 et
1874 2500 1921 2522 eum

1130 2545 1275 2573 offendere
1291 2543 1331 2572 vel
1359 2551 1524 2579 expugnare
1550 2543 1684 2578 voluerit,
1715 2544 1799 2572 faciet
1819 2543 1855 2570 sic
1877 2539 1922 2567 sine

1130 2590 1232 2618 fraude
1261 2592 1289 2617 et
1317 2588 1394 2617 malo
1423 2588 1540 2624 ingenio
1566 2588 1675 2624 aliquo.
1704 2589 1851 2623 Postquam
1874 2590 1921 2611 \61'0

1130 2680 1193 2700 esse
1204 2671 1346 2699 videntur.
1368 2669 1518 2698 Habentur
1543 2671 1640 2698 tamen
1669 2670 1756 2698 etiam
1780 2669 1848 2697 infra
1870 2665 1920 2693 NOV-

1130 2717 1222 2779 M'(30)
1250 2742 1324 2770 Libri
1349 2744 1512 2779 pactorum,
1538 2731 1708 2770 remotorum
1724 2734 1920 2777 gMarinzremi'

1128 2786 1341 2852 gaigllj'giarin,
1357 2814 1546 2843 morientibus.
1560 2813 1607 2841 sic
1622 2813 1674 2841 inf.
1691 2815 1758 2842 Nov.
1769 2821 1804 2840 xx.
