1973 3154
62 192 109 223 465

61 258 140 287 stolas
153 258 252 284 noster
276 255 349 284 stolo
365 255 528 292 imperialis
552 255 736 284 celsitudinis
761 254 862 282 unitus

61 303 141 336 fuerit,
169 302 274 330 debent
298 301 447 329 numerari
472 301 617 336 homines,
643 300 692 336 qui
719 300 748 327 in
774 299 864 334 galeis

59 349 139 380 erunt,
163 355 178 374 a
204 346 355 382 capitaneo
381 345 448 374 stoli
474 345 591 382 imperii
616 353 728 379 eorum,
753 344 776 373 si
801 345 863 380 ipse

58 392 164 421 voluerit
178 400 185 419 :
201 393 230 420 et
242 391 352 419 inventi
368 391 486 427 quidem
504 393 589 418 erunt
605 390 633 418 in
650 390 766 418 servitio
777 389 862 417 celsi-

57 437 153 466 tudinis
168 444 269 464 eorum
284 448 291 470 ;
305 436 440 464 absentes
454 443 520 463 vero
532 435 608 463 bona
619 435 675 463 ﬁde
685 435 863 463 festinabunt

55 482 173 519 reperire,
191 481 215 509 si
242 483 377 517 possunt,
404 488 619 516 numerumque
648 480 794 516 supplere.
815 479 863 507 In-

56 535 130 563 super
144 526 313 562 capitaneus
340 525 384 553 vel
401 525 545 561 capitanei
567 525 659 553 nostri
676 525 740 553 stoli
766 526 794 553 et
815 533 862 552 co-

55 572 126 600 mites
148 573 176 598 et
198 570 340 598 nauclerii
366 572 393 598 et
415 571 575 606 prodenses
599 572 628 598 et
651 569 806 598 decemviri
828 569 862 597 dc

56 623 213 652 unaquaque
242 615 394 651 galearum
418 615 573 650 jurabunt,
604 615 681 651 quod
719 616 861 650 praecepto

56 660 179 697 capitanei
194 659 261 688 stoli
279 660 465 695 imperatoris
493 659 658 695 majestatis
672 659 808 687 obcdient
825 659 860 686 ad

56 706 174 733 honorem
191 703 307 740 imperii
319 712 419 732 eorum
432 706 459 732 et
474 703 598 731 salutem
609 702 784 739 nostristoli,
797 703 861 730 sine

53 750 138 778 fraude
160 751 187 777 et
212 748 290 776 malo
316 749 451 784 ingenio;
467 751 496 777 et
512 749 588 785 quod
611 757 670 776 una
694 756 758 776 cum
785 748 859 776 stolo

53 793 150 830 imperii
163 801 265 821 eorum
282 795 495 828 persequentur
509 791 618 821 stolum
639 792 750 820 inimici
767 793 859 828 maje-

54 838 123 866 statis
143 845 254 872 eorum,
280 837 340 866 sive
367 837 504 866 Cristiani
528 838 588 865 sint
613 837 672 865 sive
696 837 814 873 pagani,
831 839 860 865 et

53 883 133 911 ledent
157 885 183 910 et
211 883 424 918 expugnabunt
452 890 518 910 eum
549 884 578 910 et
601 881 755 918 expellant,
782 882 857 910 infe-

53 930 155 964 rentque
177 927 202 956 ei
218 927 331 955 malum
354 927 432 963 quod
448 929 596 963 poterunt,
613 927 689 956 bona
711 926 777 962 ﬁde,
794 926 858 954 sine

53 972 136 1001 fraude
149 974 176 1001 et
191 972 269 1000 malo
283 972 443 1009 ingenio,et
457 972 675 1008 impugnabunt
691 980 769 1004 eum,
781 979 855 1007 quo-

51 1025 125 1053 usque
138 1020 164 1045 et
176 1017 273 1046 stolus
288 1017 475 1054 imperatorio
494 1017 687 1045 sublimitatis
713 1024 779 1045 eum
797 1016 854 1043 im-

50 1062 171 1098 pugnabit
185 1063 263 1090 bona.
291 1062 348 1090 ﬁde
363 1064 392 1090 et
407 1062 469 1089 sine
495 1062 607 1089 fraude.
625 1062 658 1089 Et
675 1061 699 1089 si
722 1061 851 1097 aliquam

48 1100 167 1135 terrarum
183 1107 298 1135 inimici
315 1106 428 1142 imperii
445 1114 546 1135 eorum
561 1106 851 1142 ceperint,debemus

49 1151 70 1178 in
89 1160 117 1179 ea
141 1152 244 1180 habere
272 1151 436 1187 ecclesiam,
457 1151 606 1179 embolum
632 1153 661 1179 et
686 1151 807 1186 scalam,
824 1152 851 1178 et

48 1197 187 1225 conversari
201 1196 266 1225 sine
282 1196 362 1225 omni
379 1197 505 1224 datione.
521 1195 729 1224 Verumtamen
755 1195 850 1224 stolus

48 1241 202 1269 celsitudinis
228 1249 332 1269 eorum
350 1241 434 1269 debet
459 1242 559 1269 tantus
585 1249 659 1276 esse,
677 1242 806 1276 quantus
821 1243 849 1268 et

47 1287 124 1314 noster
139 1289 189 1321 est,
205 1286 248 1315 vel
267 1286 402 1323 amplior.
419 1286 578 1321 Postquam
594 1293 661 1314 vero
676 1285 847 1321 hujusmodi

47 1330 172 1359 servitium
201 1331 320 1368 imperii
350 1339 450 1360 eorum
480 1331 654 1367 peregerint,
682 1331 788 1358 debent
812 1331 846 1358 de

48 1374 118 1410 galeis
133 1377 254 1412 egressis
269 1376 390 1404 Venetia
404 1377 447 1403 tot
462 1376 497 1403 ad
514 1384 597 1404 suam
625 1375 732 1403 habere
751 1384 845 1404 rever-

48 1418 149 1456 sionem,
163 1422 233 1456 quot
247 1420 293 1448 eis
309 1420 473 1448 necessarie
489 1422 575 1448 erunt
598 1420 802 1448 convenienter
817 1423 845 1448 et

49 1463 95 1492 sine
108 1464 209 1499 fraude,
226 1465 306 1494 bona
321 1465 387 1493 ﬁde.

72 1509 141 1544 Item,
152 1513 309 1546 postquam
326 1509 496 1546 hujusmodi
511 1509 593 1546 galee
608 1510 761 1538 Venetiam
777 1518 843 1546 per-

47 1555 160 1589 venerint,
176 1555 199 1583 si
215 1555 376 1592 imperium
392 1563 491 1583 eorum
513 1555 637 1583 voluerit
661 1563 709 1583 eas
735 1555 842 1583 iterum

46 1599 192 1628 lVeneticis
217 1600 246 1627 in
276 1600 448 1628 Romaniam
475 1600 584 1634 reduci,
605 1600 799 1633 reducentur;
815 1602 844 1628 et

44 1645 218 1681 unusquisque
255 1653 371 1679 eorum,
402 1645 452 1680 qui
490 1653 539 1673 eas
578 1645 728 1679 reducent,
757 1645 842 1673 debet

44 1686 125 1717 habere
147 1697 195 1726 pro
221 1690 358 1718 mercede
382 1689 422 1724 id,
453 1689 529 1725 quod
555 1689 643 1717 fuerit
667 1689 841 1717 conveniens

42 1734 174 1762 secundum
191 1736 321 1770 tempus.
337 1734 366 1761 Si
382 1736 479 1762 autem
496 1734 683 1770 imperatoria
699 1734 841 1763 celsitudo

42 1784 80 1812 per
91 1777 153 1806 alias
168 1787 310 1814 personas
323 1778 365 1806 vel
382 1786 433 1815 per
449 1778 536 1806 aliam
545 1778 675 1815 aliquam
691 1779 842 1815 dispensa-

44 1822 129 1851 tionem
143 1823 264 1852 voluerit
280 1823 451 1860 hujusmodi
474 1823 624 1860 galearum
646 1824 840 1853 reversionem

43 1865 88 1894 fieri
101 1868 125 1895 in
139 1870 242 1897 terram
269 1867 386 1904 imperii
412 1876 524 1902 eorum,
542 1868 591 1896 ﬁet
616 1870 645 1896 et
668 1868 840 1904 hujusmodi

43 1919 119 1940 earum
143 1914 266 1942 reversio
293 1912 382 1941 licite.
399 1914 434 1941 Et
456 1913 479 1941 si
504 1912 628 1941 voluerit
651 1921 700 1941 eas
725 1914 840 1942 Venetis

43 1957 372 1992 custodiri,custodientur
387 1958 423 1985 ad
439 1958 579 1986 honorem
595 1957 710 1993 imperii
727 1965 838 1994 eorum,

43 2008 66 2027 ac
78 2002 96 2029 si
111 2005 202 2031 essent
225 2002 345 2039 proprie
361 2001 489 2037 Venetie,
505 2002 555 2030 sed
580 2004 678 2030 tamen
693 2011 760 2031 cum
783 2003 839 2032 im-

42 2046 120 2080 periali
135 2055 267 2084 expensa.

66 2091 136 2127 Item,
151 2092 173 2121 si
189 2093 223 2121 ob
241 2092 371 2129 _aliquod
395 2100 550 2129 gravamen
576 2092 761 2128 nequiverint
783 2093 839 2120 hu-

40 2134 147 2169 iusmodi
160 2137 240 2174 galee
257 2138 422 2166 secundum
438 2138 588 2174 praefixum
613 2137 772 2165 terminum
790 2146 838 2165 vc—

42 2179 89 2207 nire
109 2181 230 2216 Venetis,
257 2183 367 2211 debent
390 2182 419 2210 in
445 2182 598 2210 servitium
622 2182 689 2210 stoli
724 2182 840 2218 imperii

42 2232 120 2253 eorum
135 2226 243 2264 ingredi
260 2235 364 2255 omnes
377 2227 488 2256 inventi
505 2227 532 2254 in
551 2227 691 2255 Romania
699 2227 838 2263 Venetici,

44 2268 69 2296 dc
81 2273 192 2306 quatuor
206 2273 444 2307 tres,secundum
460 2273 536 2308 quod
547 2273 683 2308 superius
695 2274 839 2301 statutum

45 2316 85 2348 est,
98 2323 155 2344 cum
170 2319 196 2345 et
212 2317 368 2346 manifesta
384 2325 464 2353 roga.

72 2358 140 2395 item,
163 2361 186 2389 si
213 2362 336 2398 imperio
366 2369 468 2390 eorum
497 2362 614 2398 expedit
638 2362 779 2391 auxilium
805 2363 841 2390 ad

47 2401 226 2435 deil'ensionem
241 2409 318 2436 terre
333 2406 518 2435 celsitudinis
543 2415 645 2435 eorum
661 2408 696 2436 ob
713 2408 840 2443 aliquem

45 2446 203 2479 inimicorum
219 2452 248 2479 iu
258 2451 432 2480 Romaniam
447 2451 649 2488 ingressurum
667 2460 735 2481 cum
751 2452 842 2489 galeis

47 2494 214 2532 quadraginta
237 2496 281 2524 vel
297 2495 443 2532 pluribus,
460 2499 488 2524 et
513 2497 678 2533 nequiverit
692 2497 842 2526 Venetiam

47 2536 138 2567 mittere
152 2549 200 2576 pro
216 2540 374 2578 adjutorio,
390 2541 476 2569 debet
492 2541 678 2578 imperatoria
701 2542 843 2570 celsitudo

48 2579 161 2612 inducere
189 2586 222 2613 ad
253 2585 462 2614 delfensionem
493 2588 569 2614 terre
598 2586 713 2622 imperii
743 2595 844 2615 eorum

50 2629 130 2655 contra
149 2629 313 2666 hujusmodi
335 2630 488 2658 inimicum
504 2630 669 2664 Vcneticos,
685 2631 714 2658 in
741 2640 846 2667 magna

54 2670 108 2698 urbe
132 2673 257 2703 videlicet
284 2677 312 2703 et
337 2675 436 2704 circha
465 2683 527 2704 eam
558 2675 716 2704 existentes
744 2684 846 2704 versus

144 2763 215 2801 idem
232 2766 394 2801 :jurabunt.

85 2797 131 2832 (33)
147 2800 236 2829 Malim
248 2797 411 2839 intervenia,
426 2803 523 2831 Greca
539 2803 676 2832 dictione.
694 2803 786 2831 Marin
803 2804 848 2831 in-

59 2834 211 2864 lerueniente.

89 2868 134 2907 (34)
148 2871 222 2903 Hunc
237 2873 330 2905 locum
352 2874 431 2904 haud
447 2874 535 2904 dubie
559 2875 731 2905 lacunosum
747 2874 788 2904 sic
804 2883 848 2905 ex-

615 189 808 220 NOVELLIE
830 187 1114 219 CONSTITUTION
1121 190 1180 220 ES.

1686 193 1746 222 466

877 254 904 287 Α
919 255 1016 282 ortum
1033 257 1062 283 et
1075 262 1178 284 versus
1201 264 1347 290 occasum,
1362 258 1391 284 et
1405 256 1441 284 ab
1457 263 1490 284 ea
1505 264 1598 293 usque
1620 258 1746 286 Avidum

924 301 952 326 et
967 299 996 327 in
1013 300 1111 328 eadem
1138 301 1252 328 civitate
1268 301 1402 329 similiter
1418 301 1560 336 inventos,
1578 310 1630 330 nec
1645 311 1703 331 non
1718 305 1746 332 et

922 345 951 372 in
968 346 1063 379 terris,
1081 354 1137 381 que
1152 346 1227 373 infra
1246 348 1316 374 sunt
1337 355 1429 382 usque
1454 347 1700 384 Phyladelphyam
1717 350 1746 377 et

921 389 950 417 in
968 390 1032 426 ipsa
1047 390 1170 424 civitate,
1187 393 1215 418 et
1230 399 1323 426 usque
1336 391 1555 427 Adrianopolim
1570 394 1599 420 et
1615 392 1643 419 in
1661 400 1694 421 ea
1709 393 1744 422 si-

921 434 1030 462 militer
1045 435 1203 463 existentes
1219 435 1253 462 de
1270 437 1396 471 quatuor
1411 438 1480 470 tres,
1494 445 1560 464 cum
1577 438 1620 464 tot
1635 437 1746 467 scilicet

920 479 1020 516 galeis,
1038 482 1109 515 quot
1138 488 1251 508 armare
1280 482 1426 516 poterunt,
1442 481 1552 509 inventi
1580 483 1743 511 secundum

920 525 1122 560 supradictum
1138 524 1282 558 ordinem,
1299 533 1364 553 cum
1381 527 1409 553 ct
1424 526 1579 554 manifesta
1593 535 1671 563 roga.

953 568 1016 597 Tali
1031 569 1129 605 itaque
1145 570 1231 597 modo
1247 569 1358 606 talique
1369 571 1469 598 ordine
1482 571 1627 606 juvabunt
1642 572 1698 608 (3'2)
1715 575 1743 601 et

918 614 1074 642 delendent
1090 615 1259 642 Romaniam
1278 615 1405 642 Venetici
1430 617 1531 643 contra
1547 624 1663 644 omnem
1689 617 1742 645 ho-

917 659 1024 686 minem
1051 661 1221 687 coronntum
1248 661 1276 687 et
1300 668 1356 687 non
1386 662 1569 695 coronatum,
1587 663 1614 689 et
1639 665 1742 690 contra

916 711 1031 732 omnem
1053 706 1180 740 gentem,
1196 703 1340 732 volentem
1364 704 1460 733 ledere
1485 713 1560 741 eam,
1578 707 1739 735 secundum

915 749 992 784 quod
1010 749 1146 784 superius
1169 751 1321 777 ostensum
1337 751 1392 784 est,
1409 749 1487 778 salva
1503 752 1602 778 tamen
1618 759 1740 780 concor-

914 793 1064 829 dia,quam
1078 802 1143 821 cum
1156 793 1353 821 nobillissimo
1365 802 1431 830 rege
1441 794 1739 833 Alemanniehabent,

914 846 1067 874 quousque
1091 838 1236 866 dissoluta
1258 847 1314 866 non
1340 839 1428 867 fuerit
1453 847 1460 867 :
1486 842 1642 876 postquam
1671 849 1739 870 vero

913 882 1057 910 dissoluta
1086 883 1182 917 fuerit,
1211 883 1297 911 debet
1325 883 1425 912 eadem
1455 886 1483 912 et
1511 887 1612 912 contra
1639 893 1737 922 regem

871 943 894 975 Β
912 926 1084 955 Alemannis
1096 928 1189 955 facere
1211 937 1263 964 pro
1277 927 1401 964 imperio
1413 937 1514 957 eorum
1530 931 1559 957 et
1572 931 1715 958 Romanis
1729 939 1736 966 ;

910 973 938 997 et
952 971 1032 1000 salva
1047 972 1237 1000 conventione
1254 972 1468 1001 interventione
1484 974 1563 1002 intea
1583 974 1736 1004 Veneticos

909 1016 938 1043 et
964 1016 1194 1044 nobillissimum
1218 1024 1314 1053 regem
1336 1017 1433 1046 Sicilie
1457 1017 1622 1047 Vilielmum
1648 1019 1733 1053 facta,

908 1068 963 1096 que
979 1061 1163 1097 protenditur
1178 1070 1272 1098 usque
1286 1061 1315 1089 in
1332 1070 1425 1090 annos
1444 1064 1555 1099 septem
1573 1065 1601 1091 et
1616 1071 1731 1092 mensos

907 1113 1018 1142 novem,
1035 1107 1248 1143 computandos
1264 1115 1280 1135 a
1296 1107 1440 1143 principio
1465 1107 1595 1136 Januarii
1619 1109 1731 1137 mensis

904 1151 1049 1186 prescntis
1064 1153 1143 1179 sexte
1158 1151 1336 1179 indictionis.
1352 1151 1560 1180 Verumtamen
1577 1155 1605 1180 et
1626 1155 1728 1182 contra

905 1203 1001 1232 regem
1018 1196 1125 1231 Sicilie,
1136 1197 1381 1233 quandocumque
1396 1197 1457 1232 ipse
1473 1198 1728 1234 argumentabitur

904 1241 1049 1268 oti‘endere
1061 1241 1232 1269 Romaniam
1244 1241 1320 1269 infra
1332 1249 1425 1269 annos
1440 1242 1641 1270 conventionis
1652 1242 1729 1271 inter

902 1294 951 1313 eos
969 1286 1053 1319 facte,
1067 1286 1184 1314 venient
1205 1286 1336 1314 Venetici
1360 1286 1437 1314 intra
1461 1288 1588 1322 quatuor
1612 1295 1728 1316 menses

902 1332 967 1367 post
984 1331 1082 1358 datam
1098 1332 1134 1358 de
1149 1331 1203 1358 hoc
1220 1331 1356 1360 noticiam
1367 1331 1432 1358 duci
1443 1331 1611 1368 abimperio
1627 1340 1727 1360 eorum

901 1376 1019 1404 Venetie
1028 1377 1064 1404 ad
1076 1377 1273 1412 adjuvandum
1289 1376 1460 1404 Romaniam
1474 1379 1502 1405 et
1512 1377 1727 1406 defendendum

900 1429 964 1449 eam
981 1429 1047 1449 cum
1063 1421 1155 1457 galeis
1172 1421 1338 1457 quindecim
1357 1421 1431 1449 bona
1447 1421 1726 1450 fide.Verumtamen

900 1466 935 1493 de
950 1465 1042 1502 galeis
1057 1468 1085 1493 et
1109 1475 1178 1502 roga
1195 1466 1280 1494 debet
1305 1466 1378 1500 ﬁeri,
1395 1466 1558 1494 secundum
1583 1467 1660 1502 quod
1677 1475 1724 1495 su~

899 1511 997 1547 pcrius
1013 1511 1122 1538 dictum
1140 1513 1193 1539 est.

935 1556 1018 1589 item,
1034 1555 1059 1583 si
1084 1556 1242 1591 imperium
1258 1563 1359 1583 eorum
1373 1555 1497 1584 voluerit
1520 1555 1654 1584 homines
1671 1557 1721 1584 aut

897 1599 1033 1627 vestiario
1048 1600 1199 1628 Venetiam
1216 1599 1330 1627 mittere
1353 1600 1446 1636 gratia
1466 1601 1648 1628 conducendi
1663 1600 1719 1627 mi—

858 1634 879 1668 ί1
897 1643 964 1672 lites
981 1653 997 1672 a
1015 1644 1183 1672 Lombardin
1199 1644 1241 1672 vel
1265 1644 1300 1672 ab
1316 1634 1372 1672 alia
1386 1646 1473 1680 terra,
1487 1646 1514 1672 et
1529 1645 1719 1680 dispensandi

897 1697 940 1722 ea,
956 1697 1011 1725 que
1028 1689 1062 1716 ad
1088 1688 1228 1716 honorem
1261 1691 1289 1716 et
1311 1688 1467 1717 utilitatem
1492 1691 1567 1717 terre
1589 1692 1722 1725 spectant

896 1733 1076 1762 celsitudinis
1090 1742 1202 1763 eorum.
1217 1733 1294 1761 licite
1310 1733 1396 1762 faciet
1410 1734 1474 1767 hoc,
1491 1734 1514 1761 si
1532 1733 1585 1761 hoc
1602 1742 1659 1762 non
1675 1736 1720 1762 cst

895 1778 1306 1807 contraVenetiam.Homines
1317 1780 1413 1806 autem
1424 1778 1540 1807 Venetie
1551 1779 1658 1807 debent
1666 1779 1719 1807 ho-

896 1824 990 1852 mines
1004 1825 1033 1851 et
1047 1823 1184 1851 vestiaris
1204 1823 1394 1852 sublimitatis
1411 1831 1511 1851 eorum
1537 1823 1676 1860 recipere,
1692 1827 1720 1852 et

895 1868 1049 1896 defendere
1060 1870 1087 1896 et
1099 1868 1232 1896 homines
1243 1870 1270 1896 et
1293 1869 1446 1904 pecuniam
1459 1869 1494 1896 ab
1507 1868 1646 1896 omnibus
1661 1868 1718 1896 ini-

896 1913 1202 1941 micis.Verumtamen
1210 1913 1366 1948 imperium
1374 1921 1475 1941 eorum
1483 1921 1540 1941 non
1547 1913 1720 1941 debetVene-

894 1958 936 1986 tia
951 1959 1072 1986 educere
1088 1958 1197 1986 stolum
1211 1957 1254 1985 vel
1270 1957 1430 1986 exercitum
1455 1960 1557 1986 contra
1577 1957 1719 1994 aliquem,

895 2011 962 2031 cum
979 2011 1036 2039 quo
1053 2002 1184 2031 Venetici
1200 2002 1328 2030 habeant
1344 2003 1482 2030 unionem
1499 2004 1527 2030 et
1542 2011 1682 2030 amorem.

930 2050 1013 2082 Item,
1031 2048 1055 2075 si
1069 2048 1256 2083 imperatoria
1274 2047 1416 2075 celsitudo
1428 2046 1552 2075 voluerit
1566 2047 1675 2075 milites
1688 2047 1718 2074 in

895 2092 1068 2120 Romaniam
1083 2092 1273 2119 transducere
1293 2100 1344 2127 per
1358 2092 1521 2126 Venetiam,
1538 2090 1617 2119 licite
1633 2091 1719 2119 faciet

895 2139 923 2165 et
937 2136 1002 2171 hoc,
1019 2136 1075 2164 nisi
1092 2135 1149 2171 ipsi
1166 2135 1314 2164 manifesti
1331 2135 1444 2164 inimici
1459 2135 1578 2163 Venetie
1599 2135 1717 2171 fuerint,

895 2181 1077 2210 authnetia
1088 2181 1228 2216 impedita
1240 2180 1337 2208 fuerit.
1351 2182 1421 2208 Nam
1436 2182 1583 2208 transacto
1594 2179 1718 2216 impedi-

895 2228 993 2254 mento
1009 2225 1108 2254 licebit
1125 2225 1259 2260 transire,
1276 2225 1336 2253 sive
1356 2225 1410 2253 soli
1437 2225 1554 2258 fuerint,
1571 2225 1630 2253 sive
1651 2233 1718 2252 cum

894 2270 1113 2299 familiis.'l‘alia
1126 2270 1215 2306 igitur
1230 2270 1348 2298 servitia
1364 2270 1471 2298 debent
1486 2269 1615 2298 Venetici
1625 2269 1719 2305 impe-

855 2325 878 2358 D
896 2317 937 2344 rio
954 2324 1055 2344 eorum
1071 2317 1100 2344 et
1115 2314 1256 2343 Romanis
1269 2316 1373 2350 facere,
1391 2315 1447 2343 nisi
1463 2315 1499 2342 ab
1523 2314 1622 2350 aliqua
1638 2322 1719 2342 coro-

896 2363 1030 2389 natarum
1048 2368 1239 2397 personarum
1255 2359 1297 2388 vel
1314 2367 1488 2396 magnarum
1501 2361 1644 2387 terrarum
1660 2367 1719 2387 ma-

897 2406 1033 2434 nifestam
1055 2405 1240 2433 inimicitiam
1258 2405 1392 2439 habeant,
1411 2404 1483 2432 adeo
1499 2403 1575 2438 quod
1590 2403 1646 2440 ipsi
1662 2412 1721 2431 ser-

896 2451 999 2479 vitium
1013 2451 1106 2478 t'accre
1116 2449 1337 2485 nequeant,sine
1350 2449 1451 2477 fraude
1461 2450 1489 2476 et
1502 2447 1578 2476 malo
1590 2447 1718 2484 ingenio.

934 2496 1005 2524 Item
1035 2495 1124 2523 duces
1153 2494 1281 2530 Venetie,
1307 2494 1356 2530 qui
1386 2502 1437 2530 per
1464 2495 1596 2529 tempore
1623 2495 1718 2527 erunt,

895 2541 1049 2578 jurabuut,
1076 2540 1151 2576 quod
1178 2539 1301 2576 imperio
1327 2539 1390 2574 ejus
1418 2541 1446 2566 et
1470 2538 1633 2566 hwredibus
1657 2538 1720 2573 ejus

900 2585 1041 2614 masculis
1065 2587 1092 2613 et
1117 2584 1300 2618 mulieribus,
1319 2583 1369 2620 qui
1393 2585 1421 2611 et
1443 2591 1499 2619 que
1522 2582 1719 2619 imperabunt,

899 2631 943 2660 vel
972 2631 1040 2665 hiis,
1071 2630 1119 2666 qui
1147 2638 1181 2658 ex
1207 2631 1349 2665 praecepto
1382 2636 1484 2656 eorum
1524 2627 1720 2664 imperabunt,

901 2676 1083 2704 fidelitatem.
1106 2695 1112 2702 .
1135 2696 1142 2702 .
1168 2674 1317 2702 debebunt
1331 2674 1387 2710 (3/1)
1407 2673 1536 2706 Venetis,
1559 2671 1722 2701 secundum

902 2766 962 2803 plot
977 2766 1045 2793 Nov.
1061 2765 1096 2793 ΧΙ
1113 2765 1188 2792 infra
1204 2772 1210 2791 :
1224 2774 1246 2803 Διι
1262 2764 1347 2792 ﬁdem
1373 2764 1537 2803 servabunt,
1548 2762 1635 2790 etiam
1659 2767 1724 2787 eam

903 2799 1004 2831 contra
1019 2810 1135 2830 omncm
1154 2799 1300 2829 hominem
1326 2802 1497 2828 Cul‘OtltlilJm
1514 2801 1542 2826 et
1564 2806 1620 2825 non
1643 2804 1724 2824 coro—

903 2841 1017 2872 natum,
1034 2838 1111 2867 salvo
1126 2846 1159 2866 eo
1176 2837 1253 2873 quod
1269 2846 1319 2873 per
1331 2838 1533 2873 juramentum
1549 2833 1654 2862 debent
1671 2832 1723 2861 Ve-

903 2875 990 2905 netia.
1008 2883 1021 2900 ι
