1973 3154
195 194 252 224 46⁸1

855 190 983 220 lb‘AACl
1005 189 1082 220 ANG
1089 189 1148 219 liLl
1170 189 1253 220 1MP.

1822 191 1870 222 468

196 259 274 296 quod
290 267 367 286 nunc
381 258 439 286 dux
461 256 590 291 Venetie,
607 259 721 285 Aureus
745 257 884 292 magistro
902 257 1014 291 Petrus,
1031 257 1057 290 Α
1072 254 1208 283 vestiario
1224 255 1339 291 imperii
1355 255 1445 283 nostri
1458 255 1553 284 ablate
1562 257 1669 284 essent.
1686 256 1736 289 Qui
1751 258 1776 284 et
1786 257 1869 293 iurare

193 303 313 340 juravit.

232 348 384 377 Dehitores
412 347 474 374 ﬁsci
503 349 532 374 et
557 349 730 374 Romeorum
767 346 889 374 reddent
924 344 1022 373 omnia

199 403 256 430 que
271 402 305 421 ex
328 392 425 421 debito
451 392 566 419 debent.
584 393 617 418 Et
645 391 670 418 si
699 391 812 418 debitor
838 399 894 418 non
924 390 1021 425 habet,

199 439 277 466 unde
300 437 431 466 debitum
444 437 556 469 reddat,
572 436 658 464 debet
679 435 804 463 creditor
815 435 921 463 habere
933 435 1021 470 justi-

199 484 270 512 tiam
295 483 330 510 de
345 481 475 510 debitore
488 490 494 515 ;
507 482 529 508 si
548 482 643 508 autem
661 480 706 509 his
721 480 836 514 obierit,
851 480 887 508 de
899 479 1022 508 haeredi-

199 528 255 555 bus
271 527 345 563 ejus.

235 570 352 604 ltem,si
369 570 508 598 inimicus
525 569 710 606 imperatoris
726 569 909 597 celsitudinis
925 576 1023 604 super-

198 616 308 644 venerit
321 615 357 643 ad
375 615 609 651 impugnandum
636 617 743 642 terram
768 613 883 650 imperii
909 621 1020 646 eorum,

197 662 227 689 in
245 670 304 697 qua
321 660 449 688 Venetici
475 662 556 693 sunt,
573 659 680 687 debent
694 658 750 695 ipsi
777 658 931 686 defendere
946 666 1021 692 eam,

197 709 225 734 et
241 705 394 733 inimicum
411 704 554 740 expellere
570 704 605 731 ab
630 703 800 739 hujusmodi
818 706 905 736 terra,
922 702 1022 730 velluti

195 753 330 787 possunt,
347 750 422 777 bona
438 749 494 776 ﬁde
509 751 538 776 et
554 748 617 776 sine
633 748 743 776 fraude.

231 795 311 822 Hanc
328 794 426 830 itaque
441 792 662 821 conventionem
680 793 794 820 ﬁrmam
811 794 839 820 et
857 800 1021 820 sacramen-

195 844 260 869 tum
286 841 404 868 ﬁrmum
429 839 559 868 Venetici
582 839 790 873 observabunt,
815 841 844 866 et
868 846 962 874 neque
984 838 1021 866 ob

197 886 309 913 illatam
325 885 367 912 eis
390 885 464 912 iram
491 892 607 920 semper
630 883 813 911 memorandi
837 881 1021 919 imperatoris

195 928 433 965 porphyrogeniti
448 927 557 956 domini
574 927 827 962 Manuelis,neque
841 926 877 954 ob
891 925 1019 961 aliquam

195 974 283 1002 aliam
296 973 479 1002 occasionem
490 973 533 1000 eis
546 973 651 1000 factam
663 970 833 1006 huiusmodi
850 977 1017 998 sacramen-

194 1021 257 1046 tum
273 1018 444 1054 infringent,
462 1024 556 1053 neque
571 1017 607 1044 ob
623 1018 810 1052 praeceptum,
823 1015 865 1043 vel
883 1015 1018 1042 timorem

193 1063 320 1099 alicujus
335 1064 540 1090 coronatorum
558 1061 601 1089 vel
617 1069 674 1088 non
691 1063 907 1094 coronatorum,
925 1067 1020 1095 neque

191 1109 227 1136 ob
243 1107 475 1136 ecclesiasticam
491 1105 825 1134 excommunicationem
840 1104 882 1132 vel
899 1103 1018 1132 absolu-

193 1153 302 1181 tionem
315 1152 443 1187 alicujus
455 1151 693 1188 pontiﬁcum,aut
702 1150 796 1185 ipsius
804 1158 876 1185 papa
883 1149 1019 1177 Romani.

195 1197 288 1234 Igitur
305 1197 356 1224 hec
378 1196 477 1224 omnia
494 1195 619 1223 Venetici
644 1195 842 1223 observabunt
866 1194 942 1222 bona
965 1194 1021 1221 ﬁde

198 1244 227 1269 et
241 1241 305 1268 sine
319 1240 430 1274 fraude,
448 1247 603 1276 quousque
625 1242 653 1267 et
668 1240 704 1266 ab
716 1238 838 1274 imperio
851 1239 914 1274 ejus
930 1240 959 1265 et
975 1238 1019 1265 fu-

199 1284 275 1312 turis
291 1284 517 1320 imperatoribus
542 1283 652 1319 integre
676 1285 884 1311 conserventur
906 1291 949 1316 ea,
966 1290 1022 1318 que

199 1329 415 1366 promittuntur
439 1327 523 1356 nobis
538 1338 555 1355 a
575 1327 692 1356 domino
718 1327 892 1363 imperatore
916 1327 1021 1355 Roma-

200 1382 306 1402 norum
321 1376 349 1400 et
364 1381 480 1408 semper
495 1376 618 1408 augusto
635 1372 754 1400 domino
764 1371 897 1408 Ysaakyo
913 1371 1022 1408 Angela

200 1426 252 1456 per
266 1416 476 1454 ehrysobulum
492 1416 607 1453 imperii
620 1417 694 1452 ejus.

236 1462 295 1490 Hec
310 1461 428 1497 quidem
453 1464 532 1495 sunt,
550 1470 608 1497 que
631 1461 760 1489 Venetici
776 1461 899 1497 imperio
923 1463 1023 1488 nostro

199 1509 228 1535 et
242 1507 384 1535 Romanis
399 1514 450 1542 per
466 1505 687 1534 couventionem
705 1505 935 1542 spoponderunt.
948 1506 1023 1537 Quo-

199 1551 279 1580 niam
294 1559 363 1579 vero
378 1554 407 1579 et
431 1559 482 1586 per
502 1551 705 1586 juramentum
731 1550 785 1578 hec
808 1552 911 1578 eadem
934 1550 1024 1578 mani-

201 1597 293 1625 festus
308 1595 441 1624 videlicet
456 1596 516 1623 dux
529 1595 649 1623 Venetie
662 1597 690 1623 et
701 1595 879 1623 manifestati
898 1594 1024 1622 Venetici

1078 299 1193 333 debent,
1210 300 1288 336 quod
1304 300 1468 328 secundum
1484 303 1662 337 praeceptum
1678 301 1783 337 imperii
1799 304 1873 332 nostri

1077 345 1239 372 studebant
1250 345 1378 372 invenire
1389 346 1416 373 et
1428 345 1559 381 accipere
1570 345 1737 381 hujusmodi
1748 354 1789 374 res
1799 347 1828 374 ad
1835 347 1874 375 lio-

1078 397 1177 416 norem
1200 389 1353 417 clementis
1369 392 1468 418 nostre
1483 392 1511 417 et
1527 390 1683 418 utilitatem
1702 390 1872 420 Venticorum.

1077 434 1111 461 Et
1123 434 1147 461 si
1165 433 1274 469 aliquid
1290 434 1326 461 de
1341 433 1399 461 hiis
1416 434 1565 462 venditum
1581 437 1672 469 est,et
1687 435 1787 463 dixerit
1798 435 1875 464 Vene-

1077 478 1153 506 ticus
1170 478 1372 507 fraudulenter
1387 478 1460 506 illud
1478 479 1538 507 fore
1553 479 1826 515 venditum,jurabit
1840 480 1877 509 ille

1077 523 1127 559 qui
1142 523 1283 558 vendidit,
1300 523 1378 560 quod
1395 524 1473 552 bona
1487 524 1545 552 ﬁde
1569 533 1629 552 rem
1645 525 1770 552 Venetici
1793 526 1877 553 vendi-

1077 567 1151 595 derit
1167 569 1196 594 et
1212 576 1263 604 pro
1279 570 1370 601 tanto,
1388 570 1496 603 quanto
1521 576 1585 596 eam
1609 568 1731 596 vendere
1755 569 1844 604 quivit,
1858 572 1879 596 et

1077 613 1152 647 quod
1172 620 1223 640 nec
1240 611 1306 648 plus
1321 611 1388 640 inde
1404 612 1548 648 acceperit
1574 621 1626 641 nec
1650 615 1815 649 accepturus
1835 616 1878 647 est,

1078 656 1131 684 nisi
1149 658 1292 692 quantum
1309 656 1392 689 dixit,
1409 657 1432 685 si
1459 657 1642 693 propinquus
1668 657 1780 693 imperii
1804 658 1878 686 nostri

1078 709 1134 729 non
1152 701 1247 729 fuerit.
1265 704 1464 729 Veruntamen
1479 705 1508 730 et
1531 702 1566 729 de
1591 702 1765 738 propinquis
1785 701 1880 730 celsitu-

1077 745 1154 774 dinis
1172 748 1269 774 nostra
1284 748 1312 774 et
1327 746 1362 774 de
1386 746 1452 774 aliis
1477 746 1563 774 debet
1580 747 1641 774 ﬁeri
1669 749 1755 775 cauta
1774 747 1880 782 justitia,

1077 791 1239 819 secundum
1255 792 1332 827 quod
1354 791 1472 819 deberet
1487 791 1548 819 ﬁeri
1566 800 1617 828 pro
1633 792 1721 820 rebus
1743 791 1840 820 ablatis
1852 792 1878 820 de

1076 835 1212 864 vestiario
1230 838 1329 864 nostro
1348 835 1463 872 imperii
1480 836 1584 864 nostri.

1113 881 1185 908 ltem
1206 883 1246 914 et,
1263 880 1287 908 si
1317 889 1369 917 pro
1398 880 1525 913 servitio,
1541 881 1616 916 quod
1649 881 1772 917 imperio
1798 883 1879 910 nostro

1078 924 1184 953 facient
1199 925 1241 953 vel
1256 925 1442 961 imperaturis
1451 926 1615 954 secundum
1629 927 1708 962 quod
1720 926 1823 954 dictum
1835 928 1879 960 est,

1075 970 1277 1006 supervenerit
1301 969 1343 998 eis
1358 970 1512 998 inimicitia
1527 979 1544 998 a
1559 973 1699 999 coronata
1720 979 1834 1007 persona
1847 969 1880 998 vel

1072 1023 1089 1042 a
1103 1023 1209 1050 magna
1223 1016 1322 1050 gente,
1338 1014 1422 1042 debet
1449 1014 1606 1050 imperium
1629 1018 1764 1043 nostrum
1778 1014 1817 1043 vel
1834 1015 1878 1042 im-

1074 1059 1202 1095 peraturi
1217 1067 1268 1095 per
1291 1062 1422 1096 tempora
1437 1067 1486 1087 eos
1505 1061 1618 1096 juvare,
1635 1060 1796 1088 secundum
1816 1059 1879 1096 quod

1070 1103 1174 1139 juvare
1189 1103 1307 1132 deberet
1322 1112 1411 1132 unam
1437 1105 1472 1132 de
1489 1105 1604 1140 magnis
1631 1104 1770 1133 Romanis
1794 1104 1878 1132 civita-

1075 1148 1164 1183 tibus,
1180 1151 1308 1184 cxcepto,
1323 1149 1347 1177 si
1373 1157 1423 1185 pro
1439 1149 1606 1185 quindecim
1630 1150 1736 1186 galeis,
1752 1158 1820 1186 quas
1840 1149 1882 1176 im-

1076 1193 1155 1230 perio
1171 1196 1269 1222 nostro
1286 1194 1355 1222 dare
1370 1194 1476 1222 debent
1491 1193 1568 1222 infra
1583 1196 1702 1231 tempus
1719 1195 1881 1231 pacis,qusm

1076 1247 1143 1266 cum
1160 1238 1354 1267 nobillissimo
1370 1246 1436 1275 rege
1452 1239 1550 1267 Sicilie
1563 1239 1702 1268 Vilielmo
1727 1239 1837 1273 habent,
1850 1238 1884 1267 eis

1076 1283 1286 1319 supervenerit.
1303 1283 1375 1311 Nam
1388 1283 1412 1311 si
1438 1284 1559 1319 projam
1572 1284 1660 1312 dictis
1675 1284 1766 1320 galeis
1780 1282 1884 1311 inimici-

1076 1327 1118 1355 tia
1132 1327 1174 1355 eis
1189 1328 1325 1359 evenerit,
1342 1328 1427 1355 debet
1451 1328 1566 1363 imperii
1584 1329 1678 1356 nostri
1695 1329 1830 1356 serenitas
1843 1335 1882 1354 eos

1073 1371 1176 1407 juvare
1191 1373 1354 1400 secundum
1366 1380 1451 1400 suam
1462 1372 1696 1401 voluntatem.Et
1705 1373 1731 1401 si
1745 1372 1882 1409 imperium

1078 1418 1210 1444 nostrum
1237 1416 1281 1444 vel
1296 1417 1479 1453 imperaturi,
1503 1417 1667 1445 secundum
1693 1418 1769 1454 quod
1791 1418 1884 1445 dictum

1077 1462 1131 1494 est,
1149 1461 1248 1488 fecerit
1263 1469 1363 1497 pacem
1379 1461 1422 1489 vel
1439 1464 1553 1490 treusm
1568 1469 1636 1490 cum
1662 1461 1762 1498 aliquo
1778 1461 1884 1490 inimico-

1078 1513 1154 1536 rum.
1185 1509 1285 1533 contra
1306 1515 1391 1541 quem
1415 1505 1546 1534 Venetici
1571 1506 1696 1543 imperio
1722 1509 1817 1535 nostro
1837 1513 1884 1533 ser-

1078 1550 1167 1585 vient,
1192 1551 1280 1578 debet
1303 1550 1460 1587 imperium
1484 1553 1617 1579 nostrum
1641 1560 1693 1580 eos
1722 1551 1885 1579 introducere

1079 1593 1107 1622 in
1125 1595 1294 1630 hujusmodi
1311 1604 1411 1632 pacem
1427 1595 1473 1624 vel
1487 1596 1653 1624 treuam.Et
1669 1597 1696 1625 si
1713 1596 1804 1625 stolas
1815 1594 1884 1623 celsi-

200 1641 458 1674 conﬁrmaverunt,
481 1640 596 1676 imperii
621 1640 713 1668 nostri
742 1639 898 1668 clementia
925 1640 1025 1674 hujus-
1041 1630 1062 1663 ο
1082 1639 1195 1668 tudinis
1206 1630 1383 1669 nostrteiuna
1393 1649 1461 1669 cum
1472 1640 1763 1669 Veneticorumstolo
1775 1640 1884 1676 aliquam

202 1685 282 1714 modi
297 1693 399 1714 eorum
426 1685 646 1713 conventionem
661 1685 826 1719 juramento
851 1685 1021 1712 corrobora-

199 1733 258 1759 tam
274 1730 398 1766 benigne
411 1729 599 1766 recipiens,in
611 1729 763 1765 pristinum
777 1729 1021 1764 unionemqnam

200 1783 268 1804 cum
281 1774 424 1802 Romanis
434 1774 591 1807 habebant,
607 1781 657 1801 eos
679 1773 818 1801 restituit.
834 1775 867 1801 Et
882 1781 1025 1801 renovans

204 1819 379 1856 chrysobula
394 1818 436 1845 eis
453 1818 528 1846 facta
543 1818 578 1845 ab
605 1817 681 1845 inter
695 1817 886 1853 imperatores
910 1826 1026 1851 semper

204 1863 393 1891 memorando
408 1863 582 1899 imperatore
607 1865 634 1890 et
656 1865 757 1898 patruo
782 1863 896 1899 imperii
922 1864 1024 1898 nostri,

206 1907 316 1935 domini
329 1907 470 1934 Manuclis
483 1906 622 1934 Comnani
633 1907 699 1943 (35),
720 1907 865 1943 promittit
876 1915 927 1944 per
937 1916 1024 1935 suum

201 1951 412 1988 chrysobulum
429 1951 560 1986 verbum,
577 1961 626 1979 eos
648 1953 810 1980 conversari
828 1952 856 1980 in
884 1953 1025 1981 universis

203 1996 290 2025 terris
307 1998 412 2024 nostra:
437 1996 482 2032 pic
498 1996 720 2032 tranquillitatis
738 2005 789 2033 per
812 1999 918 2025 terram
935 2000 962 2025 et
976 2006 1027 2034 per

203 2050 282 2070 mare
298 2042 408 2077 alisque
428 2041 506 2069 omni
527 2041 644 2069 dntione
656 2043 819 2069 secundum
837 2043 1027 2079 comprehen-

202 2087 302 2115 siones
312 2085 481 2122 hujusmodi
498 2085 753 2123 chrysobulorum,
769 2089 797 2114 et
814 2088 872 2115 fore
891 2087 987 2116 salvos
1000 2090 1027 2116 et

199 2131 363 2167 intrepidos
388 2131 416 2158 ir.
443 2132 575 2167 personis
588 2134 616 2159 et
634 2131 765 2168 pecuniis
787 2141 886 2160 eorum
914 2135 974 2160 tam
991 2133 1027 2160 ab

201 2176 369 2204 hominibus
393 2176 506 2212 imperii
526 2176 617 2204 nostri
644 2185 730 2212 quam
758 2177 794 2204 ab
821 2177 884 2213 ipso
905 2177 1028 2214 imperio

203 2223 314 2254 nostro,
343 2223 371 2248 et
395 2220 501 2248 habere
527 2229 629 2248 omnes
656 2221 818 2253 districtus.
842 2231 915 2258 quas
937 2222 1027 2250 habe-

202 2267 273 2294 bant
303 2268 433 2302 tempore
460 2265 539 2293 illate
565 2265 606 2293 eis
637 2265 677 2293 ire
706 2274 823 2302 semper
848 2267 1027 2294 Inaniorandi

1079 1685 1222 1712 terrarum
1241 1684 1354 1713 inimici
1379 1685 1495 1721 imperii
1511 1685 1603 1713 nostri
1619 1685 1741 1722 ceperit,
1755 1685 1852 1713 debent
1864 1683 1885 1710 in

1079 1736 1111 1756 ea
1124 1728 1232 1756 habere
1247 1729 1373 1756 Vcnrtici
1384 1729 1548 1764 ecclesiam,
1565 1729 1718 1758 embolum
1738 1732 1766 1758 et
1783 1728 1885 1761 scalam,

1080 1776 1108 1802 et
1123 1775 1181 1801 fore
1198 1774 1309 1810 absque
1324 1774 1404 1802 omni
1420 1774 1549 1803 datione.
1565 1774 1720 1803 Debitores
1734 1782 1798 1803 vero
1810 1773 1886 1801 Veno-

1080 1818 1203 1846 ticorum
1230 1819 1327 1846 Romei
1346 1819 1453 1847 debent
1477 1819 1641 1856 persolvere
1656 1828 1757 1852 omne,
1773 1818 1842 1855 quod
1862 1825 1888 1845 ex

1081 1863 1178 1890 debito
1193 1863 1299 1891 debent
1314 1864 1508 1892 creditoribus
1524 1864 1680 1892 Veneticis.
1699 1864 1728 1892 Si
1744 1866 1834 1892 autem
1849 1862 1886 1890 de-

1081 1908 1157 1935 bitor
1172 1917 1228 1936 non
1246 1908 1390 1942 habuerit,
1407 1909 1485 1936 unde
1500 1909 1632 1936 debitum
1648 1909 1803 1944 persolvat,
1817 1907 1886 1934 habe-

1081 1952 1285 1988 bitjusticiam
1310 1953 1465 1981 Veneticus
1491 1954 1526 1981 de
1554 1955 1681 1987 Romeo;
1701 1954 1724 1982 si
1751 1961 1813 1981 vero
1835 1951 1885 1988 ipse

1082 1997 1215 2031 decessit,
1233 1998 1268 2026 de
1283 1998 1449 2026 haeredibus
1464 1998 1538 2034 ejus.
1689 2023 1693 2026 ι

1117 2043 1374 2070 Conservabuntur
1400 2043 1491 2079 igitur
1505 2043 1559 2070 hec
1574 2043 1660 2070 ﬁrma
1673 2043 1711 2070 ah
1728 2043 1763 2070 ab
1785 2038 1887 2077 imperio

1083 2089 1182 2114 nostro
1198 2089 1227 2114 et
1250 2087 1285 2114 ab
1301 2087 1469 2122 heredibus,
1486 2090 1518 2115 ut
1544 2087 1654 2115 dictum
1671 2090 1728 2121 est,
1744 2089 1771 2115 et
1792 2092 1887 2113 succes-

1083 2131 1199 2159 soribus
1228 2131 1340 2167 imperii
1370 2132 1473 2166 nostri,
1489 2140 1643 2168 quousque
1667 2135 1696 2160 et
1722 2141 1738 2160 a
1762 2128 1889 2158 Veneticis

1083 2177 1206 2205 ﬁrmiter
1221 2180 1249 2205 et
1265 2178 1328 2205 sine
1346 2179 1446 2206 fraude
1461 2181 1489 2205 et
1510 2178 1588 2206 malo
1605 2178 1724 2215 ingenio
1740 2182 1888 2206 conservan-

1083 2224 1131 2249 tur
1147 2221 1283 2257 superius
1299 2222 1459 2249 notiﬁcata.
1473 2222 1567 2258 Super
1583 2222 1637 2250 hoc
1651 2222 1730 2250 enim
1747 2224 1774 2249 et
1790 2225 1888 2257 presens

1084 2266 1291 2302 chrysobulum
1318 2266 1438 2294 verbum
1455 2266 1571 2302 imperii
1587 2266 1678 2294 nostri
1700 2266 1743 2294 eis
1767 2264 1884 2293 collatam

203 2310 388 2347 imperatoris
400 2312 427 2337 et
439 2309 534 2346 patrui
547 2309 661 2346 imperii
675 2310 766 2338 nostri
778 2310 888 2338 domini
912 2311 1030 2339 Manue-
1046 2318 1068 2350 ο
1083 2314 1138 2342 est,
1156 2311 1271 2338 ﬁrmum
1290 2313 1316 2338 et
1331 2311 1500 2338 inviolabile
1513 2319 1684 2346 permanere
1700 2310 1815 2338 debens.

204 2355 241 2383 lis
266 2355 415 2390 Comnani,
442 2354 575 2390 ipsisque
599 2354 746 2382 Veneticis
768 2355 849 2382 reddi
876 2357 903 2383 et
927 2364 1030 2384 omnrs

207 2407 254 2426 res
265 2406 377 2433 eorum,
394 2399 491 2434 quein
509 2399 624 2435 palatiis
636 2401 663 2426 et
691 2399 877 2427 monasteriis
903 2400 1028 2434 fuerunt,

208 2445 236 2471 et
247 2451 303 2478 que
313 2443 340 2470 in
353 2443 521 2471 vestiarium
537 2444 718 2471 intraverunt
728 2446 757 2471 et
769 2443 825 2472 alia
849 2444 911 2472 loca
922 2446 1029 2481 scripto

207 2489 237 2515 et
248 2495 304 2514 non
317 2487 435 2523 scripto.
452 2488 501 2516 Set
512 2491 540 2516 et
552 2497 602 2524 pro
616 2489 711 2522 rebus,
725 2497 781 2524 que
802 2489 955 2518 manifeste
971 2499 1029 2518 non

208 2531 400 2567 reperientur,
417 2532 498 2560 dabit
508 2533 650 2561 serenitas
666 2533 781 2570 imperii
794 2534 885 2562 nostri
897 2534 1030 2563 homines

206 2575 398 2610 sufﬁcientes,
414 2577 514 2612 eisque
530 2577 686 2614 praecipiet,
703 2580 848 2614 quatenus
871 2588 916 2606 res
940 2581 1029 2607 Vene-

206 2622 332 2650 ticorum
358 2621 489 2649 studiose
514 2625 638 2658 querant
660 2625 687 2650 et
713 2623 870 2660 reperiant,
888 2631 920 2651 ac
946 2624 970 2653 si
995 2624 1030 2652 de

242 2745 298 2781 (35)
313 2745 386 2780 Lege
404 2751 410 2771 ί
425 2742 536 2771 domino
554 2743 678 2772 Manuale
694 2744 843 2773 Comnano.

1121 2356 1236 2383 Factum
1252 2363 1352 2382 mense
1368 2355 1524 2383 Februario
1541 2355 1686 2391 presentis
1703 2355 1801 2392 quinte
1815 2351 1887 2380 indic-

1084 2400 1172 2428 tionis
1185 2399 1385 2428 sexmillesimi
1402 2400 1606 2428 sexcentesimi
1617 2399 1795 2437 nonagesimi
1809 2394 1885 2433 quinti

1081 2444 1164 2480 anni,
1181 2445 1209 2472 in
1223 2453 1280 2480 quo
1302 2446 1330 2472 et
1345 2446 1478 2472 nostrum
1495 2444 1576 2481 pium
1592 2447 1621 2473 et
1635 2453 1652 2473 a
1667 2445 1720 2474 deo
1737 2444 1881 2481 promotum

1084 2489 1267 2525 subsignavit
1281 2489 1450 2526 imperium.

1137 2565 1282 2594 YSACHIUS
1296 2565 1327 2593 in
1343 2565 1457 2593 Christo
1474 2566 1531 2593 Deo
1547 2565 1643 2593 ﬁdelis
1658 2566 1812 2594 imperator
1824 2563 1849 2590 et

1227 2602 1395 2630 moderator
1410 2604 1609 2630 Romanorum
1625 2602 1764 2638 Angelus.
