1973 3154
67 203 115 235 469

629 203 824 233 NOVELLE
847 202 1198 234 CONSTITUTIONES.

1696 206 1756 237 470

874 292 922 320 VI.

412 345 527 366 merum
543 345 604 366 cum
620 345 734 366 VENETIS
750 345 785 365 ss
800 345 909 365 manus
924 345 1128 366 RESARCIENDIS
1143 339 1209 374 [56].
1226 340 1269 373 (Α.
1288 340 1378 376 1189.)

63 401 222 430 Conﬁrmata
231 400 316 436 equis
332 402 377 428 est
387 401 450 436 jam
469 401 711 428 conventionibus
740 400 867 436 scriptis,
884 400 909 434 Α
926 400 1108 436 psnsionalia
1120 403 1148 428 et
1159 401 1252 429 scalas
1263 401 1436 435 maritimas,
1454 401 1568 429 embolo
1585 401 1696 437 pridem
1713 401 1748 429 ab

63 455 105 482 per
117 448 296 473 sacramenta
311 446 506 474 corroboratis
522 454 538 473 a
551 445 746 474 nobillissimo
771 448 800 473 et
815 445 870 472 im-

62 491 121 527 perii
136 491 224 518 nostri
241 490 425 518 ﬁdellissimo
441 491 514 518 duce
539 490 668 524 Venetie,
700 491 782 517 Aurio
807 498 868 517 mn-

59 536 135 572 gistro
150 535 244 567 Petro.
261 535 310 571 qui
335 535 477 570 dignitate
508 535 701 571 protosevasti
727 543 744 562 a
768 537 868 562 nostra

60 580 223 607 sublimitate
239 580 394 607 decoratus
410 582 463 612 est,
477 582 506 607 et
530 580 565 607 ab
591 580 728 607 universa
749 579 868 606 Venetis

61 624 225 660 plenitudine
250 624 374 660 imperio
403 626 504 652 nostro
525 626 553 652 et
569 624 719 655 Romanie,
739 624 809 651 ﬁdes
839 625 867 650 et

62 668 193 697 servitium
204 669 408 697 Venelicornm
419 668 651 704 nichilquedeest
660 677 759 696 eorum
777 668 866 695 invio-

61 712 215 741 labilissime
232 713 394 741 securitati.
417 713 559 745 Quoniam
586 721 654 740 vero
687 714 863 748 oportunum

58 760 117 792 erat,
128 757 244 785 Venetie
259 758 397 785 satisﬁeri
414 757 444 785 in
473 757 530 791 hisl
543 766 599 790 que
611 767 627 785 a
658 760 757 785 nostra
787 765 864 784 sere-

58 803 133 830 nitate
147 801 170 830 ei
185 802 333 838 promissa
361 805 441 836 sunt,
471 803 606 830 videlicet
635 803 664 830 in
700 802 863 830 redditione

58 855 148 879 rerum,
163 854 217 882 que
238 846 387 875 Veneticis
414 847 511 875 ablato
540 847 659 875 fuerunt
687 849 767 879 tunc,
794 855 860 874 cum

57 899 185 928 asemper
213 892 406 920 memorando
431 892 607 928 imperatore
636 894 663 920 et
691 892 860 920 desideran-

55 936 151 964 tissimo
165 936 350 964 celsitudinis
360 939 460 965 nostro
473 939 588 972 patruo,
602 937 721 964 domino
748 938 861 964 Manus-

56 981 231 1013 leComnsno,
273 980 351 1016 capti
382 981 542 1015 fuerunt,et
584 980 762 1008 exhibitione
792 988 858 1008 cen-

55 1025 212 1052 tenariorum
229 1025 455 1061 quatuor-decim
467 1033 694 1062 yperpeporum,
707 1033 764 1061 que
781 1024 858 1052 ultra

54 1077 104 1097 eam
117 1071 184 1105 ipsis
199 1070 348 1107 promissa
363 1073 435 1098 sunt
459 1071 496 1098 ob
512 1078 644 1105 causam,
660 1078 716 1106 que
745 1070 774 1096 in
805 1070 858 1097 cri-

54 1114 138 1143 sobulo
153 1124 201 1151 pro
217 1115 347 1143 hiisdem
363 1115 441 1143 edito
449 1115 650 1147 notiﬁoantur,
663 1115 699 1142 ob
716 1122 789 1150 quos
803 1114 860 1150 (57)

55 1162 77 1186 st
95 1168 177 1187 unum
210 1168 424 1196 yperperorum
465 1160 507 1187 eis
545 1160 764 1195 preimpensum
806 1160 859 1186 est.

56 1204 148 1240 Quippe
162 1206 190 1232 et
215 1204 314 1232 nuntii
341 1205 375 1231 ad
407 1206 537 1232 nostram
565 1204 751 1232 clementiam
777 1202 860 1230 missi

56 1251 111 1276 sunt
125 1257 130 1276 ε
145 1249 236 1285 primo
253 1249 378 1286 quidem
395 1249 498 1276 Petrus
521 1247 655 1281 Michael,
684 1247 860 1275 Octavianus

56 1293 172 1326 Quirinus
195 1296 222 1322 et
263 1294 417 1322 Johannes
461 1293 594 1327 Michael,
637 1292 857 1320 conventionem

56 1346 133 1373 suam,
148 1347 233 1375 quam
250 1338 375 1374 imperio
391 1340 491 1366 nostro
507 1340 536 1366 et
551 1338 691 1366 Romanis
717 1338 857 1371 fecerunt,

53 1382 195 1417 iuramento
224 1384 444 1412 corroboratam
472 1383 607 1419 equidem
636 1383 801 1417 offerentes,
830 1384 858 1409 et

55 1434 98 1462 que
110 1428 176 1464 ipsis
191 1427 339 1464 promissa
355 1430 425 1455 sunt
438 1436 489 1463 per
505 1427 726 1464 chrysobulum,
753 1429 785 1454 ut
813 1427 856 1454 di-

55 1473 116 1500 ctum
143 1475 198 1506 est,
227 1473 381 1509 exigentes
407 1481 413 1500 :
441 1472 546 1500 deinde
573 1480 639 1500 vero
675 1471 773 1500 sonori
800 1473 857 1506 (us)

55 1516 206 1545 nobilissimi
235 1519 265 1545 et
290 1517 415 1553 imper-io
442 1520 540 1544 nostro
570 1516 733 1544 ﬁdelissimi
773 1515 857 1543 ducis

54 1559 150 1589 Venetia
162 1564 264 1590 Petrus
287 1561 445 1590 Cornarius
455 1564 484 1589 et
501 1561 670 1589 Dominicus
699 1561 856 1593 Memmus,

56 1608 201 1639 procurator
207 1606 265 1634 eccl
271 1606 331 1634 esie
339 1606 432 1634 sancti
442 1606 541 1641 Marci,
555 1605 616 1640 inju
623 1607 688 1632 nctu
694 1613 721 1632 m
729 1604 856 1640 profecto

58 1649 190 1679 habentem
207 1652 264 1687 (38)
282 1651 387 1686 agendi
400 1651 490 1678 simul
519 1659 585 1678 cum
609 1649 832 1686 precedentilms
849 1658 855 1683 ;

58 1698 226 1730 reppererunt
240 1696 364 1732 quidem
376 1695 561 1723 clementiam
579 1697 708 1723 nostram
725 1694 855 1730 ipsorum

57 1739 201 1773 pectilionni
218 1742 411 1774 annuentem,
428 1743 456 1768 et
472 1741 507 1768 ad
524 1740 730 1776 perfectionem
743 1747 855 1772 eorum,

926 445 982 472 hiis
998 445 1098 473 habito
1111 447 1425 481 adjacentes,annuum
1439 446 1591 474 introitum
1604 446 1747 474 librarum

923 498 1133 525 yperperorum
1146 491 1371 527 quinquaginta.

960 534 994 561 Et
1007 537 1108 562 nostra
1133 536 1180 571 pia
1210 535 1411 571 tranquillitas
1440 536 1613 571 hujusmodi
1643 543 1745 564 eorum

923 579 1096 615 peticionem
1125 580 1206 607 nullo
1241 581 1327 608 modo
1343 582 1449 608 renuit.
1467 582 1650 616 Quemquam
1667 580 1744 608 enim

922 631 1008 659 grave
1023 624 1186 651 celsitddini
1205 627 1302 652 nostre
1325 625 1448 659 videtur,
1467 625 1651 653 latitudinem
1669 625 1745 653 intra

921 675 1058 703 magnam
1076 670 1176 696 urbem
1194 669 1330 704 gentibus
1345 669 1500 703 exhibere;
1527 672 1742 703 verumtamen,

919 713 986 748 quia
1002 721 1057 740 non
1071 715 1103 740 ut
1117 713 1308 749 alienigenas,
1331 714 1421 742 immo
1452 717 1484 741 ut
1498 714 1663 746 aborigines
1687 714 1738 742 Ro-

920 765 1022 784 manos
1039 765 1130 792 genus
1149 758 1350 786 Veneticorum
1366 761 1466 786 nostra
1482 759 1624 786 serenitas
1653 767 1741 795 repu-

917 803 970 834 tat,
987 804 1162 838 tantumque
1177 811 1229 838 pro
1246 803 1386 830 Romanis
1401 803 1511 837 dolent,
1538 805 1681 838 quantum
1713 805 1742 830 et

916 846 972 882 ipsi
989 847 1120 880 Romani,
1136 849 1306 884 tantamque
1320 855 1389 884 erga
1404 856 1467 875 eam
1487 847 1595 875 habent
1609 847 1739 874 devotio-

915 899 993 924 nem,
1009 894 1148 927 quantam
1166 895 1194 919 et
1208 901 1275 928 erga
1289 894 1408 925 terram,
1426 900 1481 927 quo
1495 900 1545 919 eos
1555 892 1665 925 emisit,
1679 900 1737 920 non

915 935 957 963 eis
967 938 1093 970 tantum,
1112 939 1254 972 quantum
1273 937 1412 964 Romanis
1428 937 1595 965 donandum
1611 944 1676 964 esse
1695 936 1735 964 vi-

914 981 1009 1015 detur,
1026 983 1299 1016 quantumcumque
1314 982 1356 1009 eis
1368 981 1509 1017 largiatur
1524 981 1537 1008 ‘I
1552 981 1735 1016 Quapropter

912 1027 939 1053 et
956 1027 1054 1053 nostra
1065 1026 1220 1053 clementia
1233 1026 1316 1060 jubet
1328 1035 1378 1062 per
1392 1034 1510 1062 presens
1526 1025 1732 1062 chrysobulum

914 1070 1046 1103 verbum,
1073 1071 1180 1098 habere
1211 1071 1364 1098 Veneticos
1387 1070 1524 1098 universa
1546 1069 1614 1104 alia,
1631 1078 1688 1105 que
1718 1078 1736 1097 a

916 1115 1028 1142 nuntiis
1043 1123 1144 1142 eorum
1173 1115 1320 1151 postulata
1336 1117 1414 1148 sunt,
1432 1115 1571 1151 ipsosque
1599 1113 1735 1142 embulos

915 1158 1134 1187 Allemanorum
1171 1162 1199 1187 et
1240 1160 1487 1195 Francigenarum
1515 1161 1544 1187 et
1571 1158 1736 1186 maritimas

915 1212 1016 1231 eorum
1047 1204 1154 1237 scalas.
1184 1213 1240 1240 que
1262 1205 1291 1232 in
1309 1204 1456 1240 prcsentia
1471 1203 1736 1238 grammaticorum

915 1251 1013 1276 nostro
1037 1249 1212 1279 serenitatis.
1240 1249 1422 1276 Constantini
1465 1248 1610 1276 Pedindite
1625 1249 1654 1274 et
1682 1247 1737 1275 cla-

915 1292 1024 1319 rissimi
1041 1293 1302 1328 protonobilissimi
1318 1293 1432 1320 Nichite
1447 1292 1603 1323 Valianite.
1632 1291 1670 1319 ab
1685 1299 1734 1320 ao-

918 1337 1094 1364 desimotato
1105 1338 1296 1365 Constantino
1310 1338 1437 1365 Petriota
1451 1345 1503 1373 per
1517 1337 1678 1372 practicum
1694 1336 1737 1365 eis

913 1381 1020 1408 tradita
1036 1384 1106 1409 sunt
1122 1391 1129 1416 ;
1146 1383 1222 1418 quod
1236 1383 1321 1410 debet
1336 1383 1518 1410 corroborari
1537 1381 1654 1418 quidem
1685 1388 1737 1417 per

914 1427 1189 1462 superscriptionem
1207 1427 1371 1463 pansevasti
1387 1429 1415 1454 et
1429 1429 1528 1454 nostra
1556 1425 1734 1453 sublimitati

913 1470 1067 1499 familiaris
1083 1471 1341 1503 archicancellarii,
1357 1471 1468 1498 domini
1485 1470 1629 1499 Johannis
1648 1470 1732 1504 duce;

912 1517 1060 1551 cognitum
1076 1518 1174 1544 autem
1191 1517 1253 1544 ﬁeri
1268 1518 1296 1543 et
1311 1516 1449 1551 congruis
1460 1515 1580 1543 secretis
1590 1523 1657 1543 cum
1668 1522 1734 1550 pre-

912 1563 993 1588 sente
1009 1560 1182 1596 chrysobuio
1198 1560 1311 1595 imperii
1333 1561 1435 1588 nostri.
1452 1561 1580 1592 Quorum
1596 1558 1732 1594 equidem

911 1605 1042 1633 omnium
1055 1613 1171 1632 annuus
1186 1605 1324 1632 introitus
1339 1604 1552 1639 quinquaginta
1567 1603 1650 1630 libris
1664 1611 1732 1630 con-

912 1652 971 1678 stat
982 1650 1405 1686 yperpepororum,secundum
1418 1649 1495 1684 quod
1513 1657 1546 1675 ex
1562 1647 1733 1675 tradiciouis

912 1695 1035 1722 istorum
1054 1694 1180 1730 practice
1191 1693 1353 1729 composito
1382 1696 1469 1729 patet.
1497 1692 1636 1725 Quamvis
1655 1691 1732 1720 enim

912 1742 939 1766 et
956 1748 1007 1775 per
1034 1739 1209 1773 chrysobula
1237 1739 1326 1766 verba
1355 1738 1502 1766 manifesti
1530 1736 1636 1764 emboli
1666 1745 1733 1764 cum

57 1790 100 1818 que
114 1784 145 1811 ab
158 1785 229 1820 ipsis
245 1784 443 1821 postulantur,
461 1787 604 1820 paratam.
620 1784 727 1811 Verum
741 1784 856 1811 univer-
873 1776 894 1809 Ο
915 1784 1070 1812 maritimis
1083 1783 1170 1811 scalis
1185 1783 1367 1811 Allemannis
1381 1785 1407 1810 et
1425 1781 1610 1817 Francigenis
1635 1780 1734 1808 collati

57 1827 111 1856 salis
125 1829 271 1858 snnulatio
287 1832 316 1858 et
331 1829 455 1865 perditio
472 1838 582 1863 rerum,
606 1837 662 1865 quo
673 1828 768 1856 ablata
783 1827 856 1864 ipsis

56 1871 127 1908 fuere,
140 1874 280 1903 voluntati
297 1875 372 1902 bone
388 1874 555 1902 serenitatis
569 1875 771 1908 nostre,quam
788 1881 857 1908 erga

55 1916 117 1951 ipsos
128 1917 278 1947 clementia
292 1921 394 1946 nostra
409 1918 760 1954 babebat,impedimento
776 1917 855 1953 cqui-

55 1960 106 1989 dem
120 1963 218 1990 stabat.
237 1963 347 1990 Idcirco
364 1965 463 1990 nostra
481 1964 623 1990 serenitas
651 1963 717 1990 illos
740 1963 856 1990 imitata

54 2005 165 2041 viatores,
193 2008 242 2043 qui
275 2007 362 2041 avis,
390 2008 515 2035 ducente
541 2008 575 2035 ad
593 2008 621 2035 id
648 2007 725 2043 quod
756 2007 857 2035 volunt

54 2049 233 2089 diversorium,
250 2053 401 2081 modicum
417 2052 608 2085 declinantes,
639 2053 756 2088 quando
790 2052 855 2088 qui-

55 2093 106 2122 dem
116 2096 154 2124 sic
167 2105 246 2129 casu.
265 2105 323 2132 que
333 2099 410 2125 recte
433 2098 477 2124 vie
492 2099 570 2130 sunt,
587 2105 725 2133 prospere
740 2098 782 2125 eis
797 2105 854 2125 non

53 2138 191 2177 jacentper
204 2142 291 2170 aliam
308 2143 383 2169 viam
414 2142 449 2170 ad
466 2142 543 2170 idem
570 2141 719 2178 pervenire
743 2150 855 2178 cogun-

54 2183 98 2217 tur,
112 2187 137 2212 ot
146 2186 178 2213 ad
191 2187 317 2214 eundem
330 2187 417 2214 ﬁnem
430 2186 787 2222 deveniunt,quamquam
805 2195 856 2222 per

57 2227 128 2257 aliam
142 2230 258 2264 viam;et
267 2232 302 2259 ad
311 2232 398 2259 verba
405 2231 525 2259 veniens
535 2232 670 2266 cumjam
683 2231 770 2259 dictis
780 2231 856 2267 lega-

54 2271 83 2299 tis
91 2281 136 2308 pro
149 2283 241 2304 rerum
271 2283 372 2304 eorum
386 2276 564 2309 inventione,
589 2276 659 2312 quia
673 2276 701 2303 in
721 2276 855 2312 possibili

55 2324 105 2345 eam
115 2319 252 2354 jacentem
269 2329 455 2357 nequaquam
469 2321 678 2358 comperiebat,
690 2321 778 2349 alium
792 2329 854 2349 mo-

56 2361 110 2390 dum
124 2364 161 2392 eis
173 2366 293 2402 precipit
309 2366 446 2402 reperire,
464 2375 514 2402 per
529 2374 616 2402 quem
633 2365 703 2394 talio
733 2366 776 2394 eis
805 2367 854 2393 ﬁat

57 2413 134 2436 νει-πω
149 2417 256 2444 eorum,
274 2418 331 2446 que
359 2419 412 2439 ceu
442 2411 579 2446 superius
601 2411 784 2439 notiﬁcatum
811 2413 854 2438 est

911 1829 992 1863 sint;
1008 1830 1210 1859 veruntamon,
1229 1828 1298 1864 quia
1314 1835 1370 1854 non
1392 1827 1443 1854 toti
1473 1827 1548 1860 uenti
1567 1826 1732 1853 Allemano-

911 1882 974 1901 rum
990 1876 1018 1901 et
1026 1873 1335 1909 Francigenarum.sed
1348 1872 1632 1908 paucisquibusdam
1643 1872 1734 1898 extor-

911 1919 993 1946 ribus
1021 1920 1050 1945 et
1073 1918 1200 1946 maxime
1227 1917 1395 1953 incognitis,
1423 1925 1476 1944 nec
1507 1916 1731 1943 determinatam

911 1964 1105 1999 quantitatem
1121 1963 1250 1998 aliquam
1268 1962 1384 1990 servitio
1396 1962 1537 1990 Romanis
1553 1960 1732 1997 imponenti-

911 2008 1030 2042 bus,sed
1044 2010 1330 2043 tunquamqnantam
1344 2015 1411 2034 caru
1424 2004 1731 2042 pervenitq39),hujus-

911 2053 989 2080 modi
1006 2052 1178 2080 beneﬁcium
1209 2051 1348 2078 Romanis
1377 2051 1486 2077 factum
1498 2049 1565 2083 fuit,
1591 2048 1731 2084 quoniam

910 2097 1035 2124 multum
1052 2096 1170 2132 quidem
1187 2098 1231 2123 est
1248 2095 1361 2122 lucrum
1379 2094 1420 2121 sic
1437 2094 1568 2121 embolos
1585 2095 1613 2119 et
1636 2091 1732 2120 scalas

910 2140 1097 2173 habentibus,
1116 2140 1260 2167 modicum
1278 2141 1376 2166 autem
1397 2142 1442 2166 est
1459 2138 1621 2174 proﬁcuum
1639 2145 1673 2164 ex
1689 2136 1732 2164 eis

910 2186 1049 2214 Romanis
1066 2184 1256 2220 proveniens:
1283 2183 1488 2212 convenientes
1518 2182 1670 2210 servitium
1698 2189 1733 2209 ex

910 2230 1101 2258 universitate
1123 2229 1217 2265 gentis
1246 2228 1386 2255 Romanis
1415 2227 1588 2263 proveniens
1615 2225 1732 2253 servitio

911 2283 1069 2312 paucorum
1084 2277 1112 2301 et
1126 2282 1160 2301 ex
1175 2273 1358 2309 dispersione
1373 2274 1615 2307 congregatorum
1631 2272 1733 2298 nostra

909 2319 1081 2348 excellentia
1097 2318 1225 2354 pretulit.
1253 2318 1288 2345 Et
1302 2317 1482 2345 vacationem
1499 2316 1616 2352 quidem
1644 2315 1733 2343 criso-

910 2365 1010 2392 bulum
1027 2372 1127 2391 eorum
1159 2363 1290 2399 irrogat;
1322 2361 1456 2390 embulos
1484 2369 1551 2388 vero
1580 2367 1681 2387 eorum
1703 2361 1732 2387 et

909 2409 1004 2437 scalas
1020 2408 1162 2436 Veneticis
1178 2409 1299 2441 confert,
1311 2407 1473 2435 concedens
1488 2404 1637 2441 possidere
1650 2403 1731 2440 ipsos

56 2457 82 2478 ex
93 2454 273 2487 promissione
289 2455 371 2483 reddi
387 2456 502 2491 quidem
521 2456 739 2489 debebant,non
757 2458 852 2484 autem
870 2464 892 2496 Π
908 2457 968 2482 tam
985 2454 1084 2481 omnia
1100 2453 1167 2486 alia,
1183 2461 1271 2488 quam
1299 2455 1326 2479 et
1356 2449 1558 2496 hujuscemodi
1589 2449 1731 2496 embolos,

58 2498 262 2535 reperiebantur,
278 2502 306 2528 et
334 2501 371 2528 ob
386 2501 442 2528 hoc
471 2509 555 2528 suum
573 2501 762 2528 redditionem
780 2501 855 2530 inter

57 2539 226 2576 impossibilia
241 2546 399 2581 ponebant.
411 2545 467 2581 lpsi
485 2547 582 2573 autem
599 2545 727 2573 multum
744 2545 854 2574 haben-

59 2586 92 2611 tes
104 2588 234 2625 studium,
249 2598 299 2618 sue
315 2592 391 2618 terre
415 2591 578 2626 proficuum
609 2590 793 2618 invenerunt.
821 2591 855 2618 Et

59 2627 240 2662 habundanter
262 2638 361 2662 nostra
391 2635 559 2671 supplicant
587 2635 736 2662 serenitati
768 2644 857 2672 super

61 2672 163 2711 quue
189 2679 222 2706 ad
252 2679 495 2708 restaurationem
527 2680 583 2708 sibi
606 2680 667 2708 ﬁeri
692 2680 803 2714 volunt,
829 2682 857 2708 et

63 2720 123 2752 parti
134 2721 244 2752 Venetis
269 2723 332 2753 dari
362 2727 488 2760 possunt
517 2733 568 2761 per
585 2724 733 2753 embolum
749 2726 778 2753 et
807 2733 858 2761 per

95 2807 142 2850 (ἥδ)
155 2810 217 2839 Post
229 2812 318 2850 Marin
335 2822 378 2841 ιιι.
401 2814 495 2850 p.304,
513 2822 546 2841 ex
561 2813 636 2841 libro
653 2814 717 2842 albo
733 2817 759 2843 et
775 2815 859 2844 libris

68 2846 198 2906 gittarum
225 2849 377 2878 ediderunt
399 2846 479 2878 Tat‘el
508 2853 536 2878 et
555 2849 685 2879 Thomas
702 2851 723 2886 Ι,
741 2860 769 2888 p.
792 2852 857 2879 206-

910 2499 1073 2526 secuudum
1090 2498 1166 2534 quod
1184 2499 1212 2525 et
1228 2505 1293 2524 eum
1311 2504 1397 2532 quem
1414 2504 1492 2523 nunc
1510 2495 1618 2522 habent
1634 2494 1732 2522 embo-

911 2544 984 2577 lum,
1001 2551 1154 2578 quousqne
1170 2551 1238 2578 erga
1254 2541 1406 2576 imperium
1425 2542 1559 2567 nostrum
1581 2541 1609 2566 et
1631 2539 1734 2567 Roma-

911 2589 989 2615 niam
1006 2596 1089 2616 suam
1116 2587 1338 2615 conventionem
1364 2584 1533 2612 inviolatam
1563 2583 1735 2611 custodiunt

912 2641 990 2661 nunc
1006 2633 1133 2659 existens
1163 2631 1367 2658 nobilissimus
1393 2630 1451 2657 dux
1472 2628 1593 2656 Venetie
1614 2631 1644 2655 et
1672 2629 1737 2663 post

911 2687 978 2706 eum
995 2677 1083 2705 futuri
1099 2677 1187 2704 duces
1203 2675 1331 2703 ‘Venetie
1347 2678 1373 2702 et
1395 2674 1531 2702 universa
1547 2674 1612 2709 ejus
1641 2670 1734 2708 pleni-

913 2724 993 2758 tudo,
1024 2730 1076 2750 nec
1104 2729 1162 2748 non
1192 2722 1220 2748 et
1244 2720 1354 2755 omnia,
1370 2727 1427 2756 que
1448 2727 1499 2755 per
1513 2716 1734 2747 conventionem

950 2812 1006 2848 (37)
1023 2811 1155 2839 Editores
1167 2809 1242 2872 eos}.
1260 2810 1290 2835 ob
1305 2809 1389 2845 quod.

951 2849 1006 2872 (3‘73
1023 2847 1109 2872 [idem
1122 2846 1198 2872 coni.
1226 2846 1356 2872 Ial'enfes‘.
1374 2847 1389 2871 Ε

951 2846 1006 2883 (37)
1023 2847 1109 2874 Iidem
1122 2846 1198 2881 conj.
1217 2846 1356 2883 habentes
1374 2846 1470 2883 Recte.

950 2876 1077 2922 Lib.
1093 2876 1213 2919 paotfet
1226 2881 1316 2910 Mario
1330 2881 1468 2918 provenit,
1479 2886 1536 2907 non
1551 2876 1637 2907 male.
