1973 3154
188 165 243 194 ΓΗ

843 163 966 194 lSAACt
991 162 1134 193 ANGELI
1158 163 1239 193 1MP.

1825 162 1874 192 4η

188 231 226 260 ob
240 230 297 258 hiIS
313 230 458 266 promissa
477 232 549 258 sunt
565 234 590 258 et
602 230 796 266 jurejurando
813 229 1010 265 corroborata,
1027 231 1050 264 Α
1073 229 1198 256 ﬁrmiter
1212 231 1241 257 et
1256 237 1313 265 que
1328 237 1344 257 a
1359 229 1463 266 legatis
1478 228 1707 263 eorum,sororio
1722 227 1824 256 scilicet
1835 236 1875 256 no-

189 277 361 304 conservant
379 283 386 308 ;
400 277 427 302 et
442 282 559 302 omnem
575 275 729 302 introitum
743 282 843 302 eorum
867 273 1009 310 accipere,

191 327 377 356 nequaquam
396 328 412 347 a
424 319 494 347 fisco
506 319 548 347 vel
565 320 600 347 ab
616 319 715 356 aliqua
730 327 933 355 personarum,
950 319 1013 355 qui-

187 365 244 392 bus
261 363 311 391 hec
328 363 453 391 attinent
469 365 496 392 et
513 364 621 400 quibus
635 364 687 391 hec
698 363 793 391 ablata
807 363 881 400 ipsis
892 363 1012 398 dantur,

188 407 405 436 infestationem
423 408 551 444 aliquam
569 408 734 436 manifestis
749 408 897 436 Veneticis
913 408 1012 436 subire

188 452 559 488 debentibus,quamquam
573 453 751 481 monasteria
767 454 825 481 sint
839 453 898 481 sive
914 454 1013 481 sancte

170 491 294 525 .domus
324 499 373 525 aut
403 497 526 534 imperio
555 500 654 525 nostro
679 497 841 534 propinque
869 496 912 525 vel
933 497 1012 532 alie;

189 542 328 578 quoniam
342 541 497 570 clementia
511 544 610 569 nostra
627 542 764 570 introitus
789 542 825 570 de
839 542 886 569 bis
915 550 1014 578 prove-

190 587 304 614 nientes
331 585 468 614 talionem
497 587 552 622 (/10)
581 586 623 614 eis
641 586 752 614 factura
769 589 823 621 est,
852 586 1014 622 possessio-

189 639 315 667 nemque
332 631 533 658 inseditiosam
550 631 696 658 V'oncticis
709 631 784 659 facit.

224 678 312 704 Porro
324 676 468 704 serenitas
485 678 584 703 nostra
601 676 824 712 benignitatem,
851 684 939 712 qmm
973 675 1015 703 eis

188 721 329 755 exhibuit,
342 729 528 757 nequaquam
546 721 698 756 hucusque
723 720 837 752 statuit,
866 719 958 747 immo
988 722 1016 747 et

188 765 278 794 alium
296 765 494 794 centenarium
514 773 606 793 unum
622 772 829 802 yperpcrorum
847 764 898 792 ‘eis
927 764 1015 800 largi-

188 813 238 839 tur
254 810 330 838 ultra
346 813 412 838 ante
428 811 529 838 datum
546 810 588 838 eis
601 809 801 838 centenarium
819 817 911 837 unum
931 817 1014 845 yper-

188 857 369 892 perorum;et
385 855 503 883 residua
518 854 911 891 quatuoroecimeenteuaria
927 861 1011 890 yper-

191 908 340 936 perorum;
358 899 393 927 de
409 900 517 936 quibus
532 899 589 926 duo
605 899 724 934 quidem
741 907 807 926 eum
823 898 946 926 dimidio
965 906 1017 926 ex-

193 944 304 980 templo
315 944 378 980 jam
395 944 438 971 eis
449 944 511 971 dari
528 943 655 980 precepit
669 943 790 980 (quippe
805 945 833 971 et
845 943 913 970 data
929 944 1019 979 sunt),

198 989 311 1025 reliqua
325 997 391 1017 vero
416 989 568 1016 duodecim
585 996 651 1016 cum
668 988 790 1016 dimidio
806 988 849 1016 eis
877 988 939 1016 dari
969 996 1021 1024 per

199 1043 291 1062 annos
308 1042 366 1068 sex,
385 1034 507 1061 debente
523 1034 563 1062 eis
586 1042 637 1070 per
652 1041 895 1070 unumquemque
909 1040 1019 1061 annum

197 1079 259 1107 dari
276 1078 438 1115 quantitate
463 1077 687 1114 proporcionali.
714 1078 747 1106 Et
771 1078 915 1114 accipient
937 1077 1017 1113 equi-

199 1123 264 1151 dem
281 1123 394 1151 bechl
411 1123 462 1150 sic.
480 1123 572 1150 Erunt
588 1125 685 1150 autem
703 1125 730 1150 et
744 1122 853 1150 tradita
868 1122 941 1159 ipsis
957 1130 1020 1150 om-

199 1168 247 1196 nia
262 1167 446 1204 possidentes
463 1189 470 1201 ,
487 1171 515 1195 ut
533 1167 643 1195 dictum
657 1170 711 1201 est,
728 1175 880 1203 quousque
891 1175 934 1202 ea,
963 1175 1020 1204 que

201 1221 254 1249 per
266 1212 486 1241 conventionem
504 1212 779 1248 prespopondernnt
804 1214 832 1240 et
849 1213 1019 1248 juramcnto

199 1258 458 1290 confirmaverunt,
473 1265 551 1285 nunc
575 1256 702 1284 existens
732 1256 946 1285 nobillissimus
961 1257 1020 1285 dux

200 1301 320 1329 Venetie
339 1303 367 1330 et
391 1303 457 1338 post
479 1310 545 1329 eum
570 1301 658 1329 futuri
674 1301 764 1330 duces
778 1301 896 1329 Venetie
912 1304 939 1329 ct
955 1302 1019 1329 uni-

200 1354 285 1374 versa
301 1346 365 1382 ejus
385 1346 536 1383 plenitudo
562 1345 742 1380 custodiunt,
773 1348 889 1374 servant
904 1354 1021 1382 quoque

1034 921 1058 953 Β

1072 273 1211 302 bilissimi
1227 274 1312 302 ducis
1327 274 1456 308 Venetie,
1474 277 1556 302 Petro
1572 274 1721 307 Cornario,
1738 273 1816 301 Petro
1831 274 1875 300 tli-

1071 317 1183 352 chaele,
1200 318 1358 346 Octaviano
1374 318 1505 351 Quirino,
1533 318 1668 346 Jobanne
1700 317 1833 346 Michaele
1856 321 1879 346 et

1071 363 1222 390 Dominico
1251 363 1390 396 Memmo,
1419 366 1606 400 procuratore
1649 361 1773 390 ecclesia
1799 362 1879 390 sancti

1071 407 1172 439 Marci,
1190 415 1241 444 per
1255 408 1477 436 conventionem
1491 409 1494 412 ’
1506 416 1582 436 nunc
1611 407 1760 444 promissa
1775 409 1838 434 sunt
1859 409 1882 434 et

1067 452 1263 489 jurejurando
1280 453 1476 480 corroborata.

1109 497 1247 525 Concedit
1263 497 1399 533 equidem
1425 499 1526 525 nostra
1555 497 1727 524 sublimitas
1754 495 1884 524 \‘eneticis

1073 542 1216 569 actionem
1234 550 1348 569 movere
1364 545 1466 570 contra
1485 541 1619 570 homines
1648 541 1768 578 imperii
1795 542 1884 574 nostri,

1074 586 1197 622 qui,eeu
1214 586 1269 622 ipsi
1286 589 1508 623 suggesscrunt,
1525 595 1570 614 res
1586 586 1757 614 astulerunt
1771 585 1884 622 ipsorum

1073 631 1205 666 iussione
1219 639 1334 668 semper
1347 631 1528 659 memorandi
1556 631 1747 667 imperatoris
1775 633 1801 658 et
1823 630 1885 658 desir

1075 675 1254 703 deratissimi
1274 676 1367 711 patrui
1383 676 1568 704 celsitudinis
1583 679 1696 711 nostre,
1713 675 1822 703 domini
1837 675 1885 703 Ma-

1075 719 1181 754 nuelis,
1198 722 1280 754 tunc,
1294 729 1361 749 cum
1379 721 1453 757 capii
1475 721 1604 757 fuerunt,
1620 721 1834 749 subtraxerunt
1846 728 1886 747 an—

1075 767 1134 792 tem
1151 767 1178 793 et
1197 773 1254 792 non
1271 765 1453 799 obtulerunt,
1470 766 1631 793 secundum
1649 765 1733 801 quod
1749 766 1779 793 in
1807 764 1886 801 predi-

1075 809 1166 837 misso
1181 809 1358 846 chrysobulo
1381 810 1565 838 celsitudinis
1581 813 1683 838 nostre
1704 811 1741 838 de
1757 810 1810 838 hoc
1836 818 1888 837 con-

1077 854 1213 882 stitutum
1231 857 1286 889 est,
1302 855 1402 883 omnia
1416 855 1473 883 alia
1489 855 1601 883 actione
1617 854 1724 889 debiti,
1741 863 1797 891 que
1811 853 1886 882 Vene-

1077 899 1143 927 ticis
1159 903 1261 927 contra
1272 901 1447 928 Romeorum
1471 900 1652 937 quempiam,
1669 899 1716 928 vel
1734 902 1833 928 contra
1854 899 1887 934 ip-

1079 952 1144 972 sum
1162 944 1279 979 ﬁscum,
1295 945 1339 972 vel
1356 944 1472 973 Romeis
1495 947 1524 973 et
1535 945 1603 973 ﬁsco
1619 947 1728 973 contra
1757 943 1888 972 Veneticos

1079 990 1147 1017 ante
1161 989 1326 1025 captionem
1351 990 1482 1026 ipsorum
1509 990 1690 1023 convenerit,
1717 988 1823 1017 irritari
1849 988 1888 1016 de-

1080 1033 1167 1061 bente
1183 1034 1218 1062 ab
1235 1034 1368 1071 utrisque
1389 1035 1522 1071 partibus
1536 1043 1544 1069 ;
1560 1037 1700 1071 presente
1730 1032 1887 1070 cbrysobulo

1078 1079 1166 1106 Verbo
1183 1079 1298 1115 imperii
1311 1079 1402 1107 nostri
1424 1080 1510 1108 ﬁrmo
1537 1082 1565 1108 et
1592 1078 1760 1107 inviolabili
1791 1085 1887 1114 perma-

1079 1131 1148 1151 nere
1163 1123 1297 1158 dcbente,
1313 1124 1389 1152 facto
1404 1132 1504 1152 mense
1519 1124 1604 1152 Junio
1623 1123 1776 1160 presentis
1791 1121 1889 1159 septimi

1079 1168 1159 1202 anni,
1177 1168 1206 1196 in
1224 1176 1281 1205 quo
1297 1171 1325 1197 et
1340 1171 1473 1197 nostrum
1489 1170 1570 1206 pium
1585 1171 1613 1197 et
1628 1177 1646 1197 a
1661 1169 1720 1197 deo
1743 1170 1889 1205 promotum

1081 1213 1264 1248 subsignavit
1281 1214 1447 1250 imperium,

1239 1286 1371 1313 [sumus
1387 1286 1416 1313 in
1433 1285 1548 1314 Christo
1564 1288 1620 1314 Deo
1636 1285 1738 1314 ﬁvlelis
1752 1285 1890 1317 imperator

1283 1324 1311 1350 et
1327 1322 1493 1350 moderator
1507 1322 1711 1351 Romanorum
1728 1320 1858 1358 Angelus.

1023 1447 1085 1476 νη.

757 1513 792 1534 os
808 1514 970 1534 METROPOLI
985 1513 1093 1534 nosos
1108 1506 1174 1545 [41].
1192 1507 1233 1543 (Α.
1252 1509 1343 1545 1098.)

963 1566 1024 1593 Non
1038 1565 1137 1593 exslul.

1019 1657 1095 1686 VIII.

686 1730 778 1749 suam
795 1729 887 1749 BULLA
904 1729 1017 1749 PISANIS
1033 1729 1174 1750 concessa
1193 1723 1258 1759 [i2].
1273 1724 1318 1759 (A.
1335 1724 1427 1760 tl92,)
1470 1709 1478 1711 4

239 1805 587 1841 Interruptajumpridem
611 1806 675 1840 fuit,
692 1814 725 1833 ex
737 1813 794 1842 quo
806 1807 949 1842 tyrannus
975 1806 1023 1833 ille
1039 1807 1061 1841 C
1084 1815 1173 1835 mune
1189 1809 1252 1844 ejus
1271 1809 1498 1845 supplicatorias
1522 1809 1557 1836 ad
1574 1810 1706 1836 nostram
1721 1803 1885 1835 clementiam

204 1849 388 1876 Andronicus
403 1851 600 1877 Romanorum
612 1850 720 1877 invasit
733 1850 888 1886 imperium
903 1852 931 1878 et
948 1859 1024 1879 nunc

205 1901 310 1928 usque,
338 1893 411 1920 ﬁdes
430 1896 458 1921 et
473 1894 585 1921 devotio
602 1894 726 1922 civitatis
749 1897 779 1922 et
803 1897 878 1922 terre
908 1895 1023 1931 Pisone,

206 1944 295 1973 quam
306 1944 375 1973 erga
381 1939 511 1966 nostrum
522 1939 655 1966 fovebant
667 1939 841 1967 Romeorum
856 1939 1024 1976 imperium,

205 1981 241 2009 Et
256 1981 312 2009 nisi
330 1981 471 2010 modestia
487 1985 515 2010 et
527 1983 661 2011 hilaritas
673 1984 855 2012 celsitudinis
871 1988 981 2019 nostre,
998 1988 1024 2014 et

205 2026 233 2054 in
251 2026 444 2055 effusionibus
459 2028 679 2064 appianicorum
700 2029 877 2066 sanguinum
901 2030 1024 2058 tarditas

205 2073 233 2100 et
261 2071 450 2108 impromptio
474 2093 480 2100 .
503 2094 510 2101 .
533 2095 539 2101 .
559 2092 566 2101 .
588 2073 666 2110 ’(43)
697 2082 713 2102 a
741 2074 799 2102 Deo
819 2077 914 2103 erecte
936 2077 965 2103 et
988 2075 1024 2103 ad

205 2117 403 2144 Romanorum
415 2117 529 2154 imperii
543 2118 761 2146 ﬁrmamentum
773 2119 891 2156 quidem
902 2120 1024 2148 exaltate

205 2161 415 2198 impedimento
431 2162 471 2190 rei
489 2163 622 2198 fuissent,
639 2163 658 2191 ii
675 2164 723 2200 qui
741 2164 802 2192 hnri
822 2165 945 2192 Romani
973 2165 1024 2193 de-

205 2206 262 2235 voti
279 2209 361 2234 erant
376 2207 458 2242 quasi
476 2210 501 2236 et
520 2207 631 2236 inimici
647 2209 740 2236 ell‘ecti
759 2209 892 2243 fuissent,
921 2212 949 2238 et
974 2218 1025 2245 pro

207 2251 310 2279 amicis
326 2253 352 2279 et
368 2251 483 2279 utilium
508 2252 681 2280 allatoribus
696 2255 724 2281 et
740 2262 790 2290 per
804 2256 935 2290 tempora
952 2254 1027 2282 tide-

207 2295 328 2324 lissimis
344 2304 459 2332 quoque
476 2297 637 2325 fautoribus
648 2297 675 2325 in
685 2298 784 2326 hostes
798 2300 825 2326 et
836 2299 1025 2335 depopulato-

210 2349 256 2368 r-‘s
271 2340 344 2368 versi
361 2341 494 2377 equidem
513 2342 703 2374 rssent.Quod
722 2345 748 2371 et
765 2352 797 2371 ex
823 2346 906 2380 parte
928 2352 1026 2380 perpe-

210 2385 318 2411 tratum
333 2387 386 2418 est,
401 2388 429 2413 et
445 2386 553 2414 damna
565 2395 581 2414 a
596 2387 773 2423 quihusdam
787 2388 945 2424 Romeis,et
957 2389 1026 2416 item

210 2427 324 2456 Pisanis
339 2437 372 2456 ex
389 2433 468 2466 parte
485 2434 659 2460 Rumcorum
678 2433 752 2460 facta
776 2435 855 2467 sunt,
884 2433 1027 2461 multum-

210 2474 406 2528 q‘ue‘tepipus,
423 2475 618 2528 que'dpdum,
634 2479 701 2505 ante
722 2477 803 2505 unita
818 2480 910 2513 erant,
928 2487 1029 2515 seque-
1043 2495 1067 2528 D

208 2518 300 2545 strata
311 2517 409 2546 habuit
427 2521 476 2548 etd
483 2521 488 2547 i
495 2521 564 2549 visa.

244 2561 437 2593 Quamobrem
455 2565 580 2593 civitatis
592 2566 764 2596 Pisanorum
783 2569 921 2604 potestas,
947 2568 1029 2596 Tedi-

208 2606 281 2642 cius,
299 2606 413 2636 comitis
428 2608 541 2645 Ugolini
560 2610 647 2646 filius,
664 2621 696 2640 ac
735 2613 896 2641 consiliarii
909 2615 937 2641 et
951 2621 1028 2641 com-

263 2689 299 2722 iO)
317 2688 408 2716 Murin
428 2696 434 2716 :
452 2689 597 2718 (clericum.

243 2688 301 2762 ξω)
318 2725 467 2762 Laudatur
482 2726 515 2762 ad
533 2726 597 2762 disp

257 2726 301 2758 lit)
318 2725 467 2762 Laudatur
482 2726 515 2762 ad
533 2726 666 2762 disposit.
680 2728 809 2756 thronor.
827 2729 854 2756 in
873 2729 943 2757 Coll.
960 2738 1024 2758 can.

209 2761 254 2790 ed.
274 2761 367 2789 Rhalli
379 2764 407 2789 et
423 2761 533 2789 PoltiV.
547 2761 651 2798 p.748l.

237 2798 402 2837 .(tﬂngditi
415 2797 629 2837 Flan‘aniddal
646 2799 737 2836 Borgo
765 2801 887 2835 Diplami
915 2802 1024 2837 Pisoni,

212 2833 278 2861 Pica
296 2834 372 2868 1765,
390 2835 406 2863 4
420 2842 429 2847 ·
473 2833 552 2873 Ἦ
564 2833 690 2871 indeque
703 2833 941 2873 'repraesentavit
963 2833 1022 2865 Βυὶ

1086 1860 1192 1880 manus
1207 1853 1358 1882 intendere
1368 1853 1567 1888 voluerunt,et
1581 1851 1820 1889 prudentissimos
1834 1854 1886 1875 cou-

1083 1897 1159 1925 cives
1175 1898 1427 1932 suos,Rainerium
1438 1898 1560 1927 Gaetani
1575 1900 1603 1926 et
1614 1897 1761 1933 Sigerium
1774 1892 1883 1930 ,Ῑυᾶίοθω

1083 1943 1208 1970 nuncios
1224 1943 1258 1971 ad
1277 1946 1406 1972 nostram
1419 1943 1586 1980 legaverant
1601 1939 1885 1973 serenitatem,damp—

1083 1995 1187 2015 norum
1206 1987 1319 2016 Pisanis
1335 1996 1495 2024 eorumque
1505 1987 1653 2016 communi
1665 1995 1702 2015 ex
1715 1983 1884 2023 parteRomI-

1084 2031 1131 2059 nie
1147 2041 1197 2068 pre
1212 2032 1359 2061 illatorum
1378 2032 1619 2061 restaurationem
1641 2033 1782 2068 petentes,
1798 2029 1822 2055 et
1845 2025 1873 2053 be

1084 2076 1257 2113 nignitatem
1273 2078 1496 2114 tranquillitatis
1512 2077 1629 2114 imperii
1645 2075 1739 2104 nostri
1754 2071 1884 2111 pristinam

1085 2129 1173 2157 quam
1190 2131 1258 2159 erga
1274 2123 1420 2151 civitatem
1434 2125 1461 2151 et
1473 2125 1580 2150 terram
1597 2122 1730 2158 ipsorum
1744 2120 1832 2147 nostra
1843 2114 1883 2141 [ιι-

1085 2166 1171 2194 bebat
1186 2167 1352 2202 clementia,
1369 2167 1543 2204 suppliciter
1557 2166 1759 2204 postulantes;
1774 2163 1800 2191 et
1816 2165 1881 2207 ξθτξ·

1085 2211 1162 2238 nitas
1178 2214 1277 2242 nostra
1291 2202 1415 2249 benigne
1428 2202 1479 2241 eos
1494 2202 1639 2248 recipiens
1652 2213 1681 2239 et
1697 2218 1751 2247 que
1767 2208 1800 2236 ab
1814 2202 1881 2233 iisdi-

1085 2255 1227 2284 cebantur
1237 2257 1465 2291 auscultans,eis
1473 2265 1527 2293 que
1539 2264 1622 2285 versa
1630 2256 1693 2285 vice
1704 2255 1823 2289 dampnl
1833 2254 1881 2293 ΡΠ·

1087 2300 1165 2328 tibus
1182 2302 1320 2330 Romanis
1331 2292 1506 2338 quibusdam
1520 2310 1535 2330 a
1547 2304 1628 2339 parte
1641 2292 1879 2340 Pisanorumillai‘

1086 2345 1114 2372 in
1133 2347 1304 2375 memoriam
1322 2355 1471 2381 revocans,
1501 2355 1593 2383 eaque
1613 2345 1648 2374 ab
1671 2344 1744 2382 ipsis
1766 2342 1879 2383 Romanii!

1087 2391 1228 2419 rcstursri
1244 2391 1372 2420 vicissim
1398 2380 1527 2429 exigens,
1543 2380 1578 2419 ad
1600 2380 1738 2419 ultimum
1753 2395 1784 2416 ex
1803 2380 1878 2429 Ρτῗάί·

1088 2436 1200 2463 clerum
1224 2435 1386 2473 legatorum
1409 2426 1544 2472 precibus
1567 2435 1758 2464 abolieionem
1783 2426 1877 2474 quidem

1088 2488 1201 2514 eorum,
1215 2489 1271 2518 quc
1287 2489 1320 2510 ex
1334 2490 1391 2518 quo
1408 2483 1550 2518 tyrannus
1564 2479 1732 2517 supervenit
1753 2480 1834 2510 usque
1853 2476 1875 2496 ¹¹¹

1089 2533 1210 2561 presens
1226 2528 1290 2554 acta
1305 2526 1426 2555 sunteis
1438 2526 1582 2555 concessit
1595 2535 1601 2560 ;
1613 2518 1877 2561 immemoresauleni

1088 2572 1116 2598 et
1131 2579 1179 2598 eos
1195 2571 1255 2599 fore
1275 2571 1408 2600 omnium
1421 2571 1619 2608 negociorum,
1641 2578 1699 2606 que
1723 2558 1877 2608 hactenusel

1087 2622 1181 2651 usque
1192 2624 1270 2644 nunc
1285 2625 1318 2644 ex
1335 2605 1483 2653 aliquibus
1494 2615 1603 2649 causis,
1612 2605 1698 2652 Vjuste
1711 2612 1751 2641 vel
1778 2605 1873 2644 ἱηᾶυείθι

1086 2696 1160 2724 chon
1177 2697 1321 2726 Nom'cllex
1336 2697 1498 2726 Rechcrchcs
1513 2697 1577 2725 hist.
1593 2705 1639 2724 ςυν
1654 2696 1680 2724 la
1694 2694 1778 2732 princ.
1799 2687 1871 2723 Ῐῖαπίι

1084 2732 1116 2760 de
1132 2733 1217 2761 Morée
1231 2734 1287 2762 vol.
1303 2734 1335 2767 Il,
1353 2742 1382 2770 p,
1400 2734 1443 2761 12.
1844 2753 1856 2781 d

1120 2769 1175 2781 [μη
1189 2769 1279 2781 17__L_
1304 2770 1472 2781 “innuat-“1-
1488 2773 1579 2781 ..--...-
1600 2769 1656 2781 L..-
1686 2764 1841 2781 4......nnnnﬂn

1119 2769 1175 2804 (43)
1189 2760 1286 2798 Verba
1299 2760 1472 2798 celsititdinis
1488 2773 1579 2798 nostre
1600 2769 1658 2796 huc
1686 2760 1870 2799 ῐταιιεροηεησθ

1084 2811 1148 2832 esse
1161 2805 1306 2834 videntur.
