1973 3154
83 193 133 222 473

84 257 257 296 producenda
271 257 428 292 habebant,
444 257 540 294 exigit.
558 259 592 286 Et
608 258 724 294 quidem
739 260 767 286 et
783 258 822 286 hii
835 258 890 286 cle-
906 260 933 294 Α

85 303 180 332 mentis
195 304 292 330 nostra
316 302 496 330 concessioni
523 311 687 340 repugnare
711 302 793 331 nullo
810 303 896 331 modo

85 349 261 376 decreverunt
276 355 282 381 ;
300 355 364 374 cum
397 347 487 374 multa
511 355 578 375 vero
607 348 768 384 gratiarum
785 347 897 376 actione

84 401 138 421 eam
154 391 356 427 suscipientes,
374 394 556 419 sacramento
579 392 785 420 certitudinem
801 392 896 428 impe-

85 437 120 466 rio
135 439 229 464 nostro
247 437 376 464 fecerunt
399 439 459 464 tam
475 437 511 464 de
541 436 695 470 oblivione,
724 444 810 472 quam
827 437 895 465 civi-

83 485 121 510 tas
135 484 162 509 et
176 483 251 509 terra
267 481 374 509 Pisana
388 481 417 509 in
435 483 608 518 perpetuum
626 482 775 509 habebunt
795 489 895 509 eorum

83 526 206 554 videlicet
216 525 348 553 omnium
364 526 559 562 dampnorum
570 534 625 562 que
637 534 730 562 usque
743 535 820 554 nunc
832 526 895 562 qui-

82 571 195 599 busdam
211 570 326 598 Pisanis
343 579 358 598 a
374 571 493 598 Romcis
507 570 587 598 illata
603 573 681 605 sunt,
698 572 897 607 quotcumque

83 618 107 644 et
119 614 342 651 qualiacumque
356 615 425 650 sint,
442 624 530 651 quam
562 617 590 643 et
605 615 640 642 de
653 615 709 643 ﬁde
733 617 762 643 et
776 615 897 643 servicio

83 668 160 696 quam
176 662 203 688 et
216 660 294 695 quod
311 659 435 696 imperio
450 659 723 696 nostro,beredibus
739 662 767 688 et
782 668 898 688 succes-

82 704 186 734 soribus
201 705 276 740 ejus,
293 704 408 740 ipsique
427 704 568 732 Romanis
583 704 736 733 observare
753 705 782 732 in
800 705 897 733 futuro

81 750 186 778 debent.
203 749 340 785 Amptius
363 749 471 785 quippe
500 749 644 777 serenitas
672 749 786 786 imperii
803 750 896 777 nostri

82 802 124 822 eos
138 795 291 829 acceptans
306 795 334 821 et
350 793 597 830 supplicationem
619 802 719 822 eorum
736 803 801 822 cum
818 795 897 822 mul-

82 842 136 867 tum
150 837 361 874 supplieatoria
373 841 402 866 et
411 838 573 874 proeidenti
587 839 680 875 ﬁgura
690 840 784 867 fusam
798 840 832 867 ad
846 848 896 867 no-

82 886 161 912 stram
178 882 365 912 clementiam
381 883 552 918 exaudiens,
565 891 622 912 non
639 883 734 911 solum
751 884 896 912 habitato-

81 937 120 956 res
134 927 255 956 civitatis
272 930 302 956 et
317 930 392 956 terre
417 927 548 956 Pisarum
567 928 596 956 in
613 937 647 957 ea
658 929 737 964 jura,
754 937 811 965 que
825 929 898 965 ipsis

80 973 105 1001 in
119 973 255 1001 Romanis
282 972 441 1009 precollata
470 973 594 1008 fuerant,
610 973 725 1001 restitui
740 974 895 1010 concessit,

80 1025 169 1045 verum
196 1018 285 1045 etiam
304 1018 466 1045 secundum
484 1017 600 1045 Domini
616 1018 792 1046 sententiam
807 1027 896 1054 super

81 1071 162 1099 pauca
176 1062 276 1090 ﬁdeles
295 1062 442 1098 reperiens
467 1070 556 1098 super
571 1062 665 1090 multa
689 1063 851 1099 constituit,
867 1065 896 1091 ct

82 1108 111 1135 ad
125 1107 349 1135 notiﬁcationem
367 1115 467 1135 eorum
484 1115 541 1144 que
551 1107 674 1144 imperio
691 1110 800 1144 nostro,
812 1108 894 1136 here-

82 1152 157 1179 dibus
171 1154 197 1180 et
213 1151 437 1180 successoribus
453 1153 517 1187 ejus
546 1154 574 1180 et
590 1152 731 1180 Romanis
747 1153 775 1180 in
792 1161 893 1189 perpe-

82 1198 154 1224 tuum
169 1196 222 1232 ipsi
234 1196 357 1233 polliciti
368 1199 479 1231 sunt,et
490 1204 589 1224 eorum
604 1205 659 1233 que
672 1197 809 1225 similiter
821 1198 894 1234 ipsis

83 1249 96 1269 ι
108 1241 253 1269 clementia
270 1244 373 1269 nostra
388 1241 493 1269 collata
509 1243 588 1276 sunt,
605 1250 724 1278 presens
737 1242 893 1278 cbrysobo-

82 1285 134 1313 lum
148 1285 266 1314 verbum
283 1285 326 1314 eis
355 1286 480 1320 donavit,
510 1286 664 1314 continens
692 1287 727 1315 de
755 1287 841 1315 verbo
857 1288 892 1315 ad

84 1331 190 1359 verbum
206 1339 238 1359 ea
255 1339 314 1368 que
329 1339 407 1358 nunc
424 1331 459 1359 ab
485 1331 522 1359 iis
539 1334 624 1367 pacta
639 1333 708 1360 sunt
723 1332 793 1360 etin
808 1332 894 1360 char-

83 1375 135 1403 tula
149 1375 251 1404 litteris
268 1375 371 1404 latinis
387 1376 495 1412 scripta
521 1378 550 1404 et
564 1376 777 1413 subscriptione
791 1385 892 1405 eorum

82 1420 240 1449 conﬁrmata
255 1420 469 1458 comprehensa
498 1423 569 1450 sunt
584 1423 613 1449 et
635 1430 734 1450 eorum
751 1422 893 1459 corporali

82 1468 252 1494 sacramento
267 1466 465 1500 corroborata,
482 1468 511 1494 et
538 1474 595 1502 que
622 1466 798 1503 plenitudini
815 1467 893 1495 Pisa-

81 1518 137 1538 rum
152 1510 226 1539 facta
239 1513 311 1539 sunt
323 1510 497 1547 chrysobula
508 1511 596 1539 verba
606 1519 722 1548 semper
732 1519 894 1540 memoran-

82 1555 173 1583 dorum
188 1555 518 1592 imperatorum,proavi
534 1556 645 1584 scilicet
658 1556 773 1593 imperii
789 1556 891 1591 nostri,

82 1599 180 1628 domini
208 1600 304 1629 Alexii
330 1600 482 1636 Comnani,
507 1603 536 1629 et
565 1601 772 1629 desiratissimi
797 1601 892 1638 patrui

83 1644 254 1673 celsitudinis
282 1647 393 1680 nostre,
410 1645 521 1673 domini
551 1645 706 1680 Manuelis,
724 1645 752 1672 in
783 1645 892 1682 quibus
907 1638 929 1672 (ἶ

80 1689 183 1724 quidem
198 1690 362 1719 recitantur
385 1698 442 1726 que
456 1692 527 1718 tunc
552 1699 568 1718 a
584 1689 700 1718 Pisanis
715 1692 799 1726 pacta
814 1690 894 1719 fuere

80 1736 103 1762 et
116 1742 167 1770 que
182 1743 198 1763 a
216 1738 299 1772 parte
316 1735 456 1764 Romanis
472 1735 514 1764 eis
530 1735 643 1764 collata.

110 1786 195 1816 Habet
223 1788 315 1825 igitur
339 1788 490 1817 conventio
520 1788 629 1825 scripta
657 1788 775 1825 quidem
805 1797 894 1825 quea

81 1832 223 1861 notiﬁcatis
240 1833 346 1870 legatis
363 1833 493 1861 Pisarum
512 1834 546 1861 ad
573 1833 729 1870 imperium
747 1836 892 1870 nostrum,

78 1874 184 1905 heredes
199 1880 226 1906 et
242 1885 431 1906 successores
460 1879 536 1914 ejus,
552 1880 579 1906 et
608 1878 643 1906 ad
673 1878 767 1915 ipsum
786 1879 892 1907 Roma-

79 1919 145 1949 niam
160 1921 233 1950 facta
257 1924 314 1957 est,
330 1924 358 1951 et
386 1923 464 1958 quod
495 1931 584 1959 super
600 1931 662 1952 eam
689 1923 892 1959 juramentum

78 1963 174 1994 factum
190 1969 244 2003 est,
262 1967 305 1995 sic
318 1975 325 1995 :

107 2018 169 2052 Nos,
184 2020 273 2057 legati
303 2020 429 2049 civitatis
445 2022 473 2049 et
502 2022 577 2049 terre
604 2020 719 2056 Pisane,
737 2021 892 2050 Rainerius

80 2062 184 2092 Gaetani
199 2067 227 2093 et
241 2065 373 2102 Sigerius
384 2065 485 2101 judex,
502 2065 585 2094 missi
603 2074 619 2094 a
633 2065 759 2100 Tedicio,
776 2066 892 2094 comitis

81 2106 179 2143 Ugolini
195 2110 264 2145 tilio,
284 2112 427 2146 potestate
443 2110 567 2138 civitatis
593 2113 621 2139 et
637 2113 712 2139 terre
728 2111 842 2145 Pisane,
859 2119 892 2139 ac

79 2154 239 2183 consiliariis
255 2156 379 2192 ipsoque
402 2155 552 2183 communi
567 2156 631 2192 ejus
660 2156 696 2184 ad
712 2155 891 2184 altissimum

78 2196 268 2234 imperatorem
287 2202 460 2228 Romeorum
478 2201 507 2228 et
534 2209 650 2237 semper
665 2203 823 2237 augustum
840 2201 890 2229 do-

80 2242 179 2271 minum
197 2244 344 2272 [suakium
358 2244 545 2281 Angelum,et
559 2245 725 2281 injunctum
737 2246 774 2273 ab
785 2245 826 2273 eis
838 2245 890 2274 ha-

81 2285 168 2316 bentes
196 2289 313 2325 peteudi
343 2290 379 2317 ab
409 2289 585 2326 imperatore
608 2292 637 2318 et
665 2290 808 2319 Romania
823 2300 891 2327 pre-

82 2335 229 2362 mutuatam
245 2335 400 2371 pecuniam
417 2343 432 2363 a
455 2336 631 2371 quibusdam
648 2336 762 2365 Pisanis
779 2338 890 2365 Andro-
909 2328 930 2361 D

83 2376 137 2405 nico
151 2378 189 2406 illi
218 2379 296 2407 male
324 2380 474 2416 memorie,
505 2388 571 2409 cum
601 2381 697 2409 adhuc
722 2381 891 2410 felicissimo

81 2419 240 2457 imperatore
255 2423 374 2451 domino
389 2423 521 2452 Manuale
539 2424 568 2452 in
583 2424 642 2452 vita
657 2425 800 2454 existente
817 2426 891 2454 noti-

80 2463 169 2494 iicatus
184 2467 321 2495 dominus
338 2468 518 2496 Andronicus
533 2468 742 2505 Hierosolymis
753 2471 870 2507 degeret
884 2479 890 2506 ;

83 2516 126 2537 nec
141 2519 193 2538 non
209 2513 237 2540 et
251 2520 267 2540 a
295 2512 472 2548 quibusdam
497 2513 575 2549 aliis,
601 2513 736 2542 videlicet
751 2515 891 2544 Teodisco

83 2553 112 2581 de
136 2555 334 2593 Picicasegale,
364 2557 483 2586 Simone
522 2558 659 2587 Cimicosi
698 2561 727 2587 et
763 2559 891 2589 Gerardo

83 2598 185 2627 Antonii
213 2604 240 2628 et
276 2601 407 2638 reliquis,
438 2604 601 2631 mutuatam
639 2603 890 2633 desideratissimo

84 2640 153 2671 fratri
167 2645 272 2673 domini
302 2646 487 2683 imperatoris
517 2647 694 2676 Romeorum
721 2651 750 2676 et
774 2657 890 2685 semper

83 2690 184 2723 augusti
199 2690 309 2718 domini
325 2691 428 2719 Isaakii
445 2692 556 2729 Angeli,
574 2693 743 2722 felicissimo
762 2696 889 2722 sevasto-

84 2734 173 2761 oraturi
189 2735 303 2764 domino
319 2735 415 2764 Alexio
443 2737 563 2773 Angelo,
591 2746 657 2767 cum
675 2747 691 2766 a
706 2738 812 2767 comite
826 2739 888 2767 Tri-

87 2775 151 2820 polis
165 2779 293 2808 detentus
309 2783 405 2816 esset;
430 2782 500 2810 item
517 2785 544 2811 et
572 2791 606 2811 ea
627 2791 683 2820 que
712 2784 747 2811 ab
763 2783 888 2811 homini-

85 2819 253 2869 busimpcrii
281 2826 343 2862 ejus
370 2827 475 2862 sancti,
505 2827 648 2856 sciliceta
675 2828 887 2866 protohouora—

86 2864 188 2896 tissime
203 2877 335 2906 supremo
362 2879 468 2908 magno
493 2871 642 2909 togotbeta
656 2864 705 2903 illo
731 2875 760 2903 et
774 2875 887 2904 sevasto

912 950 936 982 B

640 192 833 222 NOVELLIE
855 192 1192 224 CONSTITUTIONES
1199 217 1205 224 .

1715 193 1774 222 474

949 258 999 287 ἱΙΙο
1014 259 1148 288 Chumno
1178 262 1206 289 et
1235 259 1300 289 aliis
1328 260 1474 288 defunctis
1502 261 1531 288 et
1554 258 1774 295 superstitibus,

951 303 1079 341 dampna
1095 305 1177 333 illata
1192 305 1314 340 Pisanis,
1331 314 1364 333 ex
1380 313 1436 341 quo
1455 304 1620 332 notiiicatus
1636 303 1773 331 dominus

949 349 1133 377 Andronicus
1148 349 1325 378 Romeorum
1341 349 1447 377 invasit
1463 349 1618 384 imperium
1635 351 1663 376 et
1679 356 1773 384 usque

951 395 1126 429 nunc,atque
1138 394 1288 422 subtracta
1300 394 1442 422 solemnia
1456 393 1576 422 ecclesie
1591 393 1695 421 Pisane
1706 393 1773 421 civi-

950 438 1019 465 tatis
1048 440 1075 466 et
1104 439 1322 475 archiepiscopo
1353 447 1496 466 annorum
1528 440 1592 466 octo
1620 439 1649 465 et
1679 446 1772 474 usque

951 490 1039 518 nunc,
1069 485 1096 510 et
1112 483 1243 511 redditus
1271 483 1378 511 emboli
1395 491 1506 518 eorum,
1536 485 1564 511 et
1593 482 1771 519 reliquorum

951 528 1144 555 attenentium
1161 528 1214 564 eis,
1231 531 1259 556 et
1287 529 1323 556 ab
1348 528 1389 556 eis
1412 530 1512 556 exacta
1539 528 1730 561 commertia;
1748 529 1775 555 et

951 572 977 600 si
993 572 1045 600 hoc
1070 573 1171 600 eadem
1202 573 1364 609 reperimus
1392 573 1497 609 agendi
1527 575 1624 609 grates
1652 572 1775 609 imperio

951 622 1015 657 ejus
1031 624 1142 656 sancto;
1159 625 1187 650 et
1215 623 1434 650 conventionem
1465 622 1614 650 assiduam
1630 624 1657 650 et
1673 629 1776 658 perpe-

951 667 1032 693 tuam
1050 666 1154 694 factam
1186 667 1421 704 progenitoribus
1452 667 1526 702 ejus,
1548 666 1775 703 imperatoribus

951 710 1070 738 domino
1087 711 1186 739 Alexio
1203 712 1351 739 Comnano
1366 714 1394 740 et
1411 711 1470 738 ﬁlio
1486 712 1558 746 ejus,
1575 710 1774 747 Porphyroge-

951 755 1012 784 nito
1028 756 1145 783 domino
1160 757 1265 784 Joanni
1283 759 1308 784 et
1339 758 1443 793 patruo
1471 756 1586 792 imperii
1602 756 1666 791 ejus
1681 755 1774 783 sancti

952 800 1070 828 domino
1101 801 1238 836 Manueli,
1263 803 1292 829 et
1315 801 1474 829 heredibus
1496 803 1525 828 et
1555 800 1777 828 suceessoribus

952 845 1017 881 ejus
1033 845 1148 881 ipsique
1163 846 1316 880 Romanis,
1330 848 1418 882 atque
1434 846 1585 874 servitium
1602 847 1774 881 perpetuum

951 891 979 918 et
994 890 1146 918 assiduum
1177 891 1335 918 renovandi
1364 893 1391 918 et
1416 890 1610 926 jurejurando
1639 890 1775 918 corrobo-

952 933 1056 968 randi;
1072 933 1097 961 si
1113 942 1179 962 vero
1195 934 1247 962 hec
1262 935 1361 962 eadem
1389 934 1544 970 imperium
1562 935 1625 970 ejus
1642 937 1775 962 sanctum

951 986 1007 1005 non
1025 978 1179 1015 adimplet,
1195 978 1251 1007 alio
1266 987 1332 1007 vero
1355 979 1441 1007 modo
1457 979 1554 1015 aliquo
1583 979 1773 1007 restauratio.

951 1030 1017 1050 nem
1036 1023 1104 1051 facit
1132 1024 1282 1051 communi
1309 1024 1441 1051 Pirarum
1469 1024 1594 1051 civitatis
1610 1023 1772 1060 placentem

950 1067 1045 1103 nobis,
1074 1068 1176 1104 sicque
1211 1068 1298 1096 etiam
1335 1068 1519 1096 manifestam
1550 1068 1771 1096 conventionem

949 1114 1133 1140 sacramento
1163 1112 1355 1140 confirmandi
1370 1126 1375 1147 ς
1405 1113 1545 1149 quoniam
1562 1113 1598 1141 ad
1615 1112 1771 1148 imperium

949 1157 1014 1193 ejus
1031 1159 1164 1185 sanctum
1182 1157 1378 1194 pervenimus,
1399 1160 1427 1185 et
1451 1157 1479 1185 in
1497 1161 1652 1193 conspectu
1678 1158 1772 1193 maje-

949 1202 1034 1230 statis
1050 1202 1113 1237 ejus
1129 1204 1258 1230 astantes
1273 1203 1351 1238 piam
1368 1203 1432 1238 ejus
1448 1202 1651 1230 celsitudinem
1669 1202 1771 1230 adora-

948 1246 1055 1283 vimus,
1069 1249 1098 1275 et
1112 1247 1195 1275 nobis
1210 1247 1351 1283 injunctis
1367 1247 1546 1275 sufﬁcienter
1561 1247 1693 1275 tractatis
1707 1255 1770 1274 om-

948 1291 1036 1320 nibus
1052 1292 1181 1328 quidem,
1198 1300 1254 1329 que
1283 1293 1444 1328 poscimus,
1461 1292 1545 1328 potiri
1572 1292 1769 1327 nequivimus,

949 1337 1018 1373 quia
1033 1339 1059 1365 et
1075 1336 1241 1365 sublimitas
1253 1337 1368 1374 imperii
1379 1333 1443 1373 ejus
1459 1337 1552 1365 sancti
1569 1336 1697 1364 vicissim
1711 1336 1770 1364 exi-

948 1382 1034 1418 gebat
1048 1390 1064 1410 a
1080 1382 1165 1410 nobis
1181 1383 1288 1410 damna
1303 1390 1319 1410 a
1342 1382 1517 1418 quibusdam
1534 1381 1648 1410 Pisanis
1663 1381 1768 1409 Roma-

948 1426 996 1454 nie
1012 1426 1189 1463 quibusdam
1205 1427 1291 1455 terris
1318 1427 1499 1463 diversisque
1515 1427 1632 1455 Romcis
1647 1435 1698 1462 per
1712 1428 1768 1454 ter-

947 1480 1010 1500 ram
1027 1473 1055 1500 et
1070 1480 1150 1500 mare
1165 1471 1264 1506 illata;
1283 1471 1425 1499 modestia
1444 1479 1512 1499 vero
1534 1473 1563 1499 et
1577 1470 1768 1507 magniﬁcen-

947 1515 989 1544 tia
1004 1515 1147 1552 imperiaii
1160 1516 1312 1553 dignatum
1323 1518 1367 1544 est
1378 1517 1442 1552 ejus
1452 1517 1587 1543 sanctum
1599 1515 1767 1551 imperium,

948 1573 1000 1601 pro
1029 1565 1168 1593 omnibus
1196 1573 1252 1601 que
1280 1565 1431 1601 poscimus
1460 1567 1488 1593 et
1513 1564 1650 1600 superius
1678 1563 1770 1591 relata

948 1611 1029 1644 sunt,
1046 1611 1164 1646 excepto
1180 1612 1282 1638 mutuo
1305 1610 1381 1638 facto
1401 1608 1635 1644 sebastocratori,
1652 1609 1769 1635 mutua-

947 1654 1062 1682 toribus
1078 1654 1106 1681 in
1124 1654 1295 1682 memoriam
1311 1654 1375 1682 dive
1390 1654 1518 1690 potentie
1531 1654 1594 1689 ejus
1610 1661 1769 1681 consensu-

948 1707 1004 1735 que
1020 1699 1111 1727 nostri
1129 1707 1159 1727 se
1183 1699 1375 1735 jactantibus,
1397 1699 1498 1735 largiri
1526 1698 1630 1726 Pisane
1646 1696 1771 1725 civitatis

948 1744 1098 1772 communi
1114 1752 1170 1781 que
1185 1752 1219 1772 ex
1234 1744 1408 1772 muneribus
1431 1751 1547 1779 semper
1566 1742 1769 1771 memorando-

948 1794 1013 1816 rum
1030 1789 1251 1825 imperatorum,
1282 1789 1393 1817 domini
1417 1788 1509 1816 Alexii
1538 1791 1566 1816 et
1586 1787 1694 1815 domini
1710 1789 1768 1815 Ma-

948 1834 1054 1868 nuelis,
1071 1842 1086 1862 a
1103 1834 1188 1862 nobis
1204 1834 1316 1870 pridem
1331 1833 1359 1861 in
1373 1842 1480 1870 magna
1496 1833 1568 1861 urbe
1579 1832 1768 1869 possideban-

947 1881 1014 1907 tur:
1032 1878 1179 1906 embolum
1210 1878 1355 1913 videlicet,
1384 1878 1537 1907 ecclesiam
1568 1886 1633 1906 cum
1650 1877 1740 1905 altera
1755 1885 1772 1905 a

947 1923 1165 1952 contribulibus
1181 1923 1289 1952 nostris
1305 1924 1381 1951 infra
1395 1924 1536 1952 terminos
1547 1925 1662 1951 nostros
1677 1924 1772 1950 erecta

947 1968 1080 2002 ecclesia,
1097 1971 1124 1996 et
1140 1968 1297 1997 littoralem
1323 1968 1432 1997 scalam
1446 1977 1452 2003 ;
1481 1968 1547 2004 plus
1561 1976 1625 1996 vero
1641 1967 1687 1995 his
1703 1968 1772 1995 dare

947 2013 1056 2042 civitati
1073 2018 1179 2047 noslre,
1209 2016 1237 2041 et
1259 2021 1315 2049 que
1343 2013 1373 2040 in
1402 2013 1534 2041 faciendo
1562 2012 1645 2040 nobis
1662 2011 1771 2048 pratieo

946 2057 1114 2086 traditionis
1131 2065 1231 2086 eorum
1249 2066 1305 2094 que
1321 2067 1410 2094 super
1433 2057 1544 2094 pridem
1564 2057 1649 2085 nobis
1665 2057 1772 2084 tradita

947 2106 1052 2135 collata
1067 2109 1147 2142 sunt,
1175 2107 1423 2135 notiﬁcabuntur:
1441 2106 1514 2141 quod
1539 2105 1650 2134 scilicet
1663 2104 1770 2141 practi—

946 2160 1013 2179 eum
1030 2160 1089 2179 una
1104 2159 1170 2179 cum
1188 2152 1319 2180 faciendo
1335 2151 1479 2187 imperiali
1492 2150 1640 2178 adorando
1655 2149 1771 2185 chryso-

945 2195 1015 2224 bulo
1030 2196 1059 2224 in
1076 2196 1197 2224 secretis
1212 2198 1376 2230 sternetur;
1394 2204 1532 2224 renovare
1548 2203 1662 2230 qunque
1675 2194 1710 2222 ab
1727 2193 1769 2221 in-

946 2241 1035 2269 stanti
1052 2243 1182 2277 tempore
1211 2241 1399 2278 largicicnem
1431 2239 1572 2268 solemnis
1602 2241 1700 2267 nostre
1722 2246 1769 2266 cc-

947 2285 1044 2321 clesie,
1074 2286 1303 2323 quingentorum
1343 2285 1475 2314 videlicet
1507 2292 1714 2321 ypcrperorum
1742 2285 1771 2311 et

947 2332 1071 2359 duorum
1089 2331 1266 2368 palliorum;
1292 2331 1398 2359 adiltre
1427 2332 1524 2359 autem
1539 2332 1566 2357 et
1581 2329 1637 2357 alia
1653 2330 1769 2357 centum

946 2385 1097 2413 yperpera,
1114 2379 1143 2404 et
1166 2376 1273 2405 salaria
1302 2375 1521 2412 archiepiscopo
1549 2374 1674 2402 civitatis
1689 2374 1768 2402 Pisa-

947 2430 1011 2450 rum
1029 2421 1180 2458 sexaginta
1209 2429 1373 2449 annuorum
1401 2428 1608 2457 yperperorum
1638 2421 1666 2447 et
1681 2419 1770 2447 unius

946 2465 1038 2502 pallii,
1054 2468 1078 2494 e'
1110 2475 1200 2503 super
1229 2466 1281 2494 hec
1302 2474 1424 2502 persone
1452 2464 1663 2501 archiepiscopi
1679 2464 1770 2500 hujus

946 2510 996 2547 qui
1012 2519 1090 2539 nunc
1100 2513 1145 2539 est
1155 2510 1279 2539 civitatis
1297 2510 1427 2538 Pisarum
1440 2510 1546 2538 addere
1558 2509 1615 2537 alia
1630 2517 1769 2546 ypcrpcra

946 2556 1160 2593 quadraginta;
1178 2556 1286 2584 donare
1302 2557 1401 2583 autem
1427 2555 1560 2583 Pisarum
1577 2558 1603 2583 el
1618 2553 1647 2582 in
1665 2554 1700 2582 iis
1714 2562 1770 2590 que

946 2601 980 2629 de
997 2601 1140 2630 Romanis
1156 2601 1191 2629 ab
1206 2601 1279 2637 ipsis
1290 2602 1428 2628 emuntur
1443 2602 1472 2628 et
1487 2600 1726 2633 venduntur,tam
1739 2599 1768 2626 in

946 2654 1053 2683 magna
1068 2646 1140 2674 urbe
1167 2654 1254 2682 quam
1270 2645 1300 2672 in
1331 2645 1433 2673 ceteris
1455 2644 1595 2673 Romanis
1624 2644 1769 2680 partibus,

945 2695 1109 2724 libertatem
1139 2695 1306 2723 commercii
1335 2694 1434 2729 talem,
1452 2694 1547 2730 qualis
1576 2694 1644 2722 data
1668 2694 1711 2720 est
1726 2692 1769 2720 eis

946 2740 975 2768 in
990 2739 1166 2778 chrysobulo
1191 2740 1265 2776 ipsis
1290 2740 1365 2768 iacto
1382 2748 1498 2775 semper
1514 2737 1694 2767 memorandi
1712 2736 1766 2764 im-

943 2785 1096 2822 peratoris,
1112 2784 1222 2812 domini
1247 2784 1349 2819 Alexii,
1374 2785 1403 2812 in
1421 2784 1458 2812 iis
1487 2791 1543 2820 que
1558 2783 1593 2810 de
1608 2781 1693 2809 terris
1709 2789 1765 2809 non

943 2829 1166 2866 subjacentibus
1203 2829 1335 2858 servituti
1372 2829 1489 2866 imperii
1524 2828 1699 2857 Romeorum
1729 2826 1765 2856 ab

942 2875 1016 2912 ipsis
1032 2875 1059 2904 in
1077 2883 1214 2911 magnam
1231 2875 1334 2904 urbem
1354 2875 1520 2910 afferentur,
1536 2879 1714 2909 quamquam
1732 2880 1765 2901 ex
1799 2908 1805 2912 Ἰ
