1973 3154
158 185 216 215 4⁵15

814 185 942 217 ISAACI
965 185 1106 216 ANGELI
1129 186 1211 217 1MP.

1801 187 1851 216 ΠΒ

162 250 335 287 hujusmodi
365 251 540 288 chrysobulo
556 255 696 288 appareat
721 262 771 281 eos
799 254 903 281 debere
918 253 987 280 dare
1002 255 1029 289 Α
1044 252 1121 287 quod
1138 252 1269 288 predicta
1291 253 1422 288 potestas
1437 251 1588 280 communi
1607 251 1727 280 consilio
1742 252 1852 281 civitatis

160 296 363 324 commertium
381 296 410 323 in
441 296 488 330 iis,
504 298 667 325 secundum
697 298 774 334 quod
790 298 846 334 ipsi
863 297 983 330 Romei;

158 340 305 369 licentiam
321 349 387 368 vero
418 341 486 369 dare
512 342 597 370 nobis
626 343 729 379 agendi
760 343 920 370 secundum
944 341 983 369 le-

159 393 209 421 ges
225 385 254 412 in
269 386 408 420 quosdam
437 385 569 413 homines
594 387 697 422 ipsius,
725 387 774 423 qui
791 387 908 415 servilia
922 389 983 414 tra-

160 431 312 458 ctaverunt
325 430 385 457 ﬁsci
399 433 426 458 et
436 431 611 466 quibusdam
626 432 738 460 Pisanis
750 432 927 467 injustitiam
940 432 983 458 in-

159 475 301 507 tulerunt,
318 483 351 502 eo
368 475 444 510 quod
464 476 634 511 petebamus
652 477 770 512 quidem
787 477 823 504 ah
840 475 983 512 imperiali

160 519 298 546 thesauro
314 520 443 555 dampna
473 519 554 548 illata
569 522 745 555 quibusdam
773 521 887 549 Pisanis
903 530 920 548 a
935 521 984 548 de~

161 563 270 591 functis
300 564 468 592 hominibus
497 565 680 593 celsitudinis
710 567 783 601 ejus,
812 575 868 593 non
886 568 983 593 autem

161 608 287 636 exauditi
305 609 414 636 fuimus
425 609 564 644 quoniam
576 610 614 637 rei
633 619 817 646 nequaquam
834 610 983 646 reperiun-

161 655 211 679 tur
226 653 347 688 ideoque
376 654 492 685 negotia
521 663 577 681 non
603 659 687 682 erant
716 655 880 687 manifesta,
896 658 924 683 et
947 655 983 682 ob

162 698 237 724 hanc
254 705 312 724 rem
330 698 501 725 desistimus
517 699 551 726 ab
568 698 604 726 iis
619 702 731 735 sponte,
755 700 819 727 sine
834 699 914 727 illata
929 708 983 727 no-

163 741 209 768 bis
223 741 248 768 vi
267 741 372 777 aliqua,
390 743 425 769 ob
450 743 691 771 restaurationem
716 753 766 780 pro
782 744 828 777 iis,
850 747 882 772 ut
897 752 983 780 supe-

162 786 222 814 rius
239 786 349 813 dictum
366 788 411 814 est
426 787 531 814 factam
549 788 691 816 universis
711 789 926 817 habitatoribus
941 788 983 816 ci-

160 831 257 858 vitatis
272 833 300 858 et
314 833 390 859 terre
406 832 528 866 Pisans;
552 833 715 869 recepimus
738 834 908 869 hujusmodi
923 835 983 870 plu-

162 884 231 903 cens
247 876 330 904 nobis
345 876 513 913 largifluum
538 886 644 906 munus
660 879 839 907 serenissimi
861 881 889 906 et
905 887 982 907 sem-

161 929 214 957 per
242 922 358 957 augusti
389 923 574 958 imperatoris
604 924 714 952 domini
745 925 849 953 Isaakii
871 925 983 962 Angeli,

161 966 237 1001 quod
255 967 410 1001 imperium
427 968 491 1003 ejus
508 971 642 997 sanctum
663 972 761 997 nostre
772 972 848 998 terre
864 970 940 1003 fecit,
957 971 985 998 et

160 1010 299 1038 oblivioni
317 1012 463 1040 tradentes
478 1014 577 1041 omnia
588 1022 644 1050 que
659 1015 808 1050 petiimus,
825 1017 857 1043 ut
874 1015 984 1043 dictum

160 1058 214 1086 est.
231 1064 286 1091 que
302 1058 331 1084 et
345 1058 480 1093 superius
496 1059 616 1086 recitata
627 1060 850 1096 sunt,quoniam
867 1060 985 1096 quidem

162 1103 190 1129 et
206 1101 361 1138 imperium
379 1103 442 1138 ejus
457 1106 590 1132 sanctum
603 1105 764 1132 abolicione
775 1106 828 1141 [ιη]
844 1106 985 1142 dampno—

163 1155 228 1173 rum
247 1155 338 1182 usque
369 1156 445 1175 nunc
476 1149 646 1177 hominibus
677 1150 817 1178 Romanie
837 1150 986 1178 illatorum

164 1191 247 1218 nobis
263 1191 356 1219 facere
371 1193 524 1229 dignatum
541 1196 605 1228 est;
630 1203 695 1222 ecce
711 1203 762 1230 per
778 1203 898 1231 presens
913 1194 986 1223 scri-

165 1237 248 1270 ptum
266 1238 410 1271 nostrum,
441 1238 550 1265 debens
577 1241 606 1266 et
635 1239 776 1274 corporali
806 1241 986 1267 sacramento

166 1281 265 1307 nostro
281 1288 314 1307 ac
330 1281 597 1318 subscriptionibus
618 1292 723 1311 manus
739 1286 847 1320 nostra,
864 1283 986 1319 sigillis-

166 1332 222 1360 que
238 1324 425 1353 ecclesiarum
451 1326 480 1354 in
498 1335 603 1364 magna
617 1329 689 1356 urbe
705 1329 890 1357 cxistentium
908 1329 986 1357 Pisa-

167 1377 283 1405 norum,
300 1371 407 1397 summi
437 1371 559 1407 apostoli
590 1373 665 1400 Petri
695 1376 723 1401 et
750 1374 843 1402 sancti
866 1374 986 1408 Nicolai,

166 1414 359 1448 corroborari,
376 1416 594 1444 conventionem
625 1418 748 1446 facimus
776 1419 811 1446 ad
831 1419 987 1454 imperium

166 1459 230 1493 ejus
247 1461 392 1494 sanctum,
410 1460 531 1489 heredes
560 1464 587 1490 et
609 1471 793 1492 successores
818 1465 892 1500 ejus,
909 1466 937 1492 et
951 1464 987 1492 ad

167 1503 261 1539 ipsam
279 1503 451 1533 Romaniam
465 1514 471 1533 ε
489 1507 564 1542 quod
577 1507 740 1536 observabit
753 1508 853 1536 civitas
869 1511 896 1536 ct
911 1511 989 1537 terra

168 1548 273 1576 Pisans
288 1551 317 1576 et
332 1549 395 1585 ipsa
417 1553 557 1586 potestas,
574 1554 601 1580 et
615 1553 663 1588 qui
690 1561 741 1589 per
756 1555 886 1590 tempora
903 1556 988 1581 erunt

166 1595 316 1622 senatores
329 1597 380 1622 aut
393 1596 552 1624 consiliarii
568 1597 627 1626 sive
642 1598 777 1626 consules
792 1600 843 1626 aut
858 1601 987 1634 potesta-

1039 296 1074 323 de
1089 296 1136 324 his
1152 297 1228 324 facto
1245 297 1325 324 dedit
1344 297 1430 324 nobis
1457 297 1630 324 mandatum
1647 295 1761 332 iurandi
1776 305 1852 332 super

1039 341 1169 368 animam
1185 349 1280 376 suam,
1304 341 1526 369 conventionem
1543 350 1559 368 a
1588 341 1694 368 Pisans
1709 341 1817 369 civitate
1829 344 1853 369 et

1038 387 1117 412 terra
1134 386 1236 413 Pisana
1264 394 1380 422 semper
1409 385 1599 413 memorando
1627 385 1852 421 imperatorido-

1040 430 1120 457 mino
1151 430 1279 458 Manueli
1310 430 1415 458 factam
1444 430 1613 466 imperatori
1638 430 1809 458 Romeorum
1830 433 1854 459 et

1040 483 1156 510 semper
1171 477 1296 511 augusto
1312 475 1430 502 domino
1442 475 1555 502 Isaakio
1568 474 1689 510 Angela,
1703 475 1853 503 secundum

1039 520 1115 555 quod
1133 521 1161 547 et
1175 519 1217 547 illi
1235 520 1290 547 fuit
1313 520 1424 555 jurata,
1441 522 1468 547 et
1491 520 1568 556 quod
1585 528 1617 547 ea
1646 527 1704 555 que
1721 528 1770 555 pro
1785 527 1855 548 com-

1041 565 1123 592 muni
1134 566 1163 592 et
1177 564 1355 600 quibusdam
1372 564 1438 592 aliis
1462 564 1594 600 personis
1611 564 1793 600 petebamus,
1808 573 1856 600 que

1041 610 1069 636 et
1083 609 1113 636 in
1130 609 1239 644 scripto
1252 608 1281 636 in
1299 617 1357 644 quo
1373 609 1604 645 subscripsimus
1620 608 1813 642 continentur,
1828 617 1856 636 ex

1040 653 1228 689 impositione
1244 654 1376 688 ejusdem
1394 653 1546 690 potestatis
1560 655 1587 680 et
1602 652 1717 680 consilii
1735 653 1856 688 ejusdem

1041 698 1167 726 civitatis
1196 698 1365 726 dimisimus
1394 706 1446 734 pro
1474 697 1690 725 restauratione
1720 698 1857 726 communi

1041 743 1126 770 facta.
1143 745 1213 770 Item
1225 743 1374 778 juramus,
1391 751 1479 778 super
1495 742 1624 770 animam
1649 742 1727 770 dicte
1743 745 1858 778 potesta-

1041 787 1090 823 tis,
1105 788 1180 823 quod
1197 790 1225 816 et
1240 788 1333 824 ipsam
1359 787 1580 815 conventionem
1597 787 1758 823 predictam
1775 787 1856 815 adim-

1041 832 1132 868 plebit
1148 835 1176 860 et
1187 831 1459 868 observabitipsnm
1471 839 1627 860 commune
1639 831 1766 859 civitatis
1778 832 1859 859 domi-

1041 885 1078 904 no
1094 876 1208 904 lsaakio
1219 877 1395 904 Romeorum
1409 876 1755 912 imperatori,heredibus
1766 878 1792 903 et
1803 885 1858 904 suc-

1041 921 1207 949 cessoribus
1232 922 1306 957 ejus,
1332 921 1448 957 ipsique
1477 921 1618 949 Romanie
1634 920 1664 948 in
1682 923 1856 957 perpetuum,

1041 966 1104 994 sine
1120 966 1221 994 fraude
1236 969 1264 994 et
1279 966 1354 994 malo
1371 966 1499 1002 ingenio.
1517 966 1550 993 Et
1575 966 1652 994 sicut
1668 965 1721 993 hec
1733 966 1857 1001 juramus

1041 1011 1076 1038 de
1091 1011 1167 1038 bona
1181 1011 1248 1044 fide,
1266 1010 1328 1038 sine
1339 1011 1441 1038 fraude
1456 1012 1485 1038 et
1501 1010 1577 1038 malo
1593 1010 1725 1047 ingenio,
1738 1010 1778 1038 sic
1793 1012 1858 1038 Deus

1041 1064 1095 1084 nos
1104 1056 1222 1091 adjuvet
1234 1058 1261 1083 et
1270 1055 1364 1091 ipsam
1375 1057 1549 1091 potestatem
1562 1057 1591 1083 et
1601 1055 1701 1091 ipsum
1715 1063 1858 1083 commune

1041 1100 1171 1128 civitatis
1188 1100 1292 1128 Pisone
1308 1102 1336 1128 et
1352 1100 1381 1128 in
1398 1100 1532 1136 praesenti
1550 1100 1648 1128 seculo
1667 1102 1695 1127 et
1711 1100 1814 1127 futuro.
1831 1110 1843 1124 »

1077 1145 1226 1172 Manifesta
1243 1153 1311 1172 vero
1328 1145 1504 1181 chrysobula
1518 1145 1606 1172 verba
1626 1144 1749 1178 habent,
1766 1153 1856 1172 secun-

1042 1189 1112 1217 dum
1130 1189 1208 1224 quod
1226 1189 1433 1217 notiﬁcabitur.

1078 1234 1267 1270 Imperatoris
1283 1234 1401 1269 quidem
1413 1233 1550 1262 videlicet
1564 1233 1676 1262 domini
1696 1233 1791 1266 Alexii,
1803 1233 1853 1261 sic:

1079 1298 1092 1313 ι(
1108 1288 1251 1321 Quoniam
1269 1287 1418 1316 multoties
1433 1288 1557 1315 nuncios
1577 1288 1612 1316 ad
1637 1287 1796 1324 imperium
1812 1294 1855 1313 no-

1042 1333 1135 1360 strum
1166 1332 1309 1361 miserunt
1331 1332 1511 1361 habitatores
1541 1334 1615 1360 terre
1642 1334 1745 1360 nostre
1781 1333 1856 1366 atque

1042 1378 1148 1405 Pisane
1163 1376 1288 1405 civitatis
1318 1385 1384 1405 cum
1413 1377 1519 1406 litteris
1549 1377 1621 1411 suis,
1653 1380 1683 1405 et
1712 1375 1856 1412 imperium

1042 1424 1177 1450 nostrum
1220 1422 1325 1450 iterum
1361 1421 1403 1450 eis
1432 1422 1583 1450 multoties
1621 1421 1739 1450 litteras
1777 1419 1856 1454 misit,

1044 1466 1164 1494 minime
1181 1468 1277 1494 autem
1301 1467 1417 1494 advenit
1434 1468 1549 1503 tempus
1574 1475 1630 1502 quo
1647 1467 1730 1494 fieret
1746 1472 1856 1493 conven-

1043 1511 1131 1539 tionis
1159 1511 1300 1548 scriptum
1332 1520 1433 1539 eorum
1450 1520 1521 1548 pure
1538 1511 1604 1539 ﬁdei
1619 1513 1647 1539 ct
1677 1508 1857 1546 subjectionis

1044 1556 1238 1592 adimperium
1271 1557 1422 1591 nostrum,
1455 1565 1548 1592 neque
1578 1555 1735 1584 clementis
1771 1555 1856 1582 nostra

1044 1601 1081 1629 ad
1130 1609 1180 1629 eos
1233 1601 1377 1637 scriptum
1429 1601 1620 1638 chysobolnm
1674 1597 1859 1629 conventionis

168 1640 212 1665 tes
227 1641 255 1665 et
279 1640 422 1675 capitanei
453 1643 482 1668 et
497 1645 633 1675 rectores,
659 1643 816 1679 ipsumque
832 1651 988 1671 commune
1004 1636 1025 1668 (ἶ
1045 1646 1141 1673 adhuc
1169 1646 1279 1674 factum
1295 1636 1302 1637 ί
1325 1649 1369 1674 est
1395 1657 1402 1681 ς
1447 1646 1606 1674 novissime
1648 1650 1747 1674 autem
1789 1643 1858 1671 ωίεῖῑ

167 1682 273 1709 Pisans
287 1683 422 1719 civitatis,
439 1693 473 1713 ea
500 1695 557 1722 que
569 1695 660 1723 supra
689 1688 847 1716 nominatis
871 1696 987 1724 semper

169 1729 367 1756 memorandis
383 1729 611 1765 imperatoribus
647 1732 765 1760 domino
788 1732 886 1761 Alexio
903 1733 988 1761 Com-

169 1779 243 1799 neno
269 1775 296 1800 et
312 1773 369 1801 lilio
385 1775 448 1808 ejus
474 1775 720 1812 Porphyrogenito
751 1778 869 1805 domino
884 1777 989 1805 Joanni

169 1824 201 1843 ac
244 1819 348 1852 patruo
389 1818 502 1854 imperii
554 1821 618 1855 ejus
668 1821 787 1849 domino
836 1822 988 1856 Manueli,

169 1863 253 1897 pacta
268 1865 348 1889 sunt.
364 1863 398 1890 Et
415 1863 464 1890 hec
479 1864 578 1891 omnia
593 1865 704 1899 jurabit
731 1867 794 1902 ipsa
819 1869 946 1903 potestas
962 1870 991 1895 et

171 1905 306 1933 meliores
322 1914 354 1933 ac
378 1907 475 1942 ipsum
505 1916 660 1937 commune
684 1911 810 1939 civitatis
836 1911 947 1947 Pisans,
963 1914 992 1939 et

170 1949 342 1985 hujusmodi
371 1955 587 1980 sacramentum
618 1956 768 1983 annuatim
801 1957 990 1992 renovabunt,

171 1995 334 2022 secundum
352 1997 429 2032 quod
445 1998 610 2032 specialiter
625 2000 659 2027 de
678 1999 847 2035 hujusmodi
864 2002 992 2037 capitulo

171 2042 290 2076 pactum
307 2042 351 2068 est
367 2049 384 2068 a
412 2041 528 2070 civitate
543 2046 571 2070 et
599 2046 675 2072 terra
697 2047 797 2072 nostra
825 2047 859 2074 ad
878 2054 994 2082 semper

173 2086 395 2113 memorandum
408 2086 622 2123 imperatorem,
634 2090 786 2117 dominum
799 2091 992 2119 Manuelem.»

208 2139 429 2167 Sacramentum
456 2149 554 2169 verum
583 2150 682 2170 eorum
699 2151 788 2180 super
815 2143 868 2171 hec
884 2145 993 2173 factum

174 2183 262 2211 habet
277 2184 337 2211 sic:

210 2249 223 2261 «ι
242 2239 312 2272 Nos,
329 2238 415 2275 legati
433 2238 559 2268 civitatis
575 2242 602 2268 et
619 2242 694 2269 terre
709 2242 824 2278 Pisano,
841 2242 996 2272 Raiuerius

173 2282 291 2310 Gaetani
309 2285 337 2311 et
361 2284 453 2320 judex
480 2284 619 2320 Sigerius,
651 2286 734 2314 missi
764 2287 800 2315 ad
817 2287 995 2316 altissimum

1042 1690 1198 1727 imperium
1229 1692 1363 1719 nostrum
1392 1691 1566 1719 familiarem
1595 1699 1686 1719 suum
1718 1689 1853 1718 hominem

1043 1735 1248 1771 Curopalatam
1274 1735 1415 1764 Basilium
1445 1736 1642 1764 Mesimerium
1674 1744 1741 1764 cum
1765 1733 1856 1761 litteris

1044 1780 1106 1808 suis
1122 1780 1221 1808 volens
1250 1788 1299 1808 eos
1316 1781 1463 1817 suscipere
1493 1789 1543 1809 ceu
1574 1789 1626 1817 per
1654 1779 1755 1808 omnia
1768 1777 1855 1806 ﬁdeles

1045 1825 1230 1853 celsitudinis
1239 1827 1338 1853 nostra
1346 1828 1374 1853 et
1385 1825 1652 1854 desideratissimos
1666 1825 1742 1853 filios
1755 1824 1855 1851 nostros

1045 1870 1192 1906 totiusque
1208 1873 1284 1899 terre
1314 1873 1433 1906 nostre;
1451 1871 1500 1900 illo
1531 1874 1626 1900 autem
1643 1870 1821 1908 perveniente
1834 1868 1856 1894 et

1044 1915 1158 1943 litteras
1172 1915 1287 1951 imperii
1304 1916 1396 1944 nostri
1412 1917 1452 1944 eis
1468 1917 1615 1952 aﬂ'erente,
1631 1925 1689 1953 que
1706 1923 1769 1943 vero
1785 1920 1855 1941 Inan-

1046 1961 1113 1988 data
1128 1962 1210 1989 erant
1224 1961 1349 1995 dicente,
1366 1961 1422 1997 ipsi
1453 1970 1516 1997 qua:
1534 1961 1643 1997 scripta
1673 1963 1702 1989 et
1728 1968 1782 1996 que
1796 1955 1856 1993 ipsis

1047 2005 1187 2033 mandata
1201 2008 1270 2033 sunt
1298 2005 1493 2042 intelligentes
1524 2013 1617 2041 eaque
1633 2006 1819 2042 acceptantes,

1048 2050 1167 2079 omnino
1182 2050 1312 2078 volentes
1342 2051 1403 2079 ﬁeri
1432 2059 1483 2087 per
1507 2051 1608 2079 omnia
1636 2050 1736 2079 ﬁdeles
1758 2045 1857 2083 imperii

1049 2095 1141 2124 nostri
1156 2097 1241 2131 atque
1270 2097 1345 2124 terre
1374 2098 1482 2131 nostra,
1499 2105 1550 2132 per
1576 2095 1719 2132 scriptum
1746 2098 1856 2121 conven-

1048 2141 1157 2169 tionem
1173 2140 1314 2176 fecerunt,
1330 2140 1527 2169 continentem
1549 2143 1653 2177 puram
1668 2147 1766 2169 eorum
1783 2136 1855 2164 {idem

1049 2194 1138 2222 quam
1154 2185 1272 2222 imperio
1288 2188 1388 2214 nostro
1404 2194 1436 2214 ac
1452 2185 1593 2214 Romanis
1609 2185 1726 2218 debent,
1742 2188 1821 2218 quam
1833 2179 1856 2206 el

1050 2239 1101 2267 per
1109 2233 1326 2259 sacramentum
1335 2239 1435 2259 omnes
1444 2230 1621 2259 unanimiter
1627 2223 1855 2258 confirmaverunt

1051 2277 1080 2303 et
1094 2275 1129 2303 ad
1147 2277 1278 2304 nostram
1293 2275 1481 2304 serenitatem
1493 2284 1543 2312 per
1556 2284 1607 2303 vos
1618 2278 1646 2303 et
1659 2273 1793 2302 nuncium
1802 2269 1855 2304 ejus

174 2319 378 2363 imperatorem
411 2319 587 2358 Romeorum
627 2333 655 2358 et
687 2340 804 2367 semper
838 2336 996 2368 augustum
1012 2323 1035 2356 Ι)
1053 2319 1208 2354 miserunt!
1224 2328 1279 2356 que
1296 2329 1399 2357 nempe
1415 2329 1551 2357 expresse
1566 2319 1608 2348 Sic
1624 2319 1768 2348 continet:

175 2372 327 2400 dominum
344 2374 491 2402 lsaakium
507 2375 662 2411 Angelum,
680 2384 695 2404 a
706 2376 834 2409 Tedicio,
851 2380 996 2413 potestate

175 2415 358 2449 Pisanorum,
387 2419 505 2447 comitis
534 2419 645 2456 Ugolini
676 2420 752 2455 lilio,
781 2430 815 2449 ex
845 2423 996 2451 communi

176 2459 297 2486 consilio
312 2461 439 2489 civitatis
463 2463 576 2498 Pisans,
592 2467 658 2500 post
686 2465 813 2494 multum
837 2469 996 2495 tractatum

177 2503 353 2533 desistentes
381 2506 416 2534 ab
445 2507 481 2535 iis
509 2517 566 2544 que
594 2517 627 2537 ex
656 2510 842 2545 impositione
869 2512 998 2547 predicto

177 2549 331 2584 potestatis
346 2554 374 2577 et
389 2554 551 2580 communis
575 2554 689 2582 consilii
709 2554 835 2583 civitatis
850 2563 902 2591 pro
917 2565 996 2585 com-

177 2593 259 2622 muni
277 2596 304 2621 et
318 2594 494 2629 quibusdam
518 2598 637 2633 privatis
667 2600 798 2635 personis
815 2601 997 2638 petebamus,

176 2647 233 2675 que
248 2640 276 2667 et
286 2639 315 2667 in
327 2639 436 2676 scripto
449 2640 477 2668 in
491 2650 547 2676 quo
559 2643 790 2680 subscripsimus
801 2646 997 2680 continentur,

175 2687 204 2712 et
219 2683 463 2712 restaurationem
480 2694 531 2721 pro
548 2686 584 2715 iis
610 2688 716 2716 factam
732 2689 816 2717 nobis
839 2689 999 2726 placentem

178 2729 350 2765 recipientes
366 2730 530 2758 secundum
552 2732 629 2766 quod
657 2741 711 2760 nos
727 2733 893 2768 injunctum
908 2734 997 2762 habe-

178 2774 283 2802 bamus
299 2783 316 2802 a
330 2777 474 2811 potestate
485 2778 514 2804 et
526 2778 675 2805 communi
686 2778 808 2806 consilio
823 2779 950 2807 civitatis
965 2779 1001 2807 de

178 2817 283 2852 placito
300 2822 417 2848 nostro:
431 2821 569 2857 juramus
595 2829 682 2857 super
697 2825 799 2850 sancta
814 2823 861 2851 Dei
879 2831 1000 2860 evange-

177 2861 229 2908 jia,
260 2872 347 2900 super
375 2866 574 2896 honorabilem
604 2867 631 2895 et
659 2866 834 2896 viviﬁcatam
863 2877 1000 2904 crucem,

61 2994 210 3056 “HK

1087 2386 1101 2400 α
1118 2375 1150 2402 In
1167 2374 1285 2402 nomine
1300 2375 1416 2402 Domini
1442 2374 1534 2403 nostri
1562 2375 1629 2401 Jesu
1645 2371 1761 2405 Christi,
1776 2374 1854 2397 amell-

1051 2430 1064 2444 «
1083 2419 1141 2447 Nos
1156 2427 1259 2447 omnes
1288 2419 1468 2447 habitatores
1496 2418 1622 2458 civitatis
1637 2420 1666 2445 et
1681 2421 1753 2445 terre
1767 2414 1854 2460 Pisans

1051 2475 1065 2489 «
1082 2464 1282 2499 promittimus
1299 2463 1557 2498 tibi,sanctissimo
1572 2461 1738 2498 imperatori
1754 2459 1853 2487 domino

1051 2508 1188 2544 «Alexio,
1205 2510 1234 2535 et
1262 2508 1380 2536 domino
1409 2507 1538 2536 Johanni
1564 2506 1670 2534 dilecto
1695 2505 1751 2533 filio
1778 2506 1820 2529 tuo
1831 2499 1852 2525 et

1052 2552 1254 2588 «imperatori
1297 2551 1542 2589 Porphyrogenito
1560 2572 1567 2585 ,
1603 2551 1681 2587 quod
1714 2557 1762 2578 nos
1789 2546 1851 2574 ιοιυε

1053 2610 1066 2623 «ι
1085 2597 1208 2626 Pisanus
1238 2597 1365 2633 populus
1381 2598 1417 2625 ab
1446 2597 1502 2624 ista
1517 2597 1589 2624 hora
1616 2599 1645 2624 et
1659 2596 1689 2623 in
1718 2594 1851 2636 amoeni).n

1055 2653 1067 2669 α
1083 2642 1193 2670 erimus
1206 2642 1234 2670 in
1251 2642 1373 2670 consilio
1400 2645 1450 2670 aut
1466 2642 1541 2669 facto
1571 2649 1622 2677 per
1651 2640 1726 2676 quod
1747 2634 1851 2677 perdatis

1055 2698 1068 2714 α
1085 2696 1133 2715 vos
1163 2687 1320 2722 imperium
1363 2691 1493 2715 vestrum
1521 2685 1567 2714 vel
1604 2684 1792 2713 Romaniam.
1815 2673 1852 2722 Vel

1054 2743 1067 2758 ι(
1085 2732 1197 2760 insulas
1213 2733 1303 2760 maris
1319 2732 1362 2760 vel
1385 2735 1489 2765 terras,
1505 2739 1579 2768 quas
1604 2731 1690 2758 modo
1704 2726 1798 2758 tenetis
1809 2719 1851 2750 sub

1054 2789 1067 2803 «
1085 2781 1180 2806 vestra
1194 2781 1338 2813 potestate
1353 2781 1382 2806 et
1396 2786 1470 2814 quas
1485 2777 1521 2805 ub
1537 2777 1591 2804 hac
1602 2776 1674 2804 hora
1688 2776 1716 2803 in
1731 2776 1806 2802 antea
1817 2773 1852 2794 80'

1054 2834 1068 2848 ‹‹
1085 2822 1210 2859 quiretis
1225 2831 1242 2850 a
1257 2823 1403 2859 Obroatis,
1421 2821 1565 2851 Dalmatia
1580 2822 1609 2850 et
1625 2818 1762 2864 Durachio

1056 2880 1069 2895 ‹‹
1086 2855 1117 2898 in
1131 2867 1339 2899 Alexandriam
1354 2870 1383 2899 et
1396 2855 1493 2905 ipsam
1508 2876 1515 2904 ;
1531 2875 1624 2904 neque
1635 2875 1699 2904 nos,
1708 2859 1816 2895 civitatis
1827 2855 1849 2883 et
