1973 3154
87 203 138 232 διτῖ

652 201 846 231 NOVELL/E
868 201 964 231 CONS
971 200 1217 230 'l‘lTUTlONES.

1728 201 1788 231 478

88 280 100 296 ι
113 271 181 297 terre
197 268 299 296 Pisans
311 267 502 303 habitatores,
520 268 700 304 paciscamur
715 275 781 295 cum
805 267 905 303 aliqua.
918 268 946 301 Α
960 267 1140 295 habitatores
1154 265 1278 295 civitatis
1292 268 1320 294 et
1334 269 1411 295 terre
1424 267 1529 295 Pisans
1550 267 1705 295 observare
1731 261 1787 296 im-

87 325 99 339 α
111 321 233 350 persona
257 312 298 340 vel
314 312 421 349 pOpulo
438 313 605 341 inimicante
619 312 742 349 imperio
757 314 853 340 vestro
869 312 904 340 ad

87 369 96 383 ι
112 357 299 386 auferendum
311 365 328 385 a
343 357 426 385 vobis
441 359 571 386 vestrum
582 357 739 393 imperium
750 357 905 384 velRoma-

86 412 96 426 ι
111 402 197 435 niam,
212 401 256 429 vel
272 401 386 437 aliquas
401 402 516 438 imperii
531 402 619 430 vestri
634 406 737 437 terras,
753 401 797 429 vel
822 401 903 429 insu-

84 459 95 472 ι
117 446 167 480 las,
201 455 276 482 quas
310 455 387 474 nunc
417 447 472 474 sub
502 448 646 482 potestate
672 446 788 482 imperii
818 445 904 474 vestri

84 503 96 517 «
110 491 221 525 tenetis,
239 494 290 518 aut
306 499 379 526 quas
391 491 541 527 acquirere
557 491 670 519 debetis
683 492 719 519 ab
749 491 804 518 hac
833 490 905 519 hora

83 547 94 561 ει
111 536 136 563 in
165 539 251 563 antea
267 545 284 563 a
311 535 456 569 Chroatia,
489 535 634 564 Dalmatia
662 538 691 564 et
718 535 861 563 Durachio
876 537 905 563 et

82 593 94 606 ιι
109 588 199 616 usque
215 580 245 607 in
263 580 468 608 Alexandriam
485 582 514 608 et
526 581 640 616 ipsam;
658 582 686 608 et
705 581 737 616 ξεί
766 589 800 608 ex
829 582 904 608 terre

83 637 94 650 ιι
109 625 322 653 habitatoribus
345 627 443 653 nostre
458 627 488 653 et
501 625 673 653 hominibus
690 625 798 653 nostris
813 623 902 661 aliqui

85 681 96 695 ι‹
108 670 244 697 damnum
263 669 385 706 imperio
401 671 497 698 vestro
515 670 634 699 fecerint
650 672 678 698 et
704 669 733 697 in
763 669 904 697 Romanis

83 726 92 739 -
109 714 221 748 fuerint,
253 716 282 742 et
307 714 414 750 quesiti
430 715 466 742 ab
482 715 606 751 imperio
621 717 718 743 vestro
733 714 851 748 fuerint,
868 714 904 742 de

83 771 92 783 ι
107 759 145 787 eis
159 759 361 787 emendabunt
371 759 513 787 damnum
539 759 619 794 juste
648 761 676 787 et
700 759 902 792 eaneorditer;

83 816 92 828 ι
107 806 133 832 et
155 803 179 832 si
209 803 240 831 in
272 804 417 832 Romanis
446 812 503 831 non
518 803 637 838 fuerint
651 805 679 832 et
700 803 781 832 Pisas
797 803 903 831 reversi

81 860 93 874 «
108 848 222 883 fuerint,
240 850 269 876 et
285 850 386 876 notum
404 849 512 877 factum
528 848 626 884 fuerit,
644 849 668 877 si
684 849 807 876 heredes
827 847 904 876 Pisis

81 905 93 918 ι
106 893 436 927 habuerint,seeundum
453 893 529 921 vires
542 893 708 921 substantia
723 893 902 921 emendatio-

82 949 93 962 κ
110 947 169 966 nem
186 938 424 973 faciemusjuste
438 937 482 966 vel
498 938 663 973 concordia,
680 939 797 974 excepto
821 938 903 965 tanto

86 994 97 1009 ε
110 985 249 1019 quantum
268 983 434 1011 remanebit
447 991 482 1011 ex
497 991 642 1011 consensu
659 985 688 1011 et
702 983 789 1010 verbo
811 981 907 1023 nuntii

86 1040 94 1052 ι
109 1027 148 1055 vel
163 1027 338 1056 nuntiorum
356 1027 471 1064 imperii
484 1027 584 1056 vestri.
602 1027 631 1056 Si
655 1027 790 1056 homines
814 1028 908 1059 nostri

83 1084 94 1097 ‹‹
109 1073 135 1100 in
163 1074 239 1100 terra
266 1072 384 1109 imperii
402 1072 490 1101 vestri
505 1072 625 1106 fuerint,
640 1071 683 1100 vel
697 1072 905 1100 Constantino-

84 1129 95 1142 (ι
110 1116 163 1153 poli
178 1117 222 1145 vel
239 1117 270 1145 in
287 1117 346 1145 alia
359 1119 436 1145 terra
451 1119 502 1145 aut
516 1117 632 1152 ,insulis
662 1116 778 1153 imperii
807 1116 905 1152 vestri,

84 1161 241 1190 «volumus
271 1165 301 1190 et
332 1163 544 1190 conﬁrmamus
573 1164 615 1196 ut,
646 1162 670 1190 si
687 1161 800 1189 inimici
816 1162 905 1189 vestri

85 1218 94 1231 ι
107 1207 317 1235 insurrexerint
327 1208 422 1243 gratia
436 1207 628 1243 impugnandi
644 1207 673 1234 in
690 1207 824 1243 partibus
845 1206 904 1234 illis

82 1263 94 1276 α
109 1251 134 1279 in
150 1252 257 1288 quibus
274 1252 369 1280 nostri
386 1254 467 1287 sunt,
484 1254 512 1280 et
527 1260 646 1280 necesse
661 1251 750 1279 fuerit
765 1254 796 1278 ut
818 1251 904 1286 adju-

83 1307 94 1320 α
110 1299 170 1324 vent
183 1296 323 1324 homines
338 1299 460 1332 vestros,
475 1298 567 1325 terras
583 1298 694 1324 vestras
712 1296 904 1324 defendemus

84 1352 92 1366 ι
107 1344 202 1369 contra
217 1350 325 1370 omnes
340 1341 476 1370 inimicos
490 1341 672 1370 vcstros.Hec
688 1341 787 1369 omnia
802 1349 902 1377 supra-

82 1396 94 1410 a
107 1385 211 1421 scripta
225 1386 452 1415 observabimus
468 1389 620 1422 nos,totus
636 1386 760 1414 Pisanus
775 1385 902 1422 populus

80 1442 91 1455 ιι
106 1430 224 1460 civitatis
240 1434 274 1460 et.
288 1434 363 1460 terre
379 1431 494 1466 Pisans,
511 1432 575 1467 tibi,
591 1431 779 1460 sanctissimo
807 1431 900 1467 impe-

80 1487 91 1500 ι(
105 1476 186 1504 ratori
203 1477 328 1504 domino
344 1476 454 1510 Alexio,
467 1479 496 1505 et
511 1476 763 1505 desideratissimo
775 1476 834 1504 ﬁlio
849 1477 901 1504 tuo

82 1521 266 1557 limperatori
288 1522 407 1549 domino
421 1521 547 1550 Johanni
572 1521 831 1558 Porphyrogenito,
861 1520 900 1549 si-

80 1568 149 1593 ucut
174 1566 316 1602 superius
345 1566 488 1602 scriptum
518 1569 572 1602 est,
600 1567 770 1602 incorrupta
792 1568 899 1593 etcum

81 1618 167 1638 «vera
182 1612 248 1646 ﬁde,
274 1611 340 1639 sine
368 1611 470 1639 fraude
499 1614 528 1639 et
554 1610 630 1639 malo
660 1610 788 1647 ingenio,
817 1610 899 1638 vobis

81 1656 358 1684 ccorroborantibus
394 1665 445 1692 per
473 1655 684 1692 chrysobulum
713 1664 756 1690 ea,
785 1664 849 1691 quae
872 1654 900 1681 in
917 1650 938 1683 C

79 1710 90 1724 α
103 1700 204 1736 scripto
220 1702 326 1728 nostro
342 1701 538 1736 contineatur,
559 1701 588 1728 et
617 1699 840 1728 observantibus
867 1707 901 1727 ea

80 1754 91 1768 ιι
107 1744 195 1773 nobis.

111 1809 123 1822 ιι
143 1797 199 1826 Hoc
230 1799 343 1827 factum
373 1800 418 1826 est
446 1807 523 1826 anno
550 1798 759 1826 incarnationis
787 1797 900 1826 Domini

85 1851 93 1865 I
108 1842 259 1872 millesimo
287 1843 448 1871 centesimo
479 1843 646 1877 undecimo,
670 1845 773 1879 quarto
789 1843 901 1871 decimo

82 1887 299 1916 «Kalendarum
317 1887 392 1923 Mali,
413 1887 583 1916 indictionis
613 1887 696 1915 tertie
724 1890 753 1916 et
779 1887 901 1921 decimo,

83 1942 94 1955 κ
108 1931 134 1959 in
163 1933 310 1968 presentia
339 1933 535 1969 archipiseopi
564 1932 780 1968 Amalphitani,
811 1931 902 1961 Musei

84 1976 209 2011 ujudieis
225 1977 430 2014 Amalphitani
445 1979 472 2005 et
488 1976 644 2005 consulum
658 1976 843 2005 Pisanorum.
860 1987 874 2002 η

114 2042 126 2054 u
139 2030 187 2059 His
201 2031 302 2067 itaque
319 2039 370 2067 per
391 2031 535 2066 scriptum
565 2033 594 2059 et
620 2033 838 2059 sacramentum
867 2031 903 2058 ab

84 2073 133 2102 illis
146 2076 328 2104 confirmatis
352 2076 382 2103 in
397 2074 548 2111 presentia
563 2075 694 2103 hominis
706 2075 821 2111 imperii
849 2083 903 2103 no-

83 2119 128 2147 stri
144 2120 312 2154 Mesimerii,
328 2121 468 2156 quoniam
484 2122 513 2148 et
528 2128 579 2148 vos
595 2120 679 2148 missi
695 2120 731 2148 ob
747 2119 805 2148 illis
821 2119 902 2154 estis,

83 2164 203 2193 videlicet
234 2165 332 2193 Guido
361 2164 485 2193 clericus
514 2167 542 2192 et
570 2165 713 2193 Bonﬁlius
749 2164 901 2201 presbiter,

83 2208 210 2238 Girardus
239 2211 412 2244 vieecomes,
436 2210 610 2238 Hebrandus
638 2210 736 2237 frater.
760 2208 901 2241 Rainerii,

84 2253 199 2283 Alterius
214 2254 329 2289 consul,
348 2254 450 2283 Petrus
468 2254 571 2290 judex,
600 2254 693 2282 Guido
722 2253 801 2281 ﬁlius
830 2253 903 2281 Boni

85 2298 179 2334 Pipini,
195 2299 382 2328 0dimundus
396 2298 571 2335 Curepalata
585 2298 665 2327 ﬁlius
681 2298 765 2333 Oddi,
782 2300 811 2326 et
824 2297 902 2326 litte-

921 963 944 994 Β

961 312 1040 348 perio
1056 313 1154 340 nostro
1173 313 1200 339 et
1224 311 1373 346 Romanis,
1392 312 1546 340 constituit
1571 314 1598 340 et
1628 312 1784 349 imperium

960 359 1093 385 nostrum
1124 365 1175 393 per
1198 365 1318 393 presens
1334 357 1537 393 chrysobolum
1554 357 1673 384 verbum
1692 357 1755 385 dari
1771 366 1788 386 a

960 404 1060 429 nostra
1075 401 1240 435 serenitate,
1258 409 1314 428 non
1332 401 1426 429 solum
1444 401 1472 429 in
1498 401 1556 428 vita
1582 409 1647 435 sua,
1677 402 1728 430 sed
1758 405 1788 430 et

959 449 1026 482 post
1051 446 1162 474 obitum
1193 454 1280 473 suum
1308 455 1323 473 a
1345 446 1596 474 desideratissimo
1613 446 1672 473 ﬁlio
1687 449 1786 475 nostro

959 490 1135 527 imperatore
1149 491 1268 518 domino
1283 490 1416 518 Johanne
1445 490 1707 527 Porphyrogenito,
1737 491 1788 518 Pi-

959 544 1029 563 saue
1045 535 1166 563 ecelesie
1181 543 1234 571 que
1247 536 1301 563 sub
1318 535 1435 563 nomine
1451 537 1550 563 sancte
1565 535 1614 563 Dei
1632 535 1787 564 Genitrieis

958 582 1068 616 est,per
1082 588 1323 616 unumquemque
1340 588 1449 607 annum
1458 580 1635 607 nomismata
1646 588 1788 616 yperpera

958 625 1011 653 400
1025 627 1054 652 et
1069 625 1156 661 pallia
1179 624 1255 657 duo;
1284 624 1403 652 domino
1434 624 1537 651 dilecto
1567 624 1786 660 archiepiscopo

959 669 1090 697 Pisarum
1108 669 1285 697 nomismata
1301 668 1409 696 similia
1424 669 1459 696 60
1474 670 1500 696 et
1521 668 1642 704 pallium
1673 677 1786 703 unum;

960 719 1112 746 Lamberto
1138 717 1243 753 judici,
1269 717 1393 745 Carletto
1408 719 1450 744 'et
1464 717 1590 745 Antonio
1606 716 1785 745 nomismata

959 763 1069 792 similia
1084 763 1145 798 400,
1162 765 1190 790 et
1205 764 1271 798 post
1284 763 1396 790 obitum
1425 762 1531 790 horum
1561 762 1710 790 dabuntur
1738 770 1784 790 ee-

958 808 1055 836 elesie.
1085 807 1293 835 Commertium
1325 807 1359 835 de
1381 815 1452 834 auro
1467 809 1495 835 et
1511 808 1630 843 argento
1647 807 1722 843 quod
1740 807 1784 835 af-

959 853 1067 881 feretur
1081 861 1097 880 a
1112 852 1203 887 vobis,
1220 860 1275 880 non
1293 852 1399 879 dabitis
1412 852 1472 880 ullo
1487 852 1627 879 modo.De
1638 851 1785 880 mercibus

959 906 1032 934 quas
1048 897 1174 925 efferatis
1187 897 1222 925 de
1236 899 1314 924 terra
1328 899 1426 924 vestra
1445 900 1471 924 et
1500 897 1534 924 de
1565 896 1669 924 alienis
1697 897 1785 925 terris

959 951 1017 970 non
1039 942 1262 977 subiacentibus
1277 941 1410 969 servituti
1427 941 1540 977 imperii
1557 941 1661 976 nostri,
1677 941 1786 969 dabitis

962 986 1056 1022 gratia
1076 985 1238 1013 commertii
1257 986 1292 1013 de
1306 985 1542 1022 vigintiquinque
1559 993 1650 1012 unum
1667 987 1695 1012 et
1710 985 1784 1013 nihil

961 1030 1098 1068 amplius.
1116 1030 1199 1058 Scala
1213 1030 1332 1058 dabitur
1346 1030 1428 1057 vobis
1443 1030 1471 1056 in
1488 1038 1544 1065 qua
1559 1029 1682 1057 debeant
1696 1037 1785 1057 naves

960 1079 1055 1104 vestre
1070 1075 1215 1112 applicare
1231 1077 1259 1103 et
1273 1083 1362 1103 onera
1376 1083 1476 1102 earum
1492 1074 1598 1110 deponi
1612 1083 1618 1108 ;
1649 1076 1677 1101 et
1702 1073 1784 1102 locus

961 1120 1129 1157 negotiandi
1159 1121 1246 1156 aptus
1274 1121 1302 1147 et
1324 1119 1499 1147 conveniens
1515 1127 1579 1146 cum
1596 1118 1784 1153 habitaculis,

961 1172 993 1199 ut
1007 1170 1155 1206 reponetis
1171 1178 1282 1197 merces
1298 1171 1407 1198 vestras
1422 1170 1450 1196 et
1465 1168 1613 1196 habitetis.
1644 1168 1784 1196 Similiter

958 1217 987 1243 et
1015 1215 1045 1243 in
1073 1223 1179 1251 magna
1202 1214 1390 1242 sanctissima
1405 1213 1452 1241 Dei
1468 1213 1599 1246 ecclesia,
1615 1215 1717 1241 sancta
1731 1215 1783 1241 So-

959 1260 1037 1296 phia,
1054 1259 1171 1287 dabitur
1186 1259 1266 1287 vobis
1281 1258 1362 1287 locus
1378 1258 1474 1286 standi
1489 1267 1505 1286 a
1518 1258 1706 1286 sanctissimo
1730 1266 1782 1294 pa-

959 1305 1065 1333 triarca
1093 1314 1100 1332 :
1130 1306 1158 1332 et
1174 1304 1203 1331 in
1218 1303 1390 1340 ypodromio
1406 1303 1522 1331 dabitur
1538 1303 1619 1331 vobis
1634 1302 1716 1330 locus
1732 1302 1781 1330 ubi

957 1350 1089 1378 debeatis
1104 1349 1204 1377 sedere
1233 1349 1262 1377 in
1291 1349 1337 1376 die
1365 1348 1538 1385 ypodromii.
1568 1348 1596 1376 Si
1623 1347 1782 1383 depredata

956 1394 1045 1422 fuerit
1073 1394 1155 1422 navis
1178 1395 1273 1422 vestra
1288 1393 1317 1420 in
1332 1394 1409 1420 terra
1424 1392 1539 1428 imperii
1556 1392 1657 1426 nostri,
1674 1393 1703 1419 et
1717 1399 1782 1426 per-

957 1439 1015 1467 dite
1029 1439 1139 1467 fuerint
1153 1447 1199 1466 res
1214 1440 1320 1472 vestre,
1333 1437 1429 1465 ablato
1445 1438 1479 1465 ab
1496 1436 1645 1473 aliquibus
1659 1436 1709 1472 qui
1725 1436 1780 1464 sub

956 1483 1084 1520 potentia
1099 1483 1213 1519 imperii
1229 1482 1321 1510 nostri
1337 1485 1416 1516 sunt,
1431 1482 1514 1509 faciet
1530 1482 1610 1509 vobis
1627 1481 1782 1509 clementia

954 1528 1067 1564 imperii
1085 1528 1176 1555 nostri
1188 1527 1341 1563 justiciam
1358 1529 1386 1554 et
1411 1526 1646 1554 emendationem
1676 1533 1780 1554 conve-

955 1573 1046 1601 nienti
1074 1574 1214 1608 tempore,
1232 1574 1388 1608 postquam
1406 1571 1558 1607 probatum
1577 1570 1673 1598 fuerit.
1692 1570 1780 1598 Navis

954 1620 1051 1645 vestra
1079 1617 1104 1644 si
1134 1617 1224 1644 fracta
1253 1616 1339 1643 fuerit
1368 1615 1444 1643 infra
1475 1614 1633 1650 potentiam
1664 1614 1780 1650 imperii

957 1661 1059 1696 nostri,
1076 1669 1122 1689 res
1136 1663 1246 1689 vestras
1262 1669 1336 1696 quas
1352 1668 1402 1688 vos
1418 1659 1548 1687 liberatis
1573 1661 1601 1687 et
1629 1659 1780 1687 extrahitis

956 1707 1051 1735 salvas
1076 1705 1221 1734 habebitis
1253 1705 1316 1733 sine
1343 1705 1443 1738 dubio,
1468 1707 1496 1732 et
1513 1703 1576 1732 illas
1593 1706 1690 1732 autem
1707 1712 1781 1740 quas

956 1751 1055 1780 Romei
1073 1750 1227 1779 extrahent
1241 1750 1413 1786 adiuvantes
1429 1749 1585 1783 habebitis,
1612 1749 1714 1777 dantes
1739 1749 1782 1777 eis

957 1801 1120 1830 mercedem
1149 1800 1311 1828 secundum
1340 1799 1395 1828 loci
1430 1798 1689 1833 consuetudinem,
1724 1798 1782 1826 nisi

957 1847 1030 1875 forte
1045 1846 1120 1874 inter
1134 1854 1184 1873 vos
1201 1847 1229 1873 et
1243 1853 1292 1872 eos
1308 1844 1418 1880 aliquid
1435 1843 1512 1872 aliud
1529 1846 1634 1880 sponte
1663 1845 1780 1879 pactum

957 1891 1054 1920 fuerit.
1070 1893 1178 1918 Merees
1190 1892 1301 1918 vestras
1317 1898 1390 1926 quas
1407 1888 1533 1917 alferetis
1549 1889 1583 1916 de
1610 1891 1688 1916 terra
1716 1896 1779 1916 ves-

957 1936 1060 1969 tra,vel
1075 1936 1110 1964 de
1126 1935 1230 1963 alienis
1246 1934 1331 1962 terris
1348 1943 1405 1962 nan
1421 1933 1645 1969 subjacentibus
1660 1933 1783 1969 imperio

959 1983 1068 2014 nostro,
1086 1982 1242 2016 postquam
1258 1980 1294 2007 ad
1311 1978 1466 2014 imperium
1484 1980 1617 2006 nostrum
1631 1986 1681 2006 vos
1697 1985 1781 2005 vene-

958 2026 1034 2059 ritis,
1049 2025 1110 2054 sive
1125 2023 1406 2059 Constantinopolim
1422 2023 1481 2051 sive
1510 2023 1539 2050 in
1569 2022 1696 2050 insulam
1727 2022 1782 2049 im-

958 2071 1030 2106 perii
1059 2069 1162 2103 nostri,
1187 2069 1332 2096 habebitis
1362 2067 1511 2095 licentiam
1541 2066 1723 2100 extrahendi,
1753 2069 1782 2094 et

957 2114 1103 2143 vendendi
1132 2114 1161 2141 in
1189 2113 1252 2141 loco
1276 2113 1306 2140 in
1323 2121 1381 2148 quo
1397 2111 1607 2148 applieucritis,
1624 2112 1652 2138 et
1666 2113 1725 2138 tam
1741 2110 1781 2138 ibi

958 2168 1046 2196 quam
1062 2158 1132 2187 alibi
1149 2158 1225 2186 infra
1239 2156 1448 2186 continentiam
1464 2156 1592 2193 potentie
1608 2157 1706 2183 nostre
1721 2155 1783 2191 qui-

958 2205 1140 2239 buscumque
1156 2202 1316 2238 volueritis,
1333 2202 1414 2230 nullo
1429 2201 1485 2230 alio
1512 2204 1593 2237 pacto
1623 2200 1666 2229 vel
1695 2201 1782 2228 modo

958 2252 1058 2278 contra
1073 2249 1249 2276 voluntatem
1260 2249 1384 2275 vestram
1395 2247 1570 2283 precipientc
1579 2245 1608 2273 in
1618 2245 1783 2274 venditione

958 2296 986 2322 et
1001 2292 1240 2327 commutatione,
1257 2291 1384 2328 exceptis
1400 2291 1529 2319 inimicis
1545 2289 1659 2326 imperii
1676 2289 1780 2324 nostri;

87 2350 128 2371 ras
142 2343 262 2380 imperio
278 2346 380 2372 nostro
395 2334 536 2371 attulistis
552 2352 626 2380 quas
655 2343 697 2371 illi
723 2351 825 2371 omnes
854 2351 905 2379 per
919 2335 942 2368 D
958 2340 987 2367 et
1002 2338 1110 2366 dabitis
1124 2339 1152 2365 et
1174 2337 1204 2365 in
1232 2337 1280 2364 his
1305 2335 1507 2364 commertium
1537 2335 1613 2363 sicut
1645 2334 1781 2380 superius

85 2394 129 2415 vos
155 2389 188 2416 ad
218 2388 377 2425 imperium
407 2388 564 2423 miserunt,
596 2390 625 2416 et
650 2388 856 2416 continebatur
871 2387 901 2415 in

87 2430 180 2461 litteris
195 2442 296 2462 eorum
313 2433 379 2467 hoe,
396 2435 427 2461 ut
441 2441 475 2461 ea
500 2442 557 2469 que
587 2433 708 2461 deerant
731 2441 781 2461 vos
810 2432 902 2460 adim-

87 2475 259 2513 pleretis;hoc
276 2487 327 2514 per
341 2479 485 2514 scriptum
501 2480 530 2506 et
545 2479 764 2506 sacramentum
775 2479 900 2505 vestras-

87 2529 136 2555 que
149 2523 377 2560 subscriptiones
393 2523 600 2557 conﬁrmastis,
618 2523 695 2559 quod
715 2522 814 2550 omnia
845 2531 901 2559 que

87 2565 118 2593 ab
131 2566 184 2595 illis
199 2570 284 2604 pacta
298 2570 368 2596 sunt
382 2568 418 2596 ad
434 2567 593 2604 imperium
605 2570 740 2596 nostrum
753 2569 781 2595 et
790 2567 902 2595 deside-

89 2611 257 2640 ratissimum
275 2612 352 2641 ﬁlius
367 2613 432 2648 ejus
448 2613 655 2648 imperatorem
680 2615 708 2640 et
727 2612 900 2640 Romaniam

90 2662 133 2688 per
145 2660 369 2692 sacramentum,
387 2657 514 2685 universi
530 2657 711 2685 habitatores
724 2656 850 2685 civitatis
873 2658 902 2685 et

91 2700 156 2727 terra
178 2700 278 2730 Pisans
292 2702 506 2736 conﬁrmarint,
523 2704 551 2730 et
564 2701 760 2730 observabunt
775 2701 859 2729 ﬁrma
874 2704 902 2730 et

91 2741 226 2780 inviolata,
243 2746 317 2774 sicut
333 2747 387 2775 hoc
415 2746 553 2783 intelligit
581 2746 736 2782 imperium
765 2748 900 2774 nostrum

93 2787 124 2814 ad
136 2790 289 2824 proﬁcuum
305 2793 333 2819 et
347 2792 488 2820 honorem
504 2799 592 2819 suum
608 2793 637 2820 et
658 2791 901 2819 desideratissimi

93 2830 138 2859 ﬁlii
153 2833 197 2861 sui
209 2837 237 2863 et
251 2838 325 2864 terra
341 2836 468 2872 potentie
484 2838 593 2870 nostra,
609 2844 725 2873 magne,
751 2836 846 2865 medie
873 2838 901 2865 et

97 2874 197 2906 ultime.
225 2879 266 2908 0b
285 2881 372 2910 ﬁdem
384 2881 475 2918 igitur
489 2889 578 2918 quam
595 2881 784 2918 disptsuistis
799 2890 900 2910 omnes

957 2383 1070 2412 dictum
1100 2385 1152 2411 est.
1182 2381 1261 2410 Alias
1278 2383 1374 2409 autem
1392 2388 1501 2408 merces
1518 2388 1572 2415 que
1588 2379 1622 2407 de
1639 2379 1781 2407 Romanis

957 2426 1166 2463 sunt,venditis
1182 2427 1259 2455 sicut
1274 2425 1384 2460 Remei,
1402 2427 1430 2453 et
1444 2424 1551 2453 dabitis
1567 2424 1643 2453 sicut
1669 2424 1780 2452 Romei.

957 2477 1064 2506 Littere
1093 2476 1218 2513 imperiii
1237 2475 1329 2504 nostri
1345 2474 1498 2503 mittentur
1513 2474 1548 2502 ad
1565 2476 1656 2502 terras
1673 2474 1736 2509 ejus
1751 2474 1780 2502 in

956 2523 1064 2560 quibus
1080 2522 1277 2559 applieabitis,
1295 2523 1325 2548 ut
1341 2521 1429 2548 duces
1446 2520 1475 2547 in
1490 2519 1531 2548 eis
1560 2519 1718 2547 existentes
1734 2527 1780 2546 co-

956 2570 1100 2604 gnoscant
1130 2567 1216 2595 ﬁdem
1247 2574 1350 2602 puram
1380 2567 1408 2593 et
1423 2564 1595 2593 servitutem
1612 2566 1736 2592 vestram
1753 2566 1781 2592 et

956 2621 1014 2649 que
1029 2613 1064 2641 ab
1080 2611 1202 2648 imperio
1217 2613 1315 2639 nostro
1330 2610 1409 2638 vobis
1425 2609 1584 2638 constituta
1596 2611 1666 2637 sunt
1681 2610 1709 2636 et
1725 2617 1781 2644 que

956 2657 1079 2694 imperio
1097 2659 1192 2684 nostro
1214 2665 1230 2684 a
1258 2655 1349 2691 vobis,
1377 2658 1520 2691 quatenus
1548 2663 1606 2682 non
1632 2657 1779 2689 transgre-

957 2702 1075 2730 diantur
1104 2710 1160 2738 que
1188 2701 1223 2729 ab
1252 2700 1375 2736 imperio
1393 2703 1491 2728 nostro
1507 2701 1592 2736 pacta
1607 2701 1676 2726 sunt
1691 2698 1780 2725 duces

956 2749 984 2774 et
999 2746 1104 2782 reliqui
1120 2746 1170 2781 qui
1185 2745 1240 2773 sub
1257 2746 1400 2781 potestate
1416 2744 1532 2781 imperii
1549 2743 1638 2771 nostri
1657 2744 1735 2769 sunt.
1747 2741 1781 2768 Et

955 2792 980 2820 si
995 2791 1133 2820 acciderit
1148 2789 1258 2826 aliquid
1275 2789 1418 2825 injustum
1436 2789 1508 2825 ﬁeri,
1524 2786 1719 2816 vindicabitur
1744 2787 1780 2814 ab

954 2837 1112 2873 iis,ﬁetque
1126 2835 1291 2864 emendatio
1302 2835 1436 2871 justa.Ut
1448 2836 1476 2862 et
1492 2834 1527 2862 ab
1543 2831 1665 2868 imperio
1681 2834 1781 2860 nostro

954 2882 985 2910 in
1000 2881 1138 2911 omnibus
1153 2880 1238 2910 terris
1254 2880 1381 2917 potentie
1398 2881 1494 2908 nostre
1509 2880 1536 2907 et
1552 2876 1656 2906 insulis
1673 2877 1701 2905 in
1718 2877 1780 2914 qui-
