1973 3154
172 184 231 214 4'19

813 192 940 222 ISAACI
964 193 1110 223 ANGELI
1133 194 1215 224 1MP.

1806 195 1856 224 480

172 250 228 278 bus
244 252 497 288 applicatis,iidem
514 257 596 285 vobis
612 257 665 285 loci
682 260 835 286 serventur
850 259 992 286 eteadem
1008 260 1035 294 Α
1049 259 1078 287 in
1100 260 1227 296 practice
1253 260 1325 297 ipsis
1359 261 1435 289 facta
1468 261 1666 296 notiﬁcantur,
1697 269 1751 297 qua
1781 261 1858 297 hujus

173 297 339 325 emendatio
356 298 416 326 ﬁat.
434 300 462 328 Si
479 300 514 328 ab
532 301 630 338 aliquo
651 302 855 330 Veneticorum
881 305 931 331 aut
960 304 996 331 ab

173 341 269 377 aliquo
298 342 416 371 homine
445 346 614 381 subjaccnte
638 347 762 383 imperio
778 350 877 376 nostro
894 356 997 383 passus

173 385 259 413 fuerit
274 387 398 416 Pisanus
415 389 561 426 quispiam
579 394 658 419 atrox
675 393 798 420 dedecus
813 392 855 420 vel
879 395 995 429 turpem

171 429 309 466 injuriam
336 435 386 460 aut
401 434 436 461 de
451 435 538 463 rebus
553 436 615 464 suis
631 437 783 471 damnum,
802 437 886 465 faciet
902 437 995 473 impc-

171 475 247 502 rium
265 479 399 505 nostrum
416 480 822 517 emendationem,postquam
839 483 993 518 probatum

172 519 270 553 fuerit,
293 521 317 549 si
347 525 445 551 nostre
474 526 621 552 serenitati
651 526 774 554 relatum
805 527 892 554 fuerit
920 527 995 555 infra

171 566 289 600 tempus
306 565 396 600 legale
411 571 439 595 et
455 570 630 598 conveniens
653 570 680 598 in
711 571 790 599 omni
816 572 995 599 continentia

171 617 234 637 sua.
264 610 357 638 Naves
385 615 478 641 vestre
508 617 535 641 et
551 614 684 643 homines
700 616 785 644 vestri
804 616 931 644 volentes
948 624 992 644 re-

169 654 231 681 dire
247 654 329 683 Pisas
346 664 400 684 non
430 658 684 694 prohibebuntur;
715 669 807 696 neque
836 660 992 697 imperium

168 701 313 734 nostrum,
329 708 422 737 neque
437 702 706 732 desideratissimus
722 705 801 733 ﬁtius
814 706 877 741 ejus
901 706 993 741 impe-

169 745 249 771 rator
283 745 558 783 l'orphyrogenitus,
591 757 687 785 neque
719 749 826 785 aliquis
860 752 994 786 precepto

170 789 262 816 nostri
274 797 325 825 per
335 792 503 828 quempiam
521 793 639 820 modum
654 794 798 830 injustitic
814 795 993 831 facistquic-

170 841 258 869 quam
275 834 304 861 in
323 835 408 863 rebus
422 837 527 865 vestris
542 838 585 865 vel
604 838 782 867 hominibus.
805 839 834 867 Si
863 848 929 867 vero
958 839 994 867 ob

170 877 282 913 aliquas
303 888 408 908 causas
425 880 572 910 interdum
589 883 696 911 factum
714 884 811 917 fuerit,
828 892 878 919 per
889 892 994 912 conve-

167 923 253 951 niens
269 926 386 961 tempus
403 926 617 955 emendabitur.
635 928 662 955 Si
680 928 787 964 aliquis
803 931 934 956 vestrum
950 937 994 957 re-

169 967 374 997 clamationem
392 970 500 1006 fecerit,
518 980 573 1000 non
591 972 757 1009 repelletur,
775 974 800 1002 si
816 975 916 1002 notum
937 974 995 1002 im-

168 1012 249 1049 perio
277 1016 377 1042 nostro
400 1015 507 1043 factum
538 1017 636 1051 fuerit,
665 1018 715 1046 sed
731 1018 888 1054 recipietur
902 1018 995 1047 recla-

170 1057 260 1086 matio
276 1059 341 1094 ejus
356 1061 383 1087 et
411 1061 573 1089 secundum
605 1062 698 1099 legem
729 1063 937 1097 vindicabitur,
967 1065 996 1091 et

169 1101 366 1131 vindicabitur
395 1107 461 1140 post
481 1106 682 1142 probationem
696 1108 837 1142 veritatis,
854 1108 888 1142 si,
907 1117 995 1145 appa-

170 1147 263 1175 ruerit
291 1147 467 1184 injuslitiam
497 1159 613 1186 passus.
642 1152 695 1184 Qui.
719 1161 770 1188 pro
801 1153 917 1180 servitio
947 1153 995 1180 Dei

172 1191 404 1227 Hierosolymam
436 1195 561 1222 tendunt
593 1205 658 1223 cum
693 1197 797 1225 vestris
826 1197 997 1225 hominibus

171 1245 260 1264 causa
274 1237 418 1266 militandi
436 1242 537 1267 contra
553 1249 691 1277 paganos,
707 1241 735 1268 in
761 1241 863 1269 itinere
894 1242 937 1270 vel
966 1242 995 1269 in

170 1282 336 1310 reversione
347 1283 591 1320 impedimentum
603 1285 718 1321 aliquod
731 1294 786 1314 non
797 1287 995 1322 sustinebunt,

171 1335 266 1363 neque
283 1328 537 1363 pcrturbabuntur
552 1329 608 1366 ipsi
625 1330 665 1358 vel
683 1333 836 1366 naves,aut
851 1331 997 1367 stipendia

173 1374 223 1399 aut
241 1371 342 1400 bellica
357 1373 555 1402 instrumenta
571 1382 627 1410 que
642 1375 785 1410 deferunt,
809 1376 995 1404 securitatem

171 1415 345 1445 facientibus
362 1418 398 1446 iis
412 1418 460 1454 qui
476 1427 525 1446 eos
541 1418 685 1455 recipiunt
710 1419 740 1447 in
771 1428 859 1448 naves
886 1423 997 1449 vestras

171 1460 341 1489 hominibus
371 1471 422 1499 per
445 1463 683 1492 certificationem
711 1465 896 1499 sacramenti,
922 1474 996 1502 qua-

169 1507 255 1534 tenus
273 1514 324 1534 nec
339 1507 490 1536 inimicum
507 1508 621 1545 imperii
638 1509 729 1537 nostri
745 1511 774 1538 et
789 1510 928 1538 Romanie
944 1511 995 1538 ad-

166 1551 337 1587 juvent,nec
353 1552 392 1580 ibi
402 1553 667 1590 contraimperium
679 1557 811 1583 nostrum
821 1555 995 1584 efficiantur.

205 1605 279 1634 «Hoc
296 1605 394 1642 itaque
411 1608 571 1636 manebunt
585 1608 693 1645 quippe
708 1608 906 1637 immutabilia
923 1617 997 1638 sem-

169 1657 230 1686 per,
247 1658 402 1688 quousque
416 1659 466 1680 vos
481 1655 509 1681 et
523 1661 625 1681 omnes
641 1653 821 1682 habitatores
847 1656 922 1682 terre
948 1663 995 1683 ve-

171 1696 230 1723 stre
245 1697 274 1723 et
288 1696 413 1725 civitatis
427 1698 587 1726 observatis
601 1706 634 1726 ea
649 1707 704 1734 que
734 1699 870 1735 superius
899 1700 997 1728 notifi-

171 1742 236 1768 cata
252 1743 322 1768 sunt
336 1742 419 1769 firma
435 1744 462 1769 et
491 1742 660 1778 incorrupta
687 1743 810 1779 imperio
840 1746 940 1772 nostro
971 1746 1000 1773 et

170 1785 422 1813 desideratissimo
449 1786 510 1814 lilio
536 1787 600 1822 ejus
630 1789 659 1815 et
688 1787 857 1823 imperatori
881 1789 999 1818 domino

170 1831 297 1859 Jobauni
317 1832 560 1868 Porphyrogenito
575 1835 603 1861 et
620 1834 770 1868 Ilomanie,
787 1834 864 1862 sicut
880 1835 932 1862 hec
954 1835 1000 1862 in-

170 1874 278 1911 telligit
304 1876 459 1911 imperium
489 1879 623 1905 nostrum
654 1878 689 1905 ad
715 1878 853 1907 honorem
871 1882 898 1907 et
911 1880 999 1916 proﬁ-

173 1927 261 1946 cuum
277 1928 363 1947 suum
380 1922 408 1948 et
424 1921 574 1956 Romanis,
591 1925 619 1950 et
645 1922 708 1950 sine
736 1923 837 1951 fraude
867 1925 894 1951 et
924 1924 1002 1952 malo

173 1964 291 2000 ingenio
311 1964 419 2001 aliquo.
438 1965 559 2003 Propter
574 1967 627 1995 hoc
643 1967 721 1995 enim
738 1971 766 1997 et
780 1977 902 2005 presens
919 1969 1002 2007 chry—

172 2008 321 2043 sobulum,
339 2010 471 2044 verbum,
488 2013 624 2039 mutuum
642 2014 736 2041 vestre
751 2014 860 2050 scripte
877 2023 1002 2043 conven—

172 2053 243 2082 tioni
272 2063 322 2090 per
349 2058 478 2084 vestrum
495 2059 713 2086 sacramentum
730 2059 899 2088 conﬁrmato
915 2062 942 2088 et
956 2069 1002 2088 ve-

171 2099 242 2128 stris
258 2100 385 2136 propriis
405 2101 673 2138 subscriptionibus
701 2105 898 2140 corroborata,
930 2105 1002 2134 mis-

171 2153 238 2173 sum
253 2147 297 2173 est
312 2154 364 2181 per
379 2155 428 2174 vos
443 2147 580 2176 omnibus
597 2147 816 2178 habitatoribus
832 2149 960 2179 civitatis
976 2145 1005 2179 et

171 2192 248 2217 terre
266 2190 409 2219 Pisarum.

207 2246 221 2259 ‹‹
239 2235 357 2263 Factum
376 2244 477 2264 mense
489 2236 615 2273 Octobri,
633 2238 802 2267 indictionis
819 2239 930 2276 quinte,
954 2247 1005 2268 sex

172 2279 320 2309 millesimi
354 2282 559 2310 sexcentesimi
589 2283 720 2312 vicesimi
751 2285 831 2319 anni,
857 2285 885 2312 in
903 2294 960 2322 quo
977 2288 1005 2314 et

172 2328 305 2354 nostrum
321 2326 403 2362 pium
420 2329 448 2356 et
464 2335 480 2355 a
495 2327 618 2356 Domino
634 2328 801 2357 ordinatum
818 2330 1002 2366 subsignavit
1018 2331 1040 2364 D

172 2369 341 2406 imperium.

207 2437 221 2452 ‹‹
238 2428 362 2457 ALEXlUS
378 2429 406 2457 in
431 2429 545 2458 Christo
575 2431 633 2459 Deo
661 2431 756 2460 fidelis
787 2432 946 2469 imperator
975 2441 1003 2471 et

171 2471 338 2500 moderator
353 2473 533 2503 Romeorum
550 2476 728 2504 Comnanus.
746 2486 760 2501 ι)

208 2529 323 2558 Domini
340 2539 405 2559 vero
419 2532 562 2561 Manuelis
580 2534 622 2562 sic
640 2543 645 2562 :

207 2595 221 2608 α
238 2582 412 2612 Fidelissimi
429 2585 550 2622 imperio
568 2589 666 2615 nostro
682 2588 780 2616 Pisaui
810 2589 906 2625 adepti
938 2590 999 2617 fue-

171 2629 314 2665 runtjam
332 2628 361 2656 in
378 2637 485 2666 magna
501 2631 582 2667 urbe,
597 2640 648 2668 per
658 2633 866 2670 chrysobulum
884 2641 1000 2671 semper

173 2674 357 2704 memorandi
375 2675 419 2703 avi
445 2675 560 2712 imperii
575 2677 678 2712 nostri,
695 2681 723 2707 et
739 2687 857 2707 rursum
882 2688 999 2716 semper

172 2720 354 2750 memorandi
385 2720 496 2749 domini
521 2723 550 2750 et
578 2722 670 2758 patris
686 2723 871 2753 celsitudinis
887 2727 995 2761 nostra,

172 2766 320 2795 embolum
336 2768 365 2795 et
381 2766 490 2795 scalam
507 2767 535 2795 et
550 2766 714 2804 ecclesiam,
732 2770 892 2798 secundum
919 2771 994 2806 quod

1052 307 1122 332 sunt
1138 306 1203 340 (44).
1220 305 1362 338 Quoniam
1378 314 1444 334 vere
1459 308 1526 334 ante
1540 308 1655 342 tempus
1667 307 1703 334 ob
1733 307 1858 342 quasdam

1051 357 1156 377 causas
1172 350 1263 378 voluit
1278 351 1434 387 imperium
1451 353 1585 378 nostrum
1614 351 1781 386 hujusmodi
1806 351 1861 380 loca

1051 401 1094 421 ωε
1119 396 1242 428 mutare,
1260 394 1361 430 eisque
1377 402 1429 430 pro
1445 394 1491 422 bis
1503 394 1566 421 dari
1581 393 1637 422 alia
1652 394 1730 422 ultra
1743 394 1771 421 in
1786 395 1862 430 parti-

1051 437 1106 465 bus
1122 438 1237 474 magnis
1251 439 1334 466 urbis
1349 439 1502 474 oppositis,
1519 439 1576 474 ipsi
1592 441 1689 466 autem
1708 439 1863 466 accedentes

1051 482 1203 510 clementia
1220 485 1317 511 nostra
1333 483 1574 520 supplicaverunt
1589 485 1622 511 ut
1637 483 1692 512 hoc
1708 491 1764 511 non
1785 483 1864 519 ﬁeret,

1049 535 1150 555 verum
1167 530 1266 556 essent
1281 529 1310 555 in
1335 528 1523 564 possessione
1552 536 1650 556 eorum
1682 536 1738 564 que
1765 529 1865 564 pridem

1050 572 1206 607 habebant,
1223 573 1365 601 serenitas
1380 573 1495 609 imperii
1512 573 1603 600 nostri
1620 573 1660 601 sic
1676 573 1737 600 fieri
1761 581 1866 600 conces-

1049 617 1096 645 sit.
1123 619 1156 644 Et
1181 617 1320 653 quoniam
1335 617 1465 654 oportuit
1480 619 1698 646 sacramentum
1714 617 1750 645 ab
1764 616 1799 644 iis
1813 617 1864 644 ﬁeri

1049 661 1172 697 imperio
1188 664 1287 690 nostro
1303 662 1474 697 hujusmodi
1491 661 1597 698 negotii
1615 662 1720 698 gratia,
1751 661 1863 697 priorem

1050 707 1269 734 conventionem
1296 708 1324 734 et
1352 709 1537 734 sacramenta
1563 715 1661 734 eorum
1676 707 1866 741 corroborans,

1049 753 1078 779 et
1093 751 1202 788 quippe
1218 751 1253 779 ad
1270 753 1401 779 nostram
1418 751 1605 779 serenitatem
1622 750 1710 788 legati
1727 751 1762 779 ab
1778 751 1867 787 hujus-

1050 796 1129 824 modi
1145 798 1222 824 terra
1238 796 1374 831 equidem
1400 798 1605 832 pervenerunt,
1629 795 1867 832 prudentissimus

1048 841 1184 869 videlicet
1199 841 1301 869 consul
1317 841 1489 877 hujusmodi
1506 843 1580 868 terre
1596 840 1745 875 Albertus,
1761 842 1789 868 et
1802 847 1866 875 cum

1049 894 1082 914 eo
1107 886 1197 921 judex
1223 886 1413 922 Burgundius
1437 888 1466 914 et
1485 894 1583 914 comes
1597 887 1726 921 Marcus,
1742 887 1770 913 et
1784 885 1866 913 fecere

1049 930 1172 966 imperio
1188 932 1288 959 nostro
1304 931 1532 964 sacramentum,
1548 929 1651 958 consul
1669 930 1788 966 quidem
1803 929 1867 957 noti-

1049 974 1197 1003 ﬁcandum
1213 977 1430 1003 sacramentum
1448 975 1489 1003 sic
1503 976 1666 1003 secundum
1682 975 1770 1003 verba
1784 974 1866 1002 conti-

1049 1027 1124 1048 nens
1139 1028 1145 1047 :
1166 1029 1177 1044 ι
1194 1020 1253 1056 Ego
1268 1020 1371 1048 consul
1383 1019 1527 1055 Pisarum,
1540 1020 1655 1056 legatus
1671 1020 1707 1048 ad
1724 1019 1862 1047 dominam

1051 1067 1215 1092 «nostrum
1236 1065 1441 1101 imperatorem
1471 1065 1672 1093 Romanorum
1705 1066 1734 1092 et
1762 1071 1866 1100 semper

1052 1120 1066 1135 ‹‹
1083 1111 1239 1145 augustum
1252 1109 1405 1138 dominum
1417 1109 1581 1137 Manuelem
1594 1109 1865 1146 Porphyrogenitum

1050 1165 1064 1179 (ι
1081 1154 1354 1190 Comnanum,juro
1370 1162 1404 1182 ex
1418 1156 1553 1190 precepto
1569 1156 1596 1182 et
1611 1153 1764 1181 voluntate
1784 1152 1866 1181 archi-

1052 1210 1065 1224 «
1083 1198 1212 1235 episcopi
1232 1199 1333 1230 nostri,
1353 1198 1521 1233 consulum,
1538 1200 1710 1227 senatorum
1727 1200 1756 1226 et
1770 1197 1868 1233 relique

1053 1254 1067 1269 ιι
1082 1246 1158 1271 terre
1182 1243 1315 1271 Pisarum
1339 1252 1460 1279 presens
1476 1246 1697 1272 sacramentum
1715 1252 1722 1271 :
1739 1242 1864 1279 quoniam

1051 1299 1066 1313 «
1084 1288 1119 1316 ob
1136 1288 1278 1324 quasdam
1295 1288 1422 1316 rationes
1449 1288 1554 1316 accidit
1581 1296 1634 1315 nos
1664 1288 1701 1316 ad
1732 1286 1866 1315 modicum

1052 1344 1066 1358 α
1083 1333 1224 1360 removeri
1240 1333 1276 1361 ab
1293 1333 1330 1360 iis
1347 1341 1403 1370 que
1418 1333 1447 1360 in
1464 1341 1572 1369 magna
1587 1332 1660 1361 urbe
1685 1332 1866 1362 habebamus,

1052 1388 1065 1403 «
1082 1377 1214 1406 videlicet
1242 1377 1374 1413 ecclesia,
1403 1377 1517 1406 embolo
1546 1379 1574 1406 et
1594 1377 1685 1411 scala,
1703 1377 1780 1405 datis
1795 1375 1868 1404 nobis

1052 1433 1066 1448 ‹‹
1082 1431 1135 1459 pro
1159 1423 1374 1451 restauratione
1401 1422 1466 1450 aliis
1493 1422 1522 1450 in
1551 1422 1687 1458 partibus
1718 1430 1774 1458 que
1801 1420 1866 1448 ultra

1051 1478 1066 1492 ‹‹
1082 1469 1161 1502 sunt,
1191 1476 1270 1495 nunc
1300 1469 1397 1496 autem
1426 1475 1459 1496 ex
1481 1469 1615 1504 precepto
1631 1465 1817 1503 imperatoris
1831 1473 1866 1492 re-

1053 1524 1067 1539 ι(
1083 1513 1177 1542 stituti
1193 1521 1298 1542 sumus
1313 1514 1342 1541 in
1356 1521 1389 1541 ea
1405 1520 1460 1549 que
1475 1512 1594 1548 quidem
1603 1508 1866 1547 habebamuszquod

1053 1568 1068 1584 «
1081 1558 1301 1586 observabimus
1317 1566 1370 1586 nos
1386 1560 1414 1586 et
1428 1559 1506 1586 terra
1521 1557 1654 1585 Pisarum
1672 1557 1807 1585 universa
1816 1557 1867 1591 juc-

1054 1613 1068 1628 (ι
1083 1603 1193 1630 tificato
1209 1603 1379 1639 imperatori
1402 1601 1648 1639 Porphyrogenito
1675 1601 1793 1630 domino
1819 1601 1868 1626 Ma-

1055 1659 1069 1674 α
1085 1648 1163 1676 nueli
1188 1648 1349 1683 Comnano,
1365 1647 1523 1676 heredibus
1539 1649 1568 1675 et
1582 1647 1801 1675 successoribus
1814 1645 1868 1680 ejus

1054 1695 1112 1722 «et
1138 1693 1289 1729 Romanie,
1319 1693 1406 1721 ﬁdem
1434 1694 1462 1721 et
1491 1692 1622 1720 debitum
1652 1692 1731 1727 quod
1760 1690 1869 1719 debebat

1054 1751 1068 1765 «
1085 1741 1164 1767 terra
1179 1739 1285 1767 Pisana
1301 1738 1423 1775 imperio
1438 1737 1502 1775 ejus
1513 1746 1548 1766 ex
1562 1737 1677 1774 pridem
1704 1737 1788 1765 factis
1810 1743 1868 1763 cou-

1057 1795 1068 1809 ι
1085 1783 1272 1812 ventionibus
1300 1785 1328 1812 et
1353 1782 1546 1811 sacramentis
1560 1790 1677 1818 semper
1694 1779 1869 1810 memorando

1057 1828 1266 1865 «imperatori,
1298 1828 1416 1856 domino
1446 1827 1544 1856 Alexio
1572 1828 1739 1863 Comnano,
1768 1825 1868 1862 ipsique

1056 1885 1069 1899 ‹‹
1087 1873 1333 1910 Porphyrogenito
1362 1874 1390 1901 et
1417 1871 1586 1909 imperatori
1614 1872 1736 1900 domino
1755 1867 1867 1899 Manueli

1059 1928 1072 1945 α
1086 1918 1234 1946 Comnano
1249 1927 1256 1952 ;
1287 1919 1316 1946 et
1347 1918 1372 1946 si
1402 1917 1512 1954 aliquid
1529 1917 1639 1945 factum
1654 1919 1700 1945 est
1715 1925 1731 1945 α
1744 1918 1817 1944 terra
1830 1913 1867 1941 Pi-

1058 1974 1071 1989 ι(
1089 1971 1161 1991 sana
1176 1962 1262 1990 alicui
1277 1964 1414 1990 coronato
1430 1961 1474 1990 vel
1498 1969 1555 1989 non
1586 1962 1726 1989 coronato
1755 1960 1788 1988 ad
1813 1956 1867 1986 irri-

1058 2019 1072 2033 ‹‹
1086 2007 1228 2036 tationem
1260 2009 1398 2043 spectans
1425 2006 1596 2042 hujusmodi
1612 2005 1830 2034 conventionum
1845 2002 1868 2029 et

1059 2063 1073 2078 «
1090 2053 1353 2085 sacramentorum,
1369 2059 1421 2087 pro
1436 2059 1494 2079 non
1511 2051 1586 2078 facto
1601 2049 1784 2086 reputabitur
1798 2045 1867 2076 illud.

1061 2107 1074 2124 ε
1089 2099 1213 2125 Presens
1227 2104 1296 2125 vero
1313 2098 1529 2124 sacramentum
1547 2096 1653 2124 debent
1670 2095 1762 2123 facere
1785 2094 1811 2121 et
1831 2100 1868 2119 re-

1059 2154 1073 2168 (ι
1087 2150 1194 2170 novare
1222 2143 1251 2170 et
1279 2141 1415 2170 consules
1443 2143 1472 2169 et
1490 2140 1593 2176 reliqui
1610 2139 1787 2168 habitatores
1801 2137 1867 2165 Pisa-

1059 2195 1155 2215 «rum
1185 2187 1348 2215 secundum
1379 2184 1632 2214 consuetudinem.
1662 2185 1699 2213 Et
1728 2184 1801 2212 sicut
1825 2181 1867 2208 hec

1060 2244 1074 2258 (ι
1090 2233 1155 2268 iuro
1185 2232 1248 2260 sine
1275 2231 1378 2259 fraude
1407 2233 1436 2259 et
1451 2230 1527 2259 malo
1544 2229 1672 2266 ingenio,
1689 2230 1731 2258 sic
1748 2231 1816 2257 Deus
1830 2232 1866 2253 me

1061 2289 1075 2303 (ι
1091 2277 1217 2313 adjuvet,
1235 2277 1336 2304 sancta
1352 2275 1401 2304 Dei
1416 2275 1566 2312 evangelia
1594 2277 1623 2303 et
1650 2273 1823 2303 honorabilis
1844 2271 1866 2298 et

1059 2333 1072 2348 α
1087 2322 1202 2350 vivifica
1216 2329 1296 2349 crux.
1308 2331 1321 2346 ››
1332 2336 1363 2341 -
1379 2331 1389 2346 ι
1403 2320 1495 2348 Judex
1510 2327 1575 2348 vero
1592 2319 1776 2355 Burgundius
1790 2318 1814 2345 et
1827 2322 1864 2343 c0-

1061 2378 1074 2393 «
1091 2375 1153 2395 mes
1167 2367 1283 2394 Marcus
1298 2366 1340 2394 sic
1351 2365 1526 2401 juraveruut
1540 2363 1777 2401 etipsi-»—«Nos
1787 2360 1864 2390 Judex

1062 2423 1075 2440 α
1090 2411 1276 2448 Burgundius
1291 2414 1317 2439 el
1333 2418 1430 2439 comes
1460 2411 1585 2444 Marcus,
1617 2409 1701 2437 missi
1729 2406 1810 2445 legati
1835 2403 1862 2432 ad

1057 2469 1071 2483 «
1086 2458 1234 2494 potentem
1262 2456 1468 2492 imperatorem
1490 2455 1666 2483 Romeorum
1682 2453 1863 2489 Porphyrng-

1061 2513 1071 2528 ι
1088 2501 1183 2530 nitum
1200 2500 1353 2529 dominum
1369 2499 1533 2528 Manuelem
1549 2500 1729 2528 Comnanum
1743 2495 1863 2526 acivitale

1058 2558 1072 2573 «
1089 2546 1349 2582 Pisana,juramus
1363 2553 1451 2581 super
1470 2545 1572 2573 sancta
1599 2544 1649 2572 Dei
1679 2541 1818 2578 evangelia
1841 2539 1863 2566 et

1056 2602 1070 2616 ‹(
1086 2590 1288 2618 bonorabilem
1313 2592 1341 2618 et
1363 2589 1506 2618 viviﬁcam
1522 2596 1649 2624 crucem,
1666 2587 1741 2624 quod
1756 2591 1860 2631 eonvren:

1056 2647 1069 2661 ‹‹
1087 2635 1195 2664 tionem
1213 2636 1320 2664 factam
1350 2642 1467 2671 semper
1496 2633 1685 2661 memorando
1713 2630 1860 2667 imperatori

1055 2691 1068 2706 «
1085 2680 1204 2708 domino
1232 2680 1331 2709 Alexio
1359 2681 1518 2713 Comnano,
1535 2680 1563 2706 et
1578 2677 1695 2706 domino
1708 2678 1799 2705 nostro
1813 2673 1856 2700 im-

1052 2737 1066 2751 ‹‹
1083 2725 1209 2761 peratori
1221 2727 1248 2754 et
1263 2723 1511 2762 Porpbyrogeuito
1529 2722 1647 2751 domino
1663 2719 1781 2751 Manueli
1792 2720 1858 2746 Com-

1053 2781 1063 2795 α
1082 2779 1157 2799 nano
1173 2779 1190 2799 a
1205 2770 1322 2799 civitate
1346 2771 1463 2805 Pisans,
1493 2777 1583 2805 quam
1611 2767 1712 2796 consul
1739 2765 1853 2795 Pisarum

211 2863 265 2901 (Ui)
283 2865 422 2898 Videntur
436 2866 483 2897 hic
500 2865 642 2897 excidisse
658 2865 683 2894 οἱ
698 2868 871 2906 περιορισμιιὶ
888 2870 1001 2901 instruu

1055 2869 1077 2899 ti
1091 2869 1182 2900 illius.
