1973 3154
110 174 163 205 481

678 174 871 206 NOVELLIE
893 176 1242 210 CONSTlTUTIONES.

1752 192 1809 222 482

110 252 122 266 (ι
137 239 272 268 Albertus
283 239 403 276 juravit,
416 239 451 268 ad
468 240 608 268 honorem
624 240 809 277 imperatoris
826 242 926 270 obser-
941 252 968 284 Α
985 244 1146 279 practicum
1163 245 1267 274 horum
1284 248 1473 285 tradieionis;
1491 252 1567 287 quod
1583 253 1633 281 ﬁet
1653 255 1808 285 notificatis

111 298 120 311 ε
135 286 266 314 vabimus
281 285 407 313 ﬁdeliter
419 287 447 314 et
462 294 525 319 nos,
542 288 571 314 et
594 287 736 315 faciemus
760 287 927 315 confirmari

109 341 122 355 «
138 330 172 358 ab
188 330 324 358 universa
351 329 465 358 civitate
490 330 595 359 Pisans.
616 331 679 359 sine
703 331 813 360 fraude.
837 332 871 360 Et
887 331 928 361 sic

111 375 270 410 ajuramus
296 374 346 403 hec
366 374 430 402 sine
454 375 556 403 fraude
581 377 609 403 et
643 375 719 404 malo
745 376 875 412 ingenio,
901 378 929 404 et

111 431 123 446 ‹‹
137 420 220 447 ﬁrma
256 419 487 448 observabimus.
527 419 574 448 Sic
604 423 680 449 Deus
718 429 772 449 nos
800 421 927 457 adjuvet,

110 466 239 493 «sancta
261 464 311 492 Dei
335 464 486 501 evangelia
509 467 537 493 et
557 465 738 494 honorabilis
764 468 792 494 et
817 466 930 494 vivifica

109 520 123 535 ((
138 518 215 538 crux.
235 519 250 534 ))

142 574 155 588 ‹‹
180 564 253 591 Ecce
275 565 303 591 et
326 563 484 600 imperium
514 566 648 593 nostrum
675 565 844 594 corroborat
880 573 930 601 per

109 616 227 644 presens
243 608 454 644 chrysobulum
469 609 601 646 sigillum
618 618 705 638 suum
723 618 832 638 munus
851 610 929 646 quod

109 653 254 681 habebant
269 652 300 681 in
315 653 464 682 notificato
475 654 543 690 jure
558 662 575 682 a
600 662 716 691 semper
739 654 929 683 memorando

108 697 282 734 imperatore
297 698 415 727 domino
430 700 459 726 et
482 701 565 735 patre
592 700 668 735 ejus,
691 701 720 728 et
743 700 829 736 jubet
845 700 930 728 ﬁrma

107 745 133 771 et
154 742 337 771 inviolabilia
364 751 535 780 permanere
568 744 644 772 facta
677 745 719 773 eis
751 744 930 781 chrysobula

107 796 191 824 super
214 787 372 816 collatione
396 787 568 823 hujusmodi
603 789 811 825 immobilium,
849 789 873 817 si
899 792 929 818 et

108 832 274 868 hujusmodi
291 834 368 860 terra
391 832 526 861 Pisarum
553 833 627 862 bene
643 834 777 862 observat
802 836 887 870 pacta
901 835 930 862 et

106 878 288 905 sacramenta
304 885 357 905 sua
372 885 428 913 que
445 877 567 913 imperio
584 880 695 913 nostro,
724 878 882 907 heredibus
898 880 927 907 et

107 921 324 950 successoribus
339 923 403 958 ejus
420 922 496 958 fecit,
513 923 548 951 ad
564 923 704 952 honorem
720 925 748 951 et
764 924 927 960 proficuum

106 966 217 1003 imperii
243 966 340 995 nostri
367 968 397 994 et
419 967 570 996 Romanie.
602 968 696 1004 Super
719 968 774 996 hoc
797 968 875 996 enim
899 970 929 997 et

107 1019 222 1047 presens
239 1011 357 1046 imperii
381 1011 473 1040 nostri
493 1011 625 1048 sigillum
642 1013 684 1041 eis
709 1013 849 1041 collatum
873 1014 927 1047 est,

107 1055 208 1083 debeas
224 1058 254 1084 et
273 1056 303 1084 in
319 1056 455 1092 congruis
471 1057 591 1085 secratis
608 1058 698 1085 sterni
721 1060 840 1094 propter
853 1058 929 1086 noti-

107 1099 281 1134 ﬁcationem,
297 1108 397 1129 mense
410 1100 498 1136 Julio,
516 1101 684 1130 indictionis
695 1102 788 1130 tertia.
807 1113 821 1127 n

137 1153 181 1181 Sic
187 1153 327 1189 equidem
334 1154 500 1189 hujusmodi
509 1155 693 1191 chrysobulis
700 1156 928 1190 continentibus,

105 1198 238 1233 quoniam
246 1198 390 1226 notiﬁcati
398 1198 485 1235 legati
497 1200 632 1236 superius
642 1200 747 1236 scripta
757 1201 931 1237 pepigerunt

106 1244 131 1270 et
143 1243 251 1278 scripto
271 1243 486 1279 subscriptione
501 1253 602 1272 eorum
612 1246 784 1273 conlirmato
798 1253 930 1281 compre-

107 1286 312 1322 henderunt,et
322 1291 505 1316 sacramento
517 1297 569 1318 ceu
582 1290 763 1318 notificatum
779 1293 823 1318 est
833 1298 930 1318 corro-

106 1332 289 1367 boraverunt,
303 1333 387 1367 jubet
402 1333 558 1369 imperium
571 1337 754 1370 nostrum,ea
767 1342 823 1371 que
842 1335 870 1362 in
880 1343 930 1362 su-

106 1377 198 1412 perius
213 1376 336 1412 scriptis
352 1377 536 1414 chrysobulis
553 1379 853 1416 comprehenduntur,
870 1381 930 1407 tam

105 1421 137 1448 de
152 1421 187 1449 iis
202 1429 262 1458 que
279 1430 296 1449 θ.
319 1421 434 1450 civitate
450 1422 556 1451 Pisans
584 1424 725 1452 Romanis
749 1424 825 1452 facta
849 1425 929 1457 sunt,

106 1474 188 1502 quam
205 1468 234 1494 et
243 1467 283 1494 de
295 1466 331 1494 iis
343 1475 424 1502 quea
435 1468 577 1496 Romanis
588 1468 660 1504 ipsis
672 1468 776 1497 collata
786 1468 931 1504 sunt,efii-

109 1511 213 1539 caciam
229 1514 259 1538 et
277 1510 531 1540 inviolabilitatem
548 1513 664 1541 habere.
693 1515 721 1541 et
736 1513 778 1541 sic
802 1512 931 1548 reputari

107 1558 136 1583 ut
151 1564 226 1583 nunc
239 1558 326 1592 pacta
336 1558 364 1584 et
375 1556 480 1584 collata
492 1566 498 1592 ;
511 1560 540 1585 et
551 1557 664 1585 restitui
677 1557 799 1594 preeipit
810 1558 931 1585 Pisanos

111 1600 136 1627 in
154 1601 292 1629 universa
303 1609 359 1636 que
372 1601 402 1629 in
415 1610 522 1639 magna
533 1603 604 1630 urbe
616 1602 689 1638 ipsis
700 1603 807 1630 donata
818 1602 930 1638 pridem

107 1643 221 1673 fuerunt
237 1654 252 1673 a
272 1653 388 1681 semper
404 1631 593 1674 memorando
609 1646 785 1682 imperatore
808 1649 837 1674 et
860 1655 927 1682 pro—
946 1631 967 1665 α

111 1697 158 1716 avo
173 1689 292 1725 imperii
308 1689 547 1729 nostri,_domino
564 1691 672 1727 Alexio,
698 1693 726 1720 et
742 1691 930 1719 desideratis-

109 1732 178 1761 simo
195 1736 303 1769 patruo
319 1733 501 1763 celsitudinis
518 1739 632 1770 nostrae,
649 1736 767 1764 domino
783 1735 929 1763 Manueli:

108 1778 253 1806 embolum
283 1778 427 1814 videlicet,
461 1779 639 1814 habitacula,
673 1780 826 1809 ecclesiam
862 1788 929 1808 cum

107 1822 192 1850 altera
207 1823 243 1851 ab
267 1823 341 1859 ipsis
365 1823 440 1851 infra
460 1825 528 1859 jura
551 1833 651 1853 eorum
678 1828 773 1854 erecta
796 1825 929 1858 ecclesia,

105 1866 301 1896 etlittoralem
327 1868 447 1902 scalam,
472 1870 636 1898 secundum
661 1871 738 1906 quod
753 1870 794 1898 eis
822 1871 930 1898 donata

105 1911 225 1947 fuerunt,
243 1914 275 1940 et
295 1913 459 1941 secundum
484 1913 560 1941 facta
586 1914 659 1950 ipsis
687 1915 815 1950 practice.
840 1923 930 1951 super

105 1956 260 1985 tradicione
274 1956 379 1985 borum
391 1957 432 1985 eis
441 1957 774 1995 facta.Largiturautem
785 1959 928 1996 eisimpe-

104 2001 175 2029 rium
191 2003 328 2030 nostrum
344 2004 373 2030 et
397 2003 580 2038 pensionalia
605 2005 791 2032 monastaerii
814 2005 926 2032 domini

102 2045 225 2080 Antonii,
242 2054 302 2082 que
316 2046 344 2074 in
361 2047 575 2083 faciendoipsis
592 2049 718 2084 practico
736 2049 927 2077 notiﬁcabun-

104 2091 156 2124 tur,
181 2090 322 2119 habentia
348 2100 398 2127 pro
423 2100 499 2120 anno
523 2092 645 2121 introitu
670 2094 722 2129 [ω]
751 2093 927 2122 nomismata

104 2142 239 2170 yperpera
254 2135 322 2168 246,
337 2137 366 2163 et
381 2135 491 2164 scalam
509 2137 732 2173 predeputatam
749 2138 778 2165 in
795 2139 854 2166 situ
870 2137 925 2166 loci

105 2178 257 2208 lcanatisse
285 2188 303 2208 a
328 2181 484 2209 serenitate
511 2184 612 2210 nostra
634 2182 779 2210 edificatio
805 2183 841 2210 ab
862 2183 926 2219 ipsa

104 2222 235 2260 hospitali
252 2225 282 2252 in
298 2225 406 2261 templo
421 2226 580 2254 venerabili
605 2229 777 2256 sanctorum
803 2237 924 2265 magno-

104 2275 163 2296 rum
179 2271 339 2297 Martorum
356 2269 563 2307 Quadraginta.
586 2272 723 2300 Concedit
747 2275 843 2301 autem
860 2273 923 2301 dari

983 288 1086 324 legatis
1100 297 1200 318 eorum
1217 299 1233 318 a
1247 294 1448 327 grammaticis
1464 295 1578 332 imperii
1594 300 1696 335 nostri,
1710 301 1807 329 Pedia-

984 333 1045 361 dita
1067 335 1256 364 Constantino
1278 340 1306 365 et
1338 338 1501 368 clarissimo
1538 333 1806 378 protonobiiissimo

983 377 1082 412 Sergio
1097 378 1203 413 Goliva,
1219 383 1247 408 et
1263 389 1279 408 a
1293 381 1466 412 desunotato
1478 377 1666 417 Constantino
1683 391 1805 427 Petiota,

984 422 1061 457 quod
1088 425 1116 450 et
1139 423 1170 451 in
1195 427 1334 461 congruis
1367 430 1489 458 secretis
1511 432 1602 460 sterni
1630 433 1715 463 debet
1739 422 1806 465 cum

985 467 1112 502 presenti
1146 468 1321 505 chrysobulo
1354 472 1470 509 imperii
1494 476 1608 511 nostri;
1634 480 1663 506 et
1701 479 1808 509 habere

984 511 1108 540 Pisanos
1123 513 1275 542 universos
1291 515 1445 546 introitum
1469 527 1570 548 eorum
1601 526 1764 558 prescntem
1781 528 1808 553 et

985 555 1118 584 futurum
1143 566 1177 585 ex
1203 561 1527 595 superedilicationibus
1560 555 1701 603 ips-orum,
1734 578 1807 606 quas

983 603 1061 632 infra
1086 607 1228 635 terminos
1249 608 1321 644 ipsis
1344 612 1468 640 traditos
1505 613 1620 650 facient,
1654 625 1808 654 quousque

985 649 1096 686 civitas,
1127 660 1217 687 quam
1247 653 1332 682 debet
1357 655 1479 692 imperio
1514 661 1624 695 nostro,
1650 649 1808 692 heredibus

984 696 1013 722 et
1027 696 1247 725 successoribus
1259 699 1323 734 ejus
1340 699 1454 737 ipsique
1465 705 1705 741 RomanieJidem
1721 710 1808 744 atque

984 739 1135 768 servitium
1151 745 1312 777 conservat,
1329 746 1357 772 et
1373 748 1449 774 terra
1465 748 1569 777 Pisana
1584 739 1617 778 ac
1632 751 1728 787 ipsum
1744 739 1807 789 ejus

984 792 1141 813 commune
1156 785 1340 816 inviolabiter
1354 792 1382 817 ct
1397 790 1460 819 sine
1481 785 1684 832 diminutione,
1702 785 1806 826 secun.

985 828 1055 857 dum
1071 831 1293 860 conventionem
1311 834 1450 870 scriptam
1462 845 1479 864 a
1494 828 1691 874 supranotatis
1705 850 1806 871 eorum

983 872 1087 909 legatis
1114 875 1221 904 factam
1250 879 1277 904 et
1302 879 1438 914 superius
1469 872 1630 919 recitatam,
1655 894 1711 921 que
1734 889 1763 915 et
1790 896 1807 916 a

943 943 967 975 Β
984 921 1127 953 potestate
1142 919 1274 955 ejusdem
1287 922 1413 952 civitatis
1429 927 1456 953 et
1484 928 1560 955 terre
1584 919 1688 959 Pisans
1704 933 1733 960 et
1748 941 1807 961 me-

983 961 1105 975 l:-_:L.._
1123 964 1219 975 “3-4”,-
1272 968 1276 975 |
1348 968 1354 973 -
1487 971 1491 975 .
1536 973 1540 975 .
1590 974 1607 975 η

983 961 1106 991 tioribus
1122 964 1237 994 Pisanis
1252 968 1280 994 et
1306 968 1441 998 universa
1466 971 1648 1007 plenitudine
1671 976 1804 1006 Pisarum

979 1007 1074 1042 jurari
1090 1008 1214 1036 debetin
1231 1013 1378 1046 presentia
1393 1023 1482 1051 super
1499 1016 1552 1045 hoc
1569 1018 1665 1054 ipsum
1685 1021 1806 1050 mitten—

982 1052 1086 1080 dorum
1097 1053 1250 1082 hominum
1267 1056 1381 1092 imperii
1397 1061 1499 1095 nostri,
1509 1064 1538 1089 et
1553 1052 1704 1093 annuatim
1716 1075 1804 1095 reno-

984 1097 1054 1130 vari,
1081 1099 1244 1127 secundum
1277 1103 1354 1137 quod
1388 1105 1553 1139 specialiter
1577 1115 1610 1136 ea
1634 1117 1691 1145 que
1715 1110 1805 1147 hujus

983 1141 1102 1177 capituli
1119 1145 1199 1178 sunt,
1216 1153 1333 1181 semper
1346 1151 1534 1178 memorando
1560 1141 1740 1189 imperatori,
1754 1141 1806 1192 pa-

986 1187 1050 1214 truo
1066 1187 1181 1223 imperii
1198 1190 1300 1225 nostri,
1316 1191 1435 1221 domino
1459 1187 1612 1231 Manueli;
1623 1201 1705 1234 pacta
1725 1187 1804 1229 sunt.

986 1235 1130 1264 Fruentur
1145 1240 1242 1266 autem
1268 1242 1297 1267 et
1320 1241 1453 1270 libertate
1477 1245 1611 1274 universa
1637 1248 1665 1275 in
1692 1249 1806 1279 duobus

985 1280 1113 1308 recitatis
1140 1281 1323 1319 chrysobulis
1351 1288 1562 1323 comprehensa
1585 1294 1762 1329 commercii,
1779 1296 1808 1323 et

986 1325 1165 1361 reliquorum
1182 1328 1313 1357 omnium
1329 1331 1524 1366 capitulorum
1550 1344 1605 1371 quc
1627 1337 1656 1365 in
1681 1339 1722 1366 eis
1735 1347 1806 1367 con-

985 1370 1298 1406 tinentur,exhibentes
1314 1375 1349 1404 de
1364 1379 1480 1406 centum
1493 1379 1508 1406 4
1525 1370 1583 1408 tam
1601 1381 1628 1409 in
1644 1391 1750 1419 magna
1762 1394 1808 1412 ur-

986 1414 1020 1442 be
1037 1423 1125 1450 quam
1141 1415 1170 1443 in
1184 1419 1287 1447 ceteris
1304 1421 1388 1448 terris
1405 1425 1503 1451 nostre
1513 1425 1557 1460 pie
1568 1414 1805 1463 tranquillitatis:

987 1472 1044 1513 non
1058 1464 1153 1493 solum
1169 1468 1205 1495 de
1218 1467 1254 1495 iis
1270 1477 1325 1504 que
1341 1470 1376 1498 de
1400 1471 1504 1501 alienis
1528 1475 1659 1510 partibus
1683 1478 1718 1505 ab
1735 1478 1808 1514 ipsis

985 1508 1015 1536 in
1032 1511 1204 1539 Romaniam
1230 1513 1391 1542 atteruntur
1416 1508 1559 1547 universis
1579 1508 1806 1558 mercibus,-ve-

986 1562 1051 1581 rum
1067 1554 1155 1582 etiam
1169 1556 1204 1584 de
1219 1557 1255 1585 iis
1270 1567 1325 1593 que
1340 1560 1376 1587 de
1402 1563 1486 1590 terris
1512 1563 1650 1593 Romanis
1673 1567 1709 1593 ab
1729 1554 1807 1603 ipsis

985 1601 1124 1626 emuntur
1139 1602 1166 1628 et
1181 1601 1209 1628 in
1227 1610 1333 1638 magna
1349 1605 1420 1633 urbe
1436 1606 1478 1634 vel
1492 1607 1557 1635 aliis
1568 1610 1654 1637 terris
1668 1601 1808 1640 Romanis

986 1643 1163 1672 venduntur.
1188 1645 1368 1683 Quamquam
1404 1650 1482 1679 enim
1507 1654 1535 1679 et
1568 1661 1601 1681 ex
1631 1655 1807 1692 chrysobulo

985 1686 1059 1723 ipsis
1075 1689 1150 1716 facto
1174 1691 1273 1725 proavi
1298 1691 1413 1728 imperii
1440 1697 1544 1731 nostri,
1568 1686 1808 1735 semper-memo-

985 1732 1069 1760 randi
1084 1734 1269 1770 imperatoris
1291 1737 1403 1766 domini
1426 1739 1517 1769 Alexii
1541 1732 1692 1778 Comnani,
1717 1747 1749 1774 ut
1764 1745 1808 1774 vel

986 1779 1018 1804 ut
1049 1778 1149 1806 Romei
1182 1783 1354 1816 reputentur
1391 1783 1447 1820 ipsi
1490 1786 1519 1814 in
1554 1789 1699 1817 mercibus
1732 1798 1808 1825 quas

985 1821 1020 1850 de
1049 1823 1191 1852 Romanis
1219 1829 1332 1860 emunt,
1360 1828 1590 1860 determinatum
1627 1836 1682 1866 est,
1715 1821 1808 1862 id-em-

984 1875 1040 1903 que
1055 1870 1263 1898 commercium
1281 1872 1350 1899 dent
1365 1873 1399 1901 de
1416 1874 1451 1902 iis
1467 1877 1543 1911 quod
1559 1879 1588 1905 et
1603 1879 1702 1907 Romei
1719 1880 1808 1914 dant;

984 1912 1034 1939 sed
1062 1915 1160 1941 tamen
1189 1914 1345 1951 imperium
1373 1922 1505 1948 nostrum
1545 1923 1667 1951 multam
1706 1933 1808 1953 eorum

983 1957 1165 1986 devotionem
1188 1961 1217 1987 et
1240 1961 1328 1989 [idem
1357 1971 1562 2000 remunerans,
1592 1967 1752 1996 liberaliter
1779 1971 1808 1997 et

983 2010 1072 2037 super
1087 2003 1141 2030 hoc
1166 2004 1328 2040 capitulum
1353 2016 1421 2043 erga
1444 2017 1493 2037 eos
1521 2011 1592 2047 agit,
1618 2014 1646 2040 et
1661 2013 1676 2040 4
1693 2014 1727 2041 de
1744 2022 1810 2041 cen-

984 2048 1045 2074 tum
1063 2050 1176 2076 tantum
1194 2049 1262 2077 dare
1286 2059 1335 2078 eos
1357 2053 1442 2087 jubet
1466 2056 1494 2081 et
1518 2055 1546 2082 in
1568 2057 1714 2085 mercibus
1730 2058 1808 2094 ipso-

982 2099 1048 2118 rum
1065 2100 1139 2127 quas
1155 2093 1190 2120 de
1211 2095 1352 2122 Romania
1367 2097 1503 2133 equidem
1532 2102 1644 2128 emunt.
1663 2104 1810 2130 Fruentur

981 2134 1072 2171 igitur
1089 2136 1184 2164 Pisoni
1200 2137 1335 2168 libertate
1352 2141 1423 2176 ipsis
1444 2142 1550 2171 collata
1575 2153 1591 2172 a
1608 2148 1707 2174 nostra
1731 2154 1808 2175 seres

981 2179 1072 2207 nitate
1086 2182 1115 2208 et
1130 2182 1268 2211 omnibus
1284 2184 1356 2220 ipsis
1372 2186 1497 2222 donatis,
1522 2197 1573 2216 ceu
1597 2190 1734 2226 superius
1759 2200 1810 2227 pa-

985 2224 1124 2252 tefactum
1148 2228 1202 2260 est,
1226 2230 1254 2255 et
1285 2230 1500 2260 amovebuntur
1521 2233 1557 2261 ab
1580 2224 1806 2272 his—nunquam.

980 2274 1118 2306 Quamvis
1133 2276 1210 2303 enim
1228 2276 1398 2312 hujusmodi
1414 2281 1513 2309 omnia
1525 2282 1588 2317 jam
1613 2284 1721 2312 tradita
1746 2285 1805 2313 fue-

105 2314 131 2340 et
153 2322 270 2342 rursum
298 2314 400 2343 Pisans
425 2315 545 2344 ecclesia
580 2317 739 2345 constituta
767 2317 793 2345 ei
829 2315 965 2347 annual)
984 2318 1040 2346 rint
1069 2321 1256 2349 monasteriis
1284 2325 1313 2350 et
1337 2325 1470 2360 personis
1495 2327 1603 2362 quibus
1627 2328 1680 2357 hec
1710 2329 1808 2358 ablata

106 2356 253 2393 solemnia,
273 2359 327 2386 500
351 2359 462 2388 scilicet
491 2369 631 2396 yperpera
655 2363 683 2389 et
705 2362 723 2388 2
748 2362 838 2398 pallia
855 2365 930 2391 utet

109 2401 141 2429 ab
155 2402 280 2439 imperio
301 2406 400 2432 nostro
424 2404 450 2432 ei
477 2413 555 2433 nunc
580 2406 751 2442 constituta,
780 2408 815 2435 ob
842 2408 928 2436 {idem

110 2454 189 2481 quam
203 2448 306 2476 civitas
321 2449 406 2477 debet
421 2451 449 2477 et
465 2451 541 2478 terra
557 2450 663 2479 Pisana
679 2451 801 2487 imperio
827 2455 929 2481 nostro

111 2493 136 2518 et
151 2492 298 2520 servitium
315 2494 389 2528 ejus.
406 2494 492 2522 Addit
508 2503 624 2530 quoque
640 2496 683 2524 eis
698 2498 726 2524 et
740 2496 797 2524 alia
807 2505 928 2534 yperpe-

113 2543 140 2562 ra
157 2536 203 2564 l00
227 2537 376 2573 similiter,
401 2540 429 2566 et
454 2538 682 2568 honoratissimo
708 2541 928 2578 archiepiscopo

112 2578 239 2609 Pisarum
256 2583 500 2617 preconslitutum
517 2584 543 2611 ei
559 2593 691 2613 annuum
716 2586 868 2620 salarium,
894 2587 929 2614 60

113 2623 238 2654 videlicet
252 2635 393 2663 yperpera
407 2628 436 2656 et
452 2637 544 2656 unum
561 2629 694 2665 pallium,
712 2632 744 2658 ut
766 2633 795 2659 et
809 2631 836 2659 ei
851 2640 929 2660 nunc

114 2670 300 2699 constitutum
316 2672 352 2699 ab
368 2672 491 2708 imperio
507 2675 709 2703 nostro.Addit
724 2684 789 2703 vero
805 2684 929 2712 persons

115 2713 318 2752 archiepiscopi
338 2716 389 2752 qui
411 2725 489 2746 nunc
513 2721 559 2746 est
582 2721 611 2747 et
635 2719 692 2748 alia
713 2729 854 2756 yperpera
879 2730 929 2757 per

116 2757 241 2794 singulas
263 2769 356 2789 annos
371 2762 415 2790 40.
442 2763 477 2791 Et
491 2763 578 2798 jubet
607 2764 776 2800 hujusmodi
799 2767 898 2795 omnia
913 2775 930 2795 a

118 2805 193 2838 parte
205 2804 329 2834 civitatis
344 2809 372 2834 et
387 2809 463 2835 terre
483 2807 589 2836 Pisans
613 2809 758 2845 possideri
773 2810 827 2839 hoc
843 2812 929 2840 modo

119 2856 166 2883 per
179 2856 276 2878 omnes
287 2852 315 2879 et
326 2851 461 2881 assiduos
472 2861 576 2889 annos,
584 2855 747 2884 secundum
763 2855 928 2886 faciendum

984 2365 1062 2398 sunt,
1080 2366 1108 2392 et
1122 2365 1236 2394 Pisanis
1253 2368 1368 2402 tradita,
1385 2373 1514 2398 attamen
1531 2373 1671 2407 quoniam
1697 2376 1807 2402 iterum

985 2408 1154 2443 hujusmodi
1175 2412 1272 2440 Pisani
1297 2414 1352 2441 sub
1375 2415 1491 2444 servitio
1517 2417 1657 2446 Romanis
1682 2419 1808 2448 ordinati

984 2457 1054 2481 sunt
1077 2457 1106 2482 et
1131 2455 1286 2491 pristinam
1310 2467 1394 2486 suam
1419 2460 1506 2488 fidem
1537 2464 1625 2498 atque
1653 2464 1806 2493 servitium

985 2498 1107 2534 imperio
1133 2503 1243 2535 nostro,
1267 2503 1425 2532 heredibus
1446 2507 1474 2532 et
1499 2509 1720 2537 successoribus
1742 2510 1807 2546 ejus

983 2545 1012 2570 et
1040 2544 1187 2580 Comanie,
1214 2547 1368 2577 observare
1395 2551 1580 2586 juraverunt,
1617 2562 1735 2582 rursum
1764 2554 1807 2583 eis

983 2588 1081 2616 ablata
1095 2594 1164 2618 sunt
1177 2593 1205 2618 et
1221 2593 1356 2621 restituta
1374 2594 1641 2633 Pisanis,quoniam
1652 2599 1708 2635 ipsi
1719 2599 1805 2627 satis-

984 2633 1140 2662 factionem
1166 2644 1182 2663 a
1204 2636 1273 2665 fisco
1307 2638 1413 2667 habere
1444 2641 1568 2677 debent;
1594 2643 1617 2671 si
1643 2633 1708 2671 vero
1747 2651 1805 2671 non

984 2677 1149 2714 habuerint,
1167 2689 1224 2708 non
1245 2682 1351 2711 debent
1378 2684 1406 2712 in
1431 2685 1553 2714 Pisanos
1578 2695 1673 2722 agere,
1698 2687 1750 2715 sed
1777 2687 1805 2715 in

983 2722 1081 2758 ipsum
1098 2725 1213 2761 ﬁscum,
1231 2726 1306 2755 infra
1321 2729 1485 2764 legitimum
1500 2734 1626 2768 tempus.
1645 2733 1677 2759 Et
1692 2734 1806 2760 restau-

984 2769 1127 2797 rationem
1143 2770 1240 2806 adepti
1261 2772 1380 2808 l‘uerint,
1404 2775 1554 2804 habebunt
1577 2775 1805 2806 satisfactionem

985 2821 1036 2848 qer
1050 2813 1077 2841 id
1094 2815 1172 2850 quod
1189 2816 1324 2853 dabitur;
1342 2819 1367 2846 si
1383 2822 1482 2848 autem
1499 2829 1556 2848 non
1572 2821 1669 2857 adepti
1686 2821 1805 2858 fuerint,

983 2857 1133 2887 habebunt
1148 2868 1200 2896 pro
1225 2864 1307 2891 rato:
1324 2865 1464 2900 quoniam
1490 2865 1648 2901 imperium
1671 2857 1805 2897 nostrum
