1973 3154
198 190 256 220 467

858 186 985 217 ISAACI
1008 186 1151 216 ANGELI
1173 185 1256 216 1MP.

1833 188 1883 218 468

199 255 276 291 quod
294 263 370 282 nunc
384 254 442 282 dux
463 253 592 287 Venetie,
610 255 724 281 Aureus
748 253 888 289 magistro
904 254 1018 288 Petrus,
1034 253 1060 286 Α
1074 251 1211 279 vestiario
1227 251 1342 288 imperii
1358 251 1448 280 nostri
1461 251 1557 280 ablate
1566 254 1673 281 essent.
1691 252 1743 285 Qui
1760 254 1786 281 et
1796 253 1882 289 Jurare

196 299 316 336 juravit.

236 344 386 372 Debitores
415 343 477 371 ﬁsci
506 345 535 371 et
560 345 734 370 Itomeorum
770 342 892 370 reddent
927 341 1025 369 omnia

202 399 259 427 que
273 398 308 417 ex
331 388 427 417 debito
453 388 569 416 debent.
586 389 620 414 Et
648 387 673 414 si
701 387 815 414 debitor
840 395 898 414 non
927 386 1023 421 habet,

202 435 280 463 unde
303 434 435 462 debitum
447 433 559 465 reddat,
575 432 661 460 debet
681 431 807 460 creditor
818 431 924 459 habere
936 431 1024 466 justi-

202 480 273 508 tiam
298 479 333 506 de
348 477 478 506 debitore
491 487 497 511 ;
509 477 532 504 si
551 479 646 505 autem
663 476 709 505 his
724 476 838 510 obierit,
855 477 890 504 de
902 475 1024 504 haeredi-

202 524 258 551 bus
274 524 348 559 ejus.

238 567 355 601 ltem,si
372 566 510 594 inimicus
527 565 713 602 imperator-ie
728 565 912 593 celsitudinis
928 573 1025 600 super-

201 612 312 640 venerit
324 611 360 639 ad
377 611 612 647 impugnandum
639 612 746 638 terram
771 610 886 646 imperii
911 617 1023 643 eorum,

200 658 230 685 in
248 666 306 693 qua
324 655 451 684 Venetici
478 658 559 689 sunt,
576 655 682 683 debent
697 654 753 691 ipsi
780 655 934 682 defendere
949 662 1024 689 eam,

200 704 227 730 et
244 701 397 729 inimicum
414 699 556 736 expellere
573 700 608 728 ab
633 699 803 735 hujusmodi
820 702 908 733 terra,
925 698 1024 726 velluti

198 749 332 783 possunt,
350 746 425 774 bcna
441 745 496 772 ﬁde
512 747 540 772 et
557 744 620 772 sine
636 744 746 772 fraude.

235 792 313 818 Hanc
330 790 428 826 itaque
444 789 665 817 conventionem
683 789 798 816 ﬁrmam
814 790 842 816 et
860 796 1024 816 sacramen-

199 840 262 865 tum
289 837 407 864 ﬁrmum
433 835 562 864 Venetici
585 835 793 869 observabunt,
818 837 846 862 et
870 842 965 870 neque
987 834 1023 862 ob

201 881 312 909 illatam
328 881 370 909 eis
393 881 467 908 iram
494 888 610 916 semper
633 880 816 908 memorandi
840 878 1024 915 imperatoris

198 924 436 961 porphyrogeniti
451 923 560 952 domini
577 923 830 958 Manuelis,neque
844 923 880 950 ob
893 922 1022 958 aliquam

198 970 286 998 aliam
299 969 482 998 occasionem
493 969 536 996 eis
548 969 654 996 factum
666 967 835 1002 hujusmodi
853 974 1020 995 sacramen-

197 1017 260 1042 tum
276 1014 447 1050 infringent,
465 1021 558 1049 neque
574 1013 610 1040 ob
626 1014 813 1048 praceptum,
825 1011 868 1039 vel
885 1011 1021 1039 timorem

195 1059 322 1095 alicujus
337 1061 542 1086 coronatorum
561 1057 603 1085 vel
619 1066 676 1085 non
693 1059 910 1090 coronatorum,
927 1063 1022 1092 neque

194 1105 230 1132 ob
246 1103 478 1132 ecclesiasticam
493 1101 827 1130 excommunicationem
843 1100 885 1129 vel
902 1099 1021 1129 absolu-

196 1149 305 1177 tionem
318 1148 445 1183 alicujus
457 1148 696 1183 pontificum,aut
705 1146 798 1182 ipsius
806 1154 878 1182 papa
886 1145 1021 1173 Romani.

198 1193 290 1229 Igitur
307 1193 359 1220 hec
381 1191 479 1220 omnia
497 1191 622 1219 Venetici
647 1191 845 1219 observabunt
868 1190 944 1218 bona
967 1190 1023 1218 ﬁde

201 1239 230 1264 et
244 1237 308 1264 sine
322 1236 432 1270 fraude,
451 1244 605 1271 qucusque
627 1238 656 1263 et
671 1236 706 1263 ab
718 1235 841 1270 imperio
853 1235 916 1270 ejus
933 1236 961 1262 et
977 1235 1022 1262 fu—

203 1280 278 1308 turis
293 1280 520 1316 imperatoribus
545 1279 654 1315 integre
679 1282 886 1307 conserventur
908 1287 951 1311 ea,
968 1287 1024 1314 que

202 1324 418 1362 promittuntur
442 1324 525 1352 nobis
541 1333 558 1352 ιι
578 1324 695 1352 domino
721 1324 895 1359 imperatore
918 1324 1024 1351 Roma-

203 1378 308 1398 norum
324 1372 352 1396 et
367 1377 483 1404 semper
498 1372 621 1405 augusto
638 1368 756 1396 domino
767 1368 900 1404 Ysaakyo
915 1367 1024 1404 Angela

202 1422 254 1451 per
269 1412 479 1449 chrysobulum
495 1413 609 1449 imperii
623 1413 696 1448 ejus.

239 1458 298 1486 Hec
313 1457 431 1493 quidem
455 1460 535 1491 sunt,
553 1466 610 1493 que
634 1457 763 1485 Venetici
779 1458 902 1493 imperio
925 1459 1026 1485 nostro

202 1505 230 1530 et
245 1502 387 1530 Romanie
402 1510 453 1538 per
469 1502 689 1530 couventionem
708 1502 937 1537 spoponderunt.
950 1503 1025 1534 Quo-

201 1547 281 1575 niam
297 1555 365 1574 vero
381 1550 409 1574 et
434 1555 484 1583 per
505 1548 707 1582 juramentum
734 1546 787 1574 hec
811 1548 913 1575 eadem
936 1547 1026 1574 inani-

204 1593 296 1620 festus
311 1591 444 1619 videlicet
459 1591 518 1619 dux
532 1591 651 1619 Venetie
664 1593 693 1619 et
703 1591 881 1619 manifestati
899 1591 1026 1619 Venetici

1081 295 1196 329 debent,
1213 297 1290 332 quod
1307 297 1471 324 secundum
1487 300 1666 333 praeceptum
1683 297 1793 334 imperii
1809 301 1886 328 nostri

1081 341 1242 369 studebunt
1252 341 1381 369 invenire
1392 343 1420 369 et
1431 341 1562 377 accipere
1573 342 1745 378 hujusmodi
1756 351 1799 370 res
1809 344 1840 371 ad
1848 344 1888 372 ho-

1081 394 1180 413 norem
1203 385 1356 414 clementie
1372 389 1471 414 nostre
1486 388 1514 414 et
1531 387 1687 415 utilitatem
1708 387 1886 416 Venticorum.

1080 430 1114 457 Et
1126 430 1150 457 si
1167 430 1278 465 aliquid
1293 430 1328 458 de
1344 430 1402 458 hiis
1419 431 1568 458 venditum
1585 433 1677 465 est,et
1692 431 1797 460 dixerit
1808 432 1889 461 Vene-

1080 474 1156 502 ticus
1173 475 1375 503 fraudulenter
1390 475 1464 503 illud
1481 476 1542 504 fore
1556 476 1839 512 venditum,jurabit
1852 477 1890 505 ille

1080 520 1130 555 qui
1145 519 1286 555 vendidit,
1303 520 1380 556 quod
1398 520 1475 548 bona
1490 521 1548 548 ﬁde
1572 529 1633 548 rem
1648 521 1779 549 Venetici
1804 522 1890 550 vendi-

1080 563 1154 591 derit
1170 566 1198 591 et
1214 573 1265 600 pro
1281 566 1372 598 tanto,
1391 566 1499 600 quanto
1525 572 1588 592 eam
1611 565 1738 592 vendere
1763 565 1857 600 quivit,
1871 569 1893 593 et

1080 609 1155 644 quod
1175 617 1226 636 nec
1243 608 1308 645 plus
1323 609 1391 637 inde
1407 610 1551 645 acceperit
1577 618 1629 637 nec
1653 611 1826 646 accepturus
1847 613 1891 643 est,

1080 652 1135 680 nisi
1152 655 1295 688 quantum
1312 653 1395 686 dixit,
1412 653 1436 681 si
1462 654 1645 690 propinquus
1672 654 1789 690 imperii
1814 655 1891 682 nostri

1081 706 1137 725 non
1154 697 1250 725 fuerit.
1268 700 1466 726 Veruntamen
1483 701 1511 726 et
1534 699 1569 726 de
1594 698 1773 735 propinquis
1795 698 1893 727 celsitu-

1079 742 1157 770 dinis
1174 745 1272 770 nostre
1287 745 1315 771 et
1330 743 1365 770 de
1389 743 1454 771 aliis
1479 743 1566 772 debet
1583 743 1644 771 ﬁeri
1672 745 1763 772 cauta
1782 743 1893 779 justitis,

1079 787 1241 815 secundum
1258 788 1334 823 quod
1357 788 1474 816 deberet
1490 788 1551 815 ﬁeri
1569 797 1620 824 pro
1636 788 1727 817 rebus
1749 788 1851 817 ablatis
1863 789 1891 817 de

1078 832 1214 860 vestiario
1233 835 1332 860 nostro
1351 832 1466 868 imperii
1483 833 1586 861 nostri.

1115 877 1188 905 item
1209 879 1248 911 et,
1265 877 1290 905 si
1319 886 1371 913 pro
1401 877 1527 910 servitio,
1544 878 1619 913 quod
1652 878 1779 914 imperio
1807 880 1891 906 nostro

1080 921 1186 950 facient
1201 921 1244 950 vel
1258 922 1444 958 imperaturis
1454 923 1618 950 secundum
1632 924 1713 959 quod
1725 923 1833 951 dictum
1846 925 1890 957 est,

1078 966 1280 1002 supervenerit
1304 966 1346 994 eis
1361 966 1516 995 inimicitia
1530 976 1547 995 a
1561 970 1702 996 coronata
1724 976 1845 1004 persona
1857 967 1891 995 vel

1075 1019 1091 1038 a
1105 1019 1211 1047 magna
1225 1013 1324 1047 gente,
1341 1010 1424 1039 debet
1451 1011 1608 1047 imperium
1631 1014 1771 1040 nostrum
1785 1011 1826 1040 vel
1844 1012 1889 1039 im-

1076 1055 1204 1092 peraturi
1220 1064 1271 1092 per
1293 1058 1425 1092 tempore
1439 1064 1488 1084 eos
1508 1057 1620 1092 juvare,
1638 1057 1803 1085 secundum
1824 1056 1889 1093 quod

1072 1100 1176 1136 juvare
1191 1100 1309 1128 deberet
1325 1109 1413 1129 unam
1439 1102 1475 1129 de
1491 1102 1607 1137 magnis
1634 1102 1776 1130 Romanie
1801 1101 1888 1129 civita-

1077 1145 1166 1179 tibus,
1183 1148 1311 1182 excepto,
1325 1146 1350 1173 si
1375 1154 1426 1182 pro
1442 1146 1608 1182 quindecim
1633 1147 1740 1184 galeis,
1757 1155 1828 1183 quas
1849 1146 1892 1174 im-

1078 1189 1157 1226 perio
1173 1192 1272 1218 nostro
1288 1191 1357 1219 dare
1372 1191 1479 1219 debent
1494 1191 1570 1219 infra
1585 1193 1705 1228 tempus
1723 1192 1890 1228 pacis,quam

1079 1243 1145 1262 cum
1163 1235 1356 1264 nobillissimo
1373 1243 1439 1272 rege
1454 1236 1553 1264 Sicilie
1567 1236 1705 1265 Vilielmo
1731 1237 1846 1270 habent,
1859 1235 1893 1264 eis

1078 1280 1289 1315 supervenerit.
1305 1280 1378 1308 Nam
1391 1280 1415 1308 si
1440 1281 1561 1316 prcjam
1575 1281 1661 1309 dictis
1677 1281 1772 1317 galeis
1786 1279 1893 1308 inimici-

1079 1323 1120 1351 tia
1134 1324 1176 1351 eis
1192 1325 1327 1357 evenerit,
1344 1325 1430 1352 debet
1454 1325 1569 1360 imperii
1586 1326 1680 1353 nostri
1697 1326 1838 1353 serenitas
1851 1332 1890 1352 eos

1075 1368 1178 1404 juvsre
1193 1369 1356 1397 secundum
1368 1377 1453 1397 suam
1465 1369 1698 1398 voluntatem.Et
1708 1370 1734 1398 si
1749 1369 1890 1406 imperium

1079 1415 1213 1440 nostrum
1239 1413 1283 1441 vel
1299 1413 1481 1450 imperaturi,
1505 1414 1669 1442 secundum
1695 1415 1774 1451 quod
1796 1415 1892 1442 dictum

1080 1459 1134 1490 est,
1151 1458 1251 1485 fecerit
1266 1466 1366 1494 pacem
1381 1458 1425 1486 vel
1441 1461 1555 1486 treuam
1571 1467 1638 1486 cum
1663 1458 1766 1495 aliquo
1782 1457 1891 1486 inimico-

1080 1510 1156 1534 rum,
1187 1505 1288 1530 contra
1308 1512 1394 1538 quem
1417 1502 1548 1532 Venetici
1573 1503 1698 1540 imperio
1724 1505 1822 1532 nestro
1844 1510 1891 1530 ser-

1081 1547 1169 1581 vient,
1195 1548 1282 1575 debet
1305 1547 1462 1584 imperium
1486 1550 1619 1576 nostrum
1643 1556 1695 1576 eos
1724 1547 1891 1576 introducere

1081 1590 1109 1619 in
1127 1592 1297 1627 hujusmodi
1312 1601 1413 1629 pacem
1429 1592 1475 1621 vel
1490 1593 1655 1621 treuam.Et
1671 1593 1698 1621 si
1715 1593 1809 1622 stolus
1820 1591 1891 1620 celsi-

203 1637 461 1670 conﬁrmaverunt,
484 1636 598 1672 imperii
624 1636 715 1664 nostri
745 1636 900 1664 clementia
927 1636 1028 1670 hujus-
1043 1627 1064 1660 G
1084 1636 1197 1664 tudinis
1209 1627 1385 1665 nostraiuna
1396 1646 1463 1666 cum
1474 1638 1767 1666 Veneticorumstolo
1779 1637 1890 1673 aliquam

204 1681 285 1710 modi
300 1689 401 1709 eorum
429 1681 648 1709 conventionem
663 1681 828 1716 juramento
853 1681 1023 1709 corrobora—

201 1729 261 1754 tam
276 1726 401 1762 benigne
414 1725 602 1761 recipiens,in
613 1725 766 1761 pristinam
779 1725 1023 1761 unionemquam

202 1779 271 1799 cum
284 1770 427 1798 Romanis
437 1770 593 1803 habebant,
610 1778 659 1797 eos
682 1770 820 1798 restituit.
836 1772 870 1797 Et
884 1778 1027 1798 renovans

206 1815 381 1851 chrysobula
397 1815 439 1842 eis
457 1814 531 1842 facta
546 1815 581 1841 ab
607 1813 683 1842 inter
697 1814 888 1850 imperatores
913 1823 1028 1849 semper

206 1860 396 1888 memorando
410 1859 585 1895 imperatore
609 1862 637 1886 et
658 1862 759 1895 patruo
784 1859 898 1896 imperii
924 1860 1026 1895 nostri,

209 1904 319 1932 domini
331 1903 473 1931 Manuclis
486 1903 625 1931 Comnani
636 1904 702 1940 (35),
722 1904 867 1940 promittit
879 1911 929 1940 per
940 1912 1026 1932 suum

203 1947 414 1985 chrysobulum
431 1948 563 1982 verbum,
580 1957 628 1976 eos
650 1950 813 1976 conversari
831 1949 859 1976 in
886 1949 1028 1978 universis

206 1992 293 2021 terris
309 1995 414 2020 nostrae
439 1993 485 2029 pic
501 1993 723 2028 tranquillitatis
740 2001 791 2029 per
814 1995 920 2022 terram
937 1997 964 2022 et
979 2003 1029 2030 per

205 2046 285 2066 mare
300 2038 411 2073 absque
431 2037 509 2065 οηῖηὶ
531 2037 646 2065 datione
658 2039 821 2066 secundum
839 2040 1029 2076 comprehen-

204 2083 304 2111 siones
315 2082 484 2118 hujusmodi
500 2082 755 2119 chrysobulorum,
772 2086 799 2111 et
817 2084 875 2112 fore
893 2084 989 2112 salvos
1002 2087 1029 2113 et

201 2127 366 2163 intrepidos
390 2127 418 2154 in
445 2128 577 2164 personis
590 2130 618 2155 et
636 2128 767 2164 pecuniis
789 2137 889 2156 eorum
916 2131 976 2157 tam
993 2130 1029 2157 ab

203 2172 372 2200 hominibus
395 2172 509 2208 imperii
529 2173 619 2200 nostri
646 2181 733 2209 quam
761 2173 796 2200 ub
823 2173 886 2210 ipso
907 2174 1030 2211 imperio

205 2219 316 2250 nostro,
346 2219 374 2244 et
397 2216 504 2244 habere
529 2225 631 2244 omnes
658 2217 820 2250 districtus,
844 2227 918 2254 quas
939 2219 1030 2246 habe-

204 2263 275 2290 bant
305 2264 436 2298 tempore
462 2261 541 2289 illate
567 2261 609 2289 eis
639 2262 679 2289 ire
709 2271 825 2298 semper
850 2263 1030 2291 memorandi

1081 1682 1224 1708 terrarum
1244 1681 1355 1710 inimici
1381 1682 1498 1718 imperii
1513 1682 1605 1710 nostri
1621 1682 1744 1719 ceperit,
1758 1682 1858 1710 debent
1869 1680 1891 1707 in

1081 1733 1113 1752 ea
1127 1724 1233 1753 habere
1249 1726 1376 1754 Venetici
1387 1726 1550 1761 ecclesiam,
1567 1727 1720 1755 embolum
1741 1729 1769 1755 et
1787 1725 1890 1758 scalam,

1082 1773 1110 1798 et
1125 1772 1184 1798 tore
1199 1771 1311 1806 absque
1326 1771 1406 1799 omni
1422 1771 1551 1800 datione.
1568 1771 1721 1800 Dehitores
1737 1779 1802 1800 vero
1815 1770 1891 1798 Vene-

1082 1815 1205 1842 ticorum
1232 1816 1329 1843 Romei
1348 1816 1454 1844 debent
1479 1816 1643 1852 persolvere
1658 1825 1760 1849 omne,
1776 1815 1847 1852 quod
1866 1822 1892 1841 ex

1082 1859 1179 1887 debito
1195 1860 1302 1887 debent
1316 1861 1510 1889 creditoribus
1526 1861 1682 1888 Veneticis.
1701 1861 1730 1889 Si
1747 1862 1838 1889 autem
1853 1858 1891 1886 de

1083 1905 1159 1932 hitor
1174 1913 1230 1932 non
1248 1905 1393 1938 habuerit,
1409 1906 1487 1933 unde
1502 1906 1634 1933 debitum
1650 1906 1806 1941 persolvat,
1820 1903 1890 1932 habe-

1083 1949 1126 1976 bit
1137 1949 1287 1985 justiciam
1312 1950 1467 1978 Veneticus
1493 1951 1528 1978 de
1555 1953 1683 1984 Romeo;
1702 1952 1726 1979 si
1753 1958 1816 1978 vero
1838 1948 1888 1984 ipse

1083 1994 1217 2028 decessit,
1235 1995 1269 2023 de
1285 1995 1451 2022 heredibus
1466 1995 1540 2031 ejus.
1691 2019 1694 2023 .

1120 2039 1376 2067 Conservabuntur
1401 2039 1493 2076 igitur
1507 2040 1561 2067 hec
1576 2039 1662 2067 ﬁrma
1675 2040 1713 2067 ab
1729 2041 1765 2067 ab
1787 2035 1890 2073 imperio

1085 2085 1184 2111 nostro
1200 2086 1228 2111 et
1252 2085 1287 2112 ab
1303 2084 1472 2118 heredibus,
1488 2087 1520 2112 ut
1546 2084 1657 2112 dictum
1673 2087 1729 2118 est,
1746 2086 1773 2112 et
1795 2089 1890 2110 succes-

1085 2129 1201 2155 soribus
1230 2128 1342 2164 imperii
1372 2129 1475 2163 nostri,
1491 2137 1645 2165 quousque
1669 2132 1697 2157 et
1724 2138 1740 2157 θ
1764 2124 1890 2155 Veneticis

1085 2174 1208 2202 ﬁrmiter
1223 2177 1251 2202 et
1267 2175 1330 2202 sine
1348 2175 1448 2202 fraude
1463 2177 1491 2202 et
1512 2175 1590 2202 malo
1606 2175 1725 2211 ingenio
1742 2177 1890 2202 conservan-

1085 2221 1134 2245 tur
1149 2218 1285 2254 superius
1301 2219 1461 2246 notiﬁcata.
1476 2219 1569 2254 Super
1584 2219 1638 2246 hoc
1653 2219 1732 2247 enim
1749 2220 1776 2246 et
1791 2221 1890 2253 presens

1086 2262 1294 2299 chrysnbulum
1320 2263 1440 2291 verbum
1457 2263 1572 2299 imperii
1589 2263 1680 2291 nostri
1702 2263 1744 2291 eis
1769 2260 1885 2290 collatum

205 2306 390 2344 imperatoris
402 2308 430 2333 et
441 2305 537 2342 patrui
550 2306 664 2342 imperii
677 2307 768 2334 nostri
781 2306 891 2334 domini
914 2308 1032 2335 Manuc-
1048 2314 1069 2346 ι)
1086 2309 1140 2339 est,
1158 2307 1274 2334 ﬁrmum
1292 2309 1319 2335 et
1333 2307 1501 2335 inviolabile
1515 2316 1686 2343 permanere
1702 2307 1817 2335 debeas.

206 2351 243 2379 lis
268 2351 418 2386 Comnani,
444 2350 577 2387 ipsisque
602 2350 748 2378 Vcneticis
771 2351 852 2378 reddi
878 2353 905 2379 et
930 2360 1032 2380 nmnrs

210 2403 256 2423 res
267 2402 379 2430 eorum,
397 2403 452 2431 quc
465 2395 494 2422 in
510 2395 626 2431 palatiis
637 2398 665 2423 et
694 2396 879 2423 monasteriis
905 2396 1030 2431 fuerunt,

210 2441 238 2466 et
249 2447 305 2475 que
315 2439 342 2466 in
355 2440 523 2468 vestiarium
539 2440 720 2468 intraverunt
731 2442 759 2467 et
771 2439 827 2467 alia
851 2440 913 2468 loca
925 2441 1031 2477 scripto

210 2485 239 2511 et
250 2491 306 2510 non
320 2484 437 2520 scripto.
454 2485 503 2512 Set
514 2487 542 2512 ct
554 2493 604 2521 pro
617 2485 714 2518 rebus,
728 2493 783 2521 que
804 2485 957 2514 manifeste
973 2495 1031 2514 non

210 2527 402 2563 reperientur,
419 2529 499 2556 dabit
511 2529 652 2558 serenitas
668 2529 783 2566 imperii
795 2530 887 2558 nostri
900 2530 1032 2558 homines

209 2571 400 2606 sufﬁcientes,
417 2573 516 2608 eisque
532 2574 688 2610 praecipiet,
705 2576 850 2610 quatenus
874 2583 918 2602 res
942 2577 1031 2603 Vene-

208 2617 334 2646 ticorum
361 2617 491 2645 studiose
516 2621 640 2654 querant
662 2621 689 2646 et
714 2619 872 2655 reperiant,
890 2628 923 2647 ac
948 2621 972 2649 si
997 2620 1032 2648 de

244 2741 300 2777 (35)
315 2740 389 2775 Lege
406 2746 412 2766 :
428 2738 538 2767 domino
556 2739 681 2768 Manuele
696 2740 845 2769 Comnano.

1123 2352 1238 2379 Factum
1254 2360 1354 2379 mense
1370 2352 1526 2380 Februario
1543 2352 1688 2388 presentis
1704 2352 1803 2388 quinte
1817 2346 1888 2376 indic-

1086 2396 1173 2425 tionis
1187 2396 1387 2424 sexmillesimi
1404 2397 1607 2424 sexcentesimi
1619 2395 1797 2433 nonagesimi
1810 2390 1886 2429 quinti

1083 2439 1165 2476 anni,
1182 2441 1211 2469 in
1225 2449 1282 2477 quo
1304 2443 1332 2469 et
1347 2443 1480 2469 nostrum
1497 2441 1577 2478 pium
1594 2443 1623 2469 et
1637 2450 1653 2469 a
1669 2442 1722 2470 deo
1739 2440 1881 2477 promotum

1086 2486 1269 2522 sul-signavit
1284 2486 1451 2522 imperium.

1138 2563 1284 2590 YSACHIUS
1299 2562 1329 2590 in
1345 2562 1458 2590 Christo
1475 2562 1532 2590 Deo
1549 2561 1644 2590 ﬁdelis
1660 2562 1813 2590 imperator
1825 2559 1849 2585 et

1229 2599 1397 2626 moderator
1412 2601 1611 2627 Romanorum
1626 2599 1765 2635 Angelus.
