1973 3154
39 176 41 192 ³
67 194 111 226 469
622 194 818 225 NOVELLE
840 194 851 224 (

931 194 1192 226 STITUTIONES.

1690 198 1750 229 ιτο

868 284 916 312 VI.

405 337 521 357 pse-rum
537 337 598 357 cum
613 337 728 357 VENETIS
743 337 778 356 ss
794 337 903 357 usurus
917 337 1122 358 ssssacrsxms
1136 331 1202 367 [56].
1219 332 1262 365 (A.
1281 331 1372 368 1189.)

61 392 213 421 Conﬁrmata
223 391 310 427 equis
326 394 370 420 est
380 392 443 427 jam
462 392 704 420 conventionibus
733 391 860 428 scriptis,
877 393 903 425 Α
920 392 1101 427 pensionalia
1114 395 1142 420 et
1153 393 1245 420 scalas
1257 393 1430 426 maritimas,
1447 393 1562 421 embolo
1578 394 1690 429 pridem
1706 393 1741 421 ah

61 446 100 472 per
111 439 289 464 sacramenta
305 437 499 465 corroboratis
515 446 532 464 ε.
545 437 739 465 nobillissimo
765 439 793 464 et
807 437 863 464 im—

59 482 115 518 perii
129 482 216 509 nostri
233 482 419 510 ﬁdellissimo
435 483 508 509 ducs
533 481 661 510 Venetis.
693 482 776 509 Aurio
801 490 862 509 ma-

56 527 128 562 gistro
143 526 236 558 Petro,
253 526 304 562 qui
328 527 471 561 dignitate
501 526 694 562 protosevasti
721 535 737 554 ιι
762 528 862 554 nostra

57 571 215 598 sublimitate
231 571 387 598 decoratus
404 573 457 603 est,
471 573 499 599 et
523 571 558 598 ah
585 572 721 598 universa
742 570 862 598 Venetis

58 615 216 651 plenitudine
242 616 368 651 imperio
397 618 497 644 nostro
519 618 546 643 et
562 616 712 647 Romanis,
731 616 803 643 fides
832 617 861 642 et

58 659 186 688 servitium
196 660 401 688 Veneticornm
412 660 752 696 nichilquedeesteorum
771 659 859 687 invio-

58 703 207 732 labilissime
224 704 388 732 securitati.
410 705 553 736 Quoniam
579 712 647 731 vero
681 706 856 740 oportunum

54 751 110 783 erat,
121 748 235 776 Venetis
251 748 391 777 satisfieri
407 749 438 776 in
466 749 523 782 his,
537 758 593 782 que
604 758 620 776 a
651 752 750 776 nostra
781 757 857 776 sere-

54 794 126 821 nitate
139 793 326 829 eipromissa
355 797 435 827 sunt,
464 794 600 822 videlicet
629 794 658 821 in
693 794 856 821 redditione

53 845 141 870 rerum,
155 845 209 874 que
230 838 380 866 Vsneticis
408 838 504 866 abiete
533 839 652 866 fuerunt
681 840 760 871 tunc,
787 847 853 866 cum

52 890 177 919 asemper
204 883 400 911 memorando
424 883 600 919 imperatore
629 886 657 911 et
684 883 853 911 desideran-

50 927 143 955 tissime
157 927 343 955 celsitudinis
354 930 454 956 nostro
466 930 581 963 patruo,
595 928 715 956 domino
742 930 855 956 Manus-

50 971 223 1004 leComnsno,
265 971 344 1008 capti
375 973 536 1006 fuerunt,et
577 972 756 1000 exhibitione
785 980 851 999 cen-

49 1017 204 1044 tenariorum
221 1017 448 1053 quatuordeoim
460 1024 687 1053 yperpeporum,
700 1025 756 1052 que
774 1015 852 1044 ultra

48 1068 97 1088 eam
110 1061 176 1096 ipsis
191 1062 341 1098 promissa
357 1064 428 1090 sunt
452 1062 489 1089 ob
506 1070 637 1097 causam,
653 1070 709 1097 que
738 1061 767 1088 in
798 1061 851 1088 cri-

49 1105 132 1134 sobulo
146 1115 194 1142 pro
211 1106 341 1134 hiisdem
356 1107 434 1134 edito
442 1106 643 1139 notitioantur,
656 1106 692 1133 ob
709 1114 782 1141 quos
796 1106 853 1141 (57)

50 1152 71 1177 at
88 1159 170 1178 unum
205 1159 417 1188 yperpsrorum
458 1151 500 1179 eis
538 1151 756 1186 preimpensum
800 1152 852 1177 est.

50 1195 141 1231 Quippe
155 1197 184 1224 et
208 1196 308 1223 nuntii
335 1196 368 1223 ad
401 1197 530 1224 nostram
558 1195 744 1223 clementiam
770 1194 853 1222 missi

50 1243 103 1267 sunt
118 1248 123 1266 :
137 1240 229 1276 primo
247 1241 371 1277 quidem
388 1240 491 1268 Petrus
514 1239 648 1273 Michael,
677 1239 852 1267 Octavianus

50 1284 164 1316 Quirinus
187 1287 215 1313 et
257 1285 410 1314 Johannes
454 1285 587 1319 Michael,
630 1284 850 1312 conventionem

50 1337 125 1365 suam,
140 1338 226 1366 quam
243 1330 368 1366 imperio
384 1331 484 1357 nostro
500 1332 529 1358 et
544 1329 683 1358 Romanis
710 1329 849 1362 fecerunt,

47 1373 188 1408 iuramento
217 1375 438 1403 corroboratam
465 1375 600 1410 equidem
629 1375 794 1409 ott‘erentes,
823 1376 851 1401 et

48 1425 91 1452 que
103 1419 168 1455 ipsis
184 1419 332 1455 promissa
347 1421 418 1446 sunt
431 1427 482 1454 per
497 1418 719 1455 chrysobulum,
746 1421 778 1446 ut
805 1418 849 1445 di-

48 1464 108 1491 ctum
135 1466 191 1496 est,
221 1464 374 1500 exigentes
400 1472 406 1491 :
434 1464 539 1492 deinde
565 1472 632 1491 vero
668 1463 766 1492 sonori
793 1464 850 1497 (us)

47 1507 198 1536 nobilissimi
228 1510 258 1536 et
282 1508 407 1544 imperio
435 1511 533 1536 nostro
563 1508 726 1535 ﬁdelissimi
766 1507 850 1535 ducis

46 1550 142 1580 Venetis
154 1555 257 1581 Petrus
277 1552 438 1581 Gornarius
449 1556 477 1580 et
495 1553 663 1581 Dominicus
693 1552 848 1585 Memmus,

48 1597 323 1630 procuratorecclssie
332 1597 425 1625 sancti
435 1597 534 1632 Merci,
548 1597 609 1632 inju
616 1599 714 1624 notum
722 1596 849 1632 profecto

49 1639 181 1670 habentem
199 1643 256 1678 (38)
274 1642 380 1677 agendi
393 1642 482 1670 simul
512 1651 578 1670 cum
601 1641 824 1678 prscedentilms
842 1650 848 1674 ;

48 1689 217 1720 reppererunt
232 1687 357 1723 quidem
369 1687 553 1714 clementiam
571 1689 700 1714 nostram
717 1686 848 1721 ipsorum

47 1730 192 1764 pectitionni
210 1734 404 1766 annuentsm,
421 1734 449 1759 et
465 1732 499 1759 ad
517 1731 722 1767 perfectionem
736 1739 848 1763 eorum,

920 437 975 463 hiis
992 437 1092 465 habito
1105 438 1418 473 ad,jacentes,annuum
1433 438 1584 466 introitum
1598 438 1741 466 librarum

917 490 1126 517 yperperorum
1140 482 1365 518 quinquaginta.

954 526 987 553 Et
1001 529 1102 554 nostra
1127 527 1173 562 pia
1203 527 1405 563 tranquillitas
1433 528 1606 563 hujusmodi
1637 535 1739 556 eorum

917 571 1089 606 peticionem
1119 572 1200 599 nullo
1235 573 1320 599 modo
1337 573 1442 600 renuit.
1460 574 1643 609 Quemquam
1660 572 1738 600 enim

915 623 1001 650 grave
1016 616 1180 643 celsitddini
1199 619 1296 644 nostre
1318 617 1441 651 videtur,
1460 617 1644 644 latitudinem
1662 617 1739 644 infra

914 667 1051 695 magnam
1070 661 1170 688 urbem
1187 661 1323 696 gentibus
1339 661 1493 695 exhibere;
1521 664 1736 696 verumtamen,

913 705 979 739 quia
995 713 1051 731 non
1065 707 1096 732 ut
1110 705 1301 741 alienigenas,
1324 706 1415 733 immo
1445 708 1477 733 ut
1491 706 1657 739 sborigines
1680 706 1732 734 Ro-

913 757 1015 776 manos
1032 757 1124 784 genus
1142 750 1343 778 Veneticorum
1360 753 1460 778 nostra
1475 751 1618 778 serenitas
1647 759 1734 786 repu-

910 795 963 826 tat,
980 796 1155 830 tantumque
1170 803 1222 830 pro
1239 795 1379 822 Romanis
1395 795 1504 829 dolent,
1531 797 1675 830 quantum
1707 796 1735 822 et

910 838 965 874 ipsi
982 839 1113 872 Romani,
1129 841 1299 875 tantamque
1313 848 1382 875 erga
1397 848 1460 867 eam
1480 840 1588 867 habent
1603 839 1733 867 devotio-

909 891 986 916 nem,
1003 886 1142 919 quantam
1159 886 1187 911 et
1202 892 1269 919 erga
1283 886 1402 918 terram,
1419 893 1474 919 que
1488 892 1538 911 eos
1549 884 1658 918 emisit,
1672 892 1730 911 non

908 927 950 954 eis
962 929 1087 961 tantum,
1105 931 1247 964 quantum
1267 929 1405 956 Romanis
1421 929 1588 956 donandum
1604 936 1669 956 esse
1689 928 1729 956 vi-

907 973 1002 1007 detur,
1019 975 1292 1008 quantumcumque
1308 974 1349 1000 eis
1361 973 1502 1009 largiatur
1517 973 1531 1000 Τ
1545 973 1729 1008 Quapropter

905 1019 933 1044 et
949 1019 1048 1045 nostra
1058 1018 1213 1045 clementia
1226 1018 1310 1052 jubet
1321 1026 1371 1054 per
1385 1026 1503 1054 presens
1520 1017 1726 1054 chrysobulum

907 1061 1039 1095 verbum,
1066 1062 1173 1090 habere
1205 1063 1358 1090 Vensticos
1381 1062 1517 1090 universa
1539 1062 1607 1096 alia,
1625 1070 1682 1097 que
1712 1070 1729 1090 a

909 1106 1021 1134 nuntiis
1036 1114 1137 1134 eorum
1166 1107 1313 1142 postulata
1329 1109 1408 1140 sunt,
1425 1106 1564 1142 ipsosque
1593 1106 1728 1134 cmbulos

908 1150 1127 1179 Allemanorum
1164 1154 1192 1179 et
1233 1152 1480 1187 Francigenarum
1509 1154 1537 1179 et
1564 1151 1729 1178 maritimas

908 1203 1009 1223 eorum
1040 1196 1146 1229 scalas,
1177 1205 1233 1232 que
1256 1197 1285 1223 in
1302 1196 1450 1233 presentia
1465 1195 1730 1231 grammaticorum

908 1243 1006 1267 nostra
1030 1241 1206 1271 serenitatis.
1233 1241 1414 1268 Constantini
1458 1240 1603 1267 Pedindite
1619 1241 1647 1266 et
1675 1239 1730 1267 cla-

908 1283 1017 1311 rissimi
1034 1284 1295 1320 protonobilissimi
1312 1285 1426 1312 Nichite
1440 1284 1596 1315 Valianits,
1625 1283 1663 1311 ab
1678 1291 1726 1311 ao-

911 1328 1087 1356 desimotatn
1098 1330 1288 1357 Constantino
1303 1330 1430 1357 Petriota
1444 1337 1495 1365 per
1510 1329 1671 1364 prnoticum
1687 1327 1730 1357 eis

906 1373 1014 1400 tradita
1029 1376 1099 1401 sunt
1115 1383 1122 1407 ;
1139 1375 1215 1410 quod
1229 1375 1314 1402 debet
1329 1374 1511 1402 corroborari
1530 1374 1648 1409 quidem
1678 1381 1729 1409 per

906 1419 1182 1454 superscriptionem
1200 1419 1364 1455 pansevasti
1379 1421 1408 1446 et
1421 1421 1521 1446 nostre
1549 1417 1727 1445 sublimitati

906 1462 1060 1490 familiaris
1075 1463 1334 1496 archicancellnrii,
1350 1463 1460 1491 domini
1478 1462 1622 1491 Johannis
1641 1463 1725 1496 duce;

905 1508 1053 1543 cognitum
1069 1509 1167 1536 autem
1184 1508 1246 1536 ﬁeri
1261 1510 1289 1535 et
1304 1507 1442 1543 congruis
1453 1507 1572 1535 secretis
1583 1515 1649 1535 cum
1661 1514 1727 1542 pre-

904 1555 985 1580 sente
1002 1552 1174 1588 chrysobulo
1191 1552 1304 1587 imperii
1326 1552 1428 1579 nostri.
1445 1553 1573 1584 Quorum
1589 1551 1725 1586 equidem

904 1597 1035 1624 omnium
1047 1605 1164 1624 annuus
1179 1597 1317 1624 introitus
1332 1596 1545 1632 quinquaginta
1560 1595 1643 1622 libris
1657 1603 1725 1622 con-

905 1643 964 1669 stat
975 1642 1398 1677 yperpepororum,secundum
1411 1641 1488 1676 quod
1506 1649 1539 1667 ex
1555 1640 1726 1668 tradicionis

904 1686 1028 1714 istorum
1047 1686 1173 1721 practice
1184 1685 1345 1721 composito
1375 1687 1462 1721 patet.
1490 1685 1629 1717 Quamvis
1648 1683 1725 1712 enim

905 1733 932 1758 et
949 1739 1000 1767 per
1027 1731 1202 1765 chrysobula
1230 1731 1318 1758 verba
1347 1730 1495 1758 manifesti
1523 1729 1629 1756 emboli
1659 1737 1726 1756 cum

47 1781 90 1808 que
103 1775 135 1802 ab
149 1776 221 1812 ipsis
236 1776 436 1812 postulantur,
454 1778 597 1812 paratam.
613 1776 720 1803 Verum
733 1775 848 1802 univer-
865 1768 886 1800 (ἶ
907 1776 1063 1803 maritimis
1075 1775 1163 1803 scalis
1178 1774 1359 1802 Allemannis
1373 1777 1400 1802 et
1417 1773 1603 1809 Francigsnis
1628 1772 1727 1801 collati

46 1818 101 1846 salis
115 1821 265 1849 snnulatio
280 1824 309 1849 et
324 1821 448 1857 perditio
465 1829 574 1854 rerum,
598 1829 654 1856 que
666 1820 761 1848 ablste
776 1819 848 1856 ipsis

45 1862 117 1900 fuere,
131 1865 273 1894 voluntati
289 1866 365 1893 hone
380 1866 547 1893 serenitatis
561 1868 763 1900 nostre,quam
780 1872 849 1900 erga

44 1906 107 1942 ipsos
118 1909 271 1938 clementia
284 1912 386 1938 nostra
402 1910 752 1945 habebat,impedimento
768 1909 847 1944 equi-

45 1951 96 1980 dem
110 1954 210 1982 stabat.
229 1954 340 1982 Idcirco
357 1957 456 1982 nostra
474 1955 616 1982 serenitas
643 1954 709 1982 illos
733 1954 848 1982 imitata

43 1996 156 2032 viatores,
185 1999 234 2034 qui
268 1999 354 2032 avis,
382 1999 507 2027 ducente
533 2000 613 2026 adid
641 1999 717 2034 quod
749 1999 849 2026 volunt

43 2040 226 2080 diversorium,
242 2044 393 2072 modicum
409 2044 599 2077 declinantes,
631 2045 748 2080 quando
782 2043 847 2080 qui-

43 2084 96 2113 dem
106 2087 145 2115 sic
158 2097 238 2121 casu.
258 2097 315 2124 qus
325 2091 402 2116 recte
425 2089 469 2116 vis
484 2091 563 2120 sunt,
579 2097 717 2125 prospere
733 2090 774 2117 eis
789 2097 846 2116 non

41 2128 182 2168 iacentper
196 2133 284 2161 aliam
301 2134 376 2161 viam
407 2134 440 2161 ad
459 2133 535 2161 idem
562 2133 711 2169 pervenire
735 2142 847 2170 cogun-

41 2175 88 2207 tur,
102 2178 128 2203 st
137 2177 170 2205 ad
182 2178 309 2205 eundem
322 2178 410 2206 finem
422 2178 779 2214 deveniunt,quamquam
797 2186 848 2214 per

45 2219 118 2248 aliam
133 2222 251 2255 viam;et
260 2223 295 2250 ad
303 2223 517 2250 vsrbaveniens
528 2231 593 2250 cum
601 2224 662 2258 jam
676 2223 762 2251 dictis
772 2222 848 2259 lega-

42 2262 71 2290 tis
81 2273 126 2299 pro
140 2275 234 2295 rerum
263 2275 363 2295 eorum
378 2267 556 2301 inventione,
581 2268 650 2303 quia
665 2268 693 2295 in
713 2267 847 2304 possibili

43 2315 94 2336 eum
105 2310 245 2345 jacentem
261 2320 447 2348 nequaquam
461 2313 669 2349 compsriebat,
681 2313 770 2341 alium
784 2321 846 2341 mo-

43 2352 100 2381 dum
114 2355 152 2384 sis
163 2357 286 2393 precipit
301 2357 438 2393 reperire,
456 2366 507 2393 per
521 2366 607 2393 quem
625 2357 695 2385 talio
725 2357 767 2385 eis
797 2359 847 2386 ﬁat

44 2405 124 2427 rerum
139 2409 248 2435 eorum,
266 2410 322 2438 que
351 2411 403 2430 ceu
433 2402 571 2438 superius
593 2403 775 2430 notiﬁcatum
803 2405 845 2430 est

903 1820 963 1848 sint
978 1829 984 1855 ;
1000 1822 1203 1850 veruntamen.
1221 1820 1291 1856 quia
1307 1828 1362 1846 non
1384 1819 1435 1846 toti
1465 1819 1541 1853 genti
1560 1818 1725 1846 Allemano-

904 1874 967 1893 rum
982 1868 1010 1893 et
1018 1865 1328 1901 Francigenarum,sed
1340 1864 1441 1900 paucis
1448 1864 1625 1900 quibusdam
1635 1864 1726 1890 extor-

904 1910 985 1938 ribus
1013 1913 1042 1938 et
1065 1909 1192 1938 maxime
1219 1909 1387 1946 incognitis,
1416 1917 1468 1936 nec
1499 1908 1724 1936 determinatam

904 1955 1097 1991 quantitatem
1113 1955 1242 1990 utiquam
1261 1954 1376 1982 servitio
1388 1954 1530 1982 Romanis
1545 1952 1724 1989 imponenti-

903 2001 1022 2034 bus,scd
1036 2002 1175 2035 tanquam
1185 2002 1322 2035 quantam
1336 2008 1403 2027 caru
1416 1997 1724 2034 pervenit(39),hujus-

904 2045 981 2072 modi
998 2044 1171 2071 beneﬁcium
1202 2043 1341 2071 Romanis
1370 2044 1479 2069 tactum
1491 2042 1557 2076 fuit,
1583 2041 1723 2076 quoniam

902 2088 1027 2116 multum
1045 2088 1162 2123 quidem
1179 2090 1224 2115 est
1240 2087 1353 2114 lucrum
1371 2087 1413 2114 sic
1429 2086 1561 2114 embolos
1577 2087 1606 2112 et
1629 2083 1724 2112 scalas

902 2132 1089 2164 habentibus,
1108 2131 1253 2159 modicum
1270 2133 1369 2159 autem
1390 2134 1435 2158 est
1452 2130 1613 2166 proficuum
1631 2137 1665 2157 sx
1681 2128 1725 2156 eis

902 2178 1041 2206 Romanis
1058 2176 1249 2212 proveniens:
1275 2176 1480 2204 convenientes
1510 2174 1662 2202 servitium
1690 2181 1725 2201 ex

903 2222 1093 2250 universitate
1115 2221 1210 2256 gentis
1238 2220 1379 2248 Romanis
1407 2219 1580 2256 proveniens
1607 2217 1724 2246 servitio

903 2275 1062 2304 paucorum
1076 2269 1104 2293 et
1118 2274 1151 2292 ex
1167 2265 1350 2300 dispersione
1366 2266 1607 2300 congregatorum
1624 2264 1725 2290 nostra

902 2311 1073 2340 excellentia
1089 2310 1218 2346 pretulit.
1245 2310 1280 2337 Et
1294 2310 1474 2337 vacationem
1491 2308 1608 2344 quidem
1636 2307 1726 2335 criso-

902 2356 1002 2384 bulum
1019 2364 1119 2384 eorum
1151 2355 1282 2391 irrogat;
1314 2353 1448 2382 embulos
1476 2361 1543 2380 vero
1572 2360 1674 2380 eorum
1695 2354 1724 2379 et

901 2401 996 2429 scalas
1013 2400 1154 2428 Venetieis
1170 2401 1291 2433 confert,
1303 2399 1465 2427 concedens
1480 2397 1630 2434 possidere
1642 2396 1724 2433 ipsos

44 2449 70 2469 ex
82 2445 265 2478 promissione
281 2447 363 2474 reddi
379 2447 494 2482 quidem
513 2447 731 2481 debebant,nnn
749 2450 844 2476 autem
863 2456 885 2488 Ι)
900 2449 960 2474 tam
977 2446 1076 2473 omnia
1092 2445 1159 2478 alia,
1175 2453 1262 2480 quam
1290 2447 1318 2471 et
1348 2442 1550 2488 hujuscemodi
1581 2441 1722 2488 embolos,

44 2489 253 2526 reperiebantur,
269 2494 298 2519 et
326 2492 363 2519 ob
379 2492 433 2520 hoc
463 2501 547 2520 suam
565 2493 755 2520 redditionem
772 2493 848 2521 inter

45 2530 217 2567 impossibilia
232 2537 391 2572 ponebant.
403 2536 460 2572 ipsi
477 2539 573 2564 autem
591 2537 719 2565 multum
736 2537 846 2566 haben-

45 2576 80 2602 tes
93 2579 226 2616 studium,
241 2589 290 2609 sue
307 2584 383 2609 terre
407 2582 570 2617 proficuum
601 2582 784 2610 invenerunt.
813 2583 848 2609 Et

45 2619 232 2653 habundanter
254 2629 353 2654 nostra
383 2626 551 2662 supplicant
579 2626 728 2654 serenitati
760 2635 849 2663 super

48 2664 153 2702 his,qus
180 2670 213 2698 ad
243 2671 487 2699 restaurationem
518 2671 574 2699 sibi
598 2672 658 2699 fieri
684 2671 795 2707 volunt,
821 2674 849 2699 et

49 2711 235 2744 PMiVenstis
260 2715 323 2745 dari
354 2719 480 2752 possunt
509 2725 560 2752 per
576 2716 725 2744 embolum
740 2719 769 2744 et
799 2725 850 2753 per

82 2798 131 2842 (ἥδ)
145 2801 207 2830 Post
221 2804 309 2842 Marin
327 2813 370 2832 ιιι.
393 2806 487 2842 ρ.304,
505 2814 538 2833 ex
553 2805 628 2832 libro
644 2805 709 2833 nlbo
725 2809 751 2834 et
767 2807 850 2836 libris

54 2837 189 2897 giliilorum
216 2841 369 2869 ediderunt
391 2837 470 2870 Tai'el
499 2845 528 2870 et
547 2841 677 2871 Thomas
694 2843 714 2878 Ι,
732 2852 760 2880 p.
783 2844 848 2871 206-

903 2491 1065 2518 secuudum
1082 2490 1158 2526 quod
1176 2492 1204 2516 st
1220 2497 1285 2516 eum
1303 2496 1389 2524 quem
1406 2496 1484 2515 nunc
1502 2487 1610 2514 habent
1626 2486 1724 2514 embo-

904 2536 975 2569 lum,
993 2543 1146 2570 quousque
1161 2543 1229 2570 erga
1245 2532 1399 2569 imperium
1417 2534 1551 2560 nostrum
1573 2533 1601 2559 et
1623 2531 1726 2559 Roma-

902 2580 980 2607 ninm
998 2589 1081 2608 suam
1108 2579 1329 2607 conventionem
1355 2577 1525 2604 inviolatam
1555 2576 1726 2604 custodiunt

904 2633 982 2653 nunc
998 2625 1125 2652 existens
1154 2623 1359 2650 nobilissimus
1385 2622 1443 2649 dux
1463 2620 1584 2649 Venetis
1606 2624 1635 2648 et
1664 2622 1729 2655 post

903 2679 970 2698 eum
987 2670 1076 2697 futuri
1091 2669 1179 2696 duces
1195 2667 1323 2694 'Venetie
1339 2671 1364 2694 et
1386 2667 1523 2694 universa
1539 2666 1603 2701 ejus
1632 2663 1725 2700 pleni-

905 2716 985 2750 tudo,
1016 2723 1068 2742 nec
1096 2721 1154 2740 non
1183 2714 1212 2740 et
1235 2712 1345 2747 omnia,
1361 2720 1419 2748 que
1440 2719 1491 2748 per
1505 2708 1725 2739 conventionem

942 2804 998 2841 (37)
1015 2803 1147 2841 Editores
1158 2802 1233 2841 conj.
1251 2801 1282 2841 el:
1296 2801 1380 2841 quod:

942 2837 998 2875 {37)
1014 2839 1101 2867 Iidem
1114 2838 1190 2873 conj.
1209 2837 1347 2875 habentes.
1365 2838 1461 2875 Recte.

942 2868 1068 2914 Lib.
1085 2868 1204 2911 pactfet
1217 2873 1308 2902 Marin
1322 2873 1460 2910 provenit,
1470 2878 1527 2899 non
1543 2868 1628 2898 male.
