1973 3154
183 163 239 192 471

839 160 963 191 lSAACl
987 159 1130 191 ANGELI
1155 160 1236 190 1MP.

1825 161 1876 189 Ali

184 229 222 258 sb
235 228 293 256 hiis
309 227 454 264 promissa
474 229 545 256 sunt
561 231 588 256 et
599 227 793 264 jurejurando
809 227 1007 262 corroborata,
1024 228 1047 261 Α
1069 226 1193 254 firmiter
1209 228 1237 254 et
1252 234 1309 262 quo
1324 234 1340 254 a
1356 225 1460 262 legatis
1475 225 1705 260 eorum,sororio
1721 225 1825 254 scilicet
1836 234 1877 254 no-

185 275 358 302 conservant
376 281 382 306 ;
396 274 423 300 et
439 280 555 300 omnem
572 272 725 300 introitum
740 279 840 300 eorum
864 271 1005 307 accipere,

187 325 374 354 nequaquam
393 326 409 345 a
421 318 490 345 fisco
502 317 544 344 vel
562 318 597 344 ab
613 317 712 353 aliqua
728 324 931 353 personarum,
947 316 1010 352 qui-

185 363 241 391 bus
257 362 308 389 hec
325 362 450 390 attinent
466 363 493 389 et
510 361 618 397 quibus
632 361 684 389 hec
695 361 790 389 ablata
805 361 878 397 ipsis
889 361 1009 395 duntur,

186 406 402 435 infestationem
420 406 548 442 aliquam
566 405 731 433 manifestis
746 405 894 433 Veneticis
911 405 1009 433 subire

187 451 556 486 debentibus,quamquam
570 450 748 478 monasteria
765 451 824 478 sint
836 449 895 478 sive
911 451 1010 478 sancte

168 490 293 524 'domus
322 497 372 523 aut
401 495 523 532 imperio
553 497 652 523 nostro
677 495 838 531 propinque
867 493 909 522 vel
931 493 1010 529 alie;

189 540 328 576 quoniam
341 539 495 567 elcmenlia
509 542 608 567 nostra
624 539 762 567 introitus
788 539 883 567 dehis
912 547 1011 575 prove-

191 585 303 613 nientes
330 583 467 612 talionem
495 584 551 620 (40)
579 584 622 611 eis
639 584 750 612 factura
767 586 821 618 est,
850 583 1010 619 possessio-

189 638 316 665 nemque
331 629 532 656 inseditiosam
548 629 694 656 Veneticis
707 628 782 656 facil.

224 676 312 702 Porro
324 673 466 702 serenitas
484 675 583 701 nostra
600 673 822 709 benignitatem,
850 681 937 708 quam
971 671 1013 699 eis

188 718 329 753 exhibuit,
342 726 527 754 nequaquam
545 718 697 753 hucusque
722 717 834 750 statuit,
864 717 956 744 immo
986 718 1014 744 et

188 763 278 791 alium
296 763 494 791 centenarium
514 770 605 790 unum
621 769 828 799 yperperoruzu
845 761 896 789 ‘eis
925 760 1013 797 largi-

189 810 238 836 tur
255 808 331 835 ultra
347 809 412 835 ante
428 808 529 835 datum
546 807 587 834 eia
602 806 800 834 centenarium
817 814 910 834 unum
929 814 1012 842 yper-

190 854 370 888 perorum;et
385 851 503 879 residua
518 850 910 888 quatuoroecimccntcnaria
925 858 1009 887 yper-

193 905 341 932 perorum;
359 896 393 924 de
409 896 517 932 quibus
532 896 589 923 duo
605 895 722 931 quidem
740 904 805 923 cum
822 895 944 923 dimidio
964 903 1015 923 ex-

194 940 305 976 templo
316 941 378 976 jam
396 940 438 968 eis
449 940 511 967 dari
528 939 655 976 precepit
668 939 788 977 (quippe
804 942 831 968 et
844 940 912 968 data
927 941 1017 975 sunt),

199 985 311 1021 reliqua
326 993 391 1013 vero
416 985 567 1013 duodecim
585 993 650 1012 cum
667 985 789 1012 dimidio
805 985 848 1013 eis
876 985 937 1012 dari
968 992 1019 1020 per

199 1039 292 1058 annos
308 1038 366 1064 sex,
384 1030 506 1057 debente
522 1029 563 1058 eis
585 1038 636 1066 per
651 1037 893 1066 unumquemque
907 1037 1017 1057 annum

197 1075 260 1103 dari
275 1074 437 1111 quantitate
462 1074 686 1110 proporcionali.
713 1074 746 1102 Et
770 1074 914 1110 accipient
936 1073 1015 1110 equi-

199 1120 264 1147 dem
280 1119 394 1146 hechl
410 1119 461 1146 sic.
478 1119 570 1146 Erunt
587 1121 683 1146 autem
701 1121 729 1147 et
743 1118 851 1146 tradita
867 1118 939 1155 ipsis
955 1126 1018 1146 om-

198 1165 246 1192 nis
261 1163 445 1200 possidentes
463 1186 468 1198 ,
486 1167 514 1191 ul
532 1163 642 1191 dictum
655 1166 709 1198 est,
727 1171 878 1200 quousque
890 1171 932 1198 ea,
962 1171 1019 1200 que

201 1217 254 1244 per
266 1208 486 1236 conventionem
504 1208 779 1244 prespopondernnt
803 1210 830 1236 et
849 1208 1018 1244 juramcnto

200 1253 458 1287 conﬁrmaverunt,
473 1261 551 1280 nunc
575 1253 701 1280 existens
731 1252 945 1280 nobillissimus
961 1253 1019 1280 dux

201 1296 320 1324 Venetie
339 1298 367 1325 et
391 1298 456 1333 post
479 1305 545 1324 eum
570 1297 658 1324 futuri
674 1297 763 1325 duces
777 1297 896 1325 Venetis
911 1299 939 1325 ct
954 1297 1017 1324 uni-

201 1349 286 1369 versa
302 1341 365 1377 ejus
385 1341 536 1378 plenitudo
562 1341 741 1376 custodiunt,
772 1343 889 1370 servant
903 1349 1020 1378 quoque

1068 270 1207 298 bilissimi
1224 271 1308 299 ducis
1323 271 1452 305 Venetie,
1470 273 1554 300 Petro
1570 270 1719 304 Cornario,
1736 271 1816 299 Petro
1832 271 1876 298 Mi-

1068 314 1179 349 chaele,
1197 314 1354 343 Octaviano
1371 315 1502 348 Quirino,
1531 315 1666 344 Jobanne
1698 315 1832 342 Michaele
1857 319 1880 343 et

1068 359 1219 388 Dominico
1248 360 1386 392 Memmo,
1415 362 1604 396 procuratore
1647 359 1771 388 ecclesie
1799 360 1879 388 sancti

1067 404 1169 436 Marci,
1187 412 1237 440 per
1251 404 1475 432 conventionem
1488 406 1491 409 '
1504 413 1581 432 nunc
1610 404 1759 441 promissa
1773 407 1837 432 sunt
1859 407 1883 432 et

1064 449 1260 485 jurejurando
1277 449 1473 477 corroborata.

1105 493 1245 522 Concedit
1260 493 1396 530 equidem
1422 496 1523 522 nostra
1553 493 1725 521 sublimitas
1753 493 1884 521 Veneticis

1070 538 1213 566 actionem
1231 546 1345 566 movere
1361 541 1463 566 contra
1483 538 1618 566 homines
1646 538 1766 574 imperii
1794 539 1884 571 nostri,

1071 582 1194 618 qui,ceu
1211 583 1266 619 ipsi
1283 585 1506 620 suggesserunt,
1522 591 1568 611 res
1584 583 1754 611 astulerunt
1769 582 1884 619 ipsorum

1071 627 1202 662 iussione
1216 636 1330 664 semper
1344 628 1525 656 memorandi
1554 627 1745 664 imperatoris
1772 630 1799 655 et
1821 627 1884 655 desi-

1072 672 1252 700 deratissimi
1271 672 1364 707 patrui
1381 672 1566 700 celsitudinis
1581 675 1693 708 nostre,
1710 672 1820 700 domini
1835 672 1885 700 Ma-

1073 716 1178 751 nuelis,
1195 718 1277 751 tunc,
1291 725 1359 745 cum
1376 717 1450 754 capii
1473 717 1602 754 fuerunt,
1619 718 1831 746 subtraxerunt
1844 726 1885 744 au-

1073 763 1131 789 tem
1149 763 1177 789 et
1195 769 1251 789 non
1269 761 1450 795 obtulerunt,
1467 762 1629 790 secundum
1647 762 1730 798 quod
1747 763 1776 790 in
1805 761 1886 798 predi-

1074 805 1164 834 misso
1179 806 1355 842 chrysobulo
1379 806 1564 834 celsitudinis
1579 809 1681 835 nestre
1702 807 1739 835 de
1754 807 1807 835 hoc
1833 815 1886 834 con-

1075 850 1211 879 stitutum
1229 853 1283 886 est,
1300 851 1399 879 omnia
1414 851 1471 880 alia
1487 852 1600 879 actione
1616 851 1722 886 debiti,
1739 860 1794 888 que
1808 851 1885 879 Vene-

1075 895 1142 924 ticis
1157 899 1258 924 contra
1270 897 1443 924 Romeorum
1469 896 1650 933 quempiam,
1667 896 1713 925 vel
1731 899 1829 924 contra
1851 896 1885 930 ip-

1077 949 1142 968 sum
1160 940 1276 976 ﬁscum,
1292 941 1337 968 vel
1353 941 1469 968 Romeis
1494 943 1522 970 et
1533 941 1602 969 fisco
1619 943 1725 970 contra
1754 940 1886 969 Veneticos

1078 986 1145 1013 ante
1160 985 1324 1021 captionem
1349 985 1480 1022 ipsorum
1507 986 1687 1020 convenerit,
1714 985 1820 1014 irritari
1846 985 1886 1012 de-

1078 1029 1165 1057 bente
1181 1030 1216 1058 ab
1233 1030 1366 1067 utrisque
1386 1031 1519 1067 partibus
1534 1039 1541 1065 ;
1558 1033 1697 1067 prescnte
1727 1029 1885 1067 chrysobulo

1077 1075 1165 1102 verbo
1181 1075 1296 1111 imperii
1309 1075 1400 1103 nostri
1423 1075 1508 1104 ﬁrmo
1535 1078 1564 1104 et
1591 1075 1757 1104 inviolabili
1787 1082 1885 1111 ρει-ωα-

1077 1126 1146 1146 nere
1162 1119 1294 1154 debente,
1311 1120 1386 1148 facto
1402 1128 1502 1148 mense
1517 1120 1602 1148 Junio
1623 1120 1773 1157 presentis
1787 1117 1886 1155 septimi

1078 1164 1158 1198 anni,
1176 1163 1205 1192 in
1222 1172 1279 1200 quo
1295 1167 1323 1192 et
1338 1167 1470 1193 nostrum
1487 1165 1568 1202 pium
1584 1167 1613 1193 et
1627 1174 1645 1193 a
1660 1166 1718 1194 deo
1739 1166 1887 1202 promotum

1079 1209 1263 1244 subsignavit
1279 1209 1444 1245 imperium,

1237 1282 1370 1309 [sumus
1385 1281 1414 1308 in
1431 1281 1546 1309 Christo
1563 1283 1619 1310 Deo
1635 1281 1735 1310 fidelis
1749 1281 1888 1314 imperator

1281 1319 1309 1345 et
1325 1318 1491 1346 moderator
1505 1318 1709 1346 Romanorum
1725 1317 1855 1355 Angelus.

1022 1442 1084 1472 VIl.

756 1509 792 1529 DE
807 1509 969 1530 memorom
983 1509 1092 1530 ARGEOS
1107 1501 1174 1540 [41].
1191 1502 1232 1539 (Α.
1251 1504 1342 1540 1098.)

961 1561 1021 1588 Non
1037 1559 1135 1588 exalat.

1018 1652 1094 1681 Vill.

685 1725 777 1745 suam
794 1725 885 1745 BULLA
903 1724 1015 1745 PlSANlS
1031 1723 1172 1745 concessa
1191 1718 1256 1754 [-12].
1271 1719 1316 1754 (Α.
1334 1719 1426 1755 1t92,)
1472 1704 1478 1706 Δ

237 1801 586 1838 Interruptajampridem
609 1802 673 1836 fuit,
691 1810 723 1830 ex
736 1810 793 1838 quo
805 1804 947 1838 tyrannus
973 1801 1022 1829 ille
1037 1802 1059 1836 C
1083 1810 1172 1830 mune
1187 1804 1250 1839 ejus
1270 1803 1496 1840 supplicatorias
1521 1804 1556 1832 ad
1573 1805 1704 1832 nostram
1720 1799 1882 1830 clementiam

202 1846 386 1874 Andronicus
401 1848 598 1874 Romanorum
611 1847 718 1874 invasit
731 1847 886 1883 imperium
902 1849 929 1875 et
946 1855 1022 1874 nunc

203 1898 308 1926 usque,
336 1890 409 1918 fides
429 1893 456 1918 et
471 1891 584 1918 devotio
600 1891 724 1919 civitatis
748 1893 777 1919 et
801 1894 876 1919 terre
907 1891 1021 1926 Pisano,

205 1942 293 1971 quam
304 1943 372 1971 erga
380 1937 509 1963 nostrum
521 1936 653 1964 fovebant
666 1936 840 1964 Romeorum
854 1936 1021 1972 imperium,

204 1979 239 2007 Et
254 1979 310 2007 nisi
328 1979 469 2008 modestia
486 1980 660 2009 etbilaritas
671 1981 853 2009 celsitudinis
870 1983 979 2014 nostre,
996 1983 1023 2009 et

203 2024 232 2052 in
250 2024 442 2053 effusionibus
458 2025 677 2062 appianicorum
699 2026 875 2062 sanguinum
899 2026 1023 2054 tarditas

203 2071 232 2098 et
259 2069 448 2106 impromptio
472 2091 478 2098 .
502 2091 508 2098 .
531 2093 537 2098 .
558 2090 565 2099 .
586 2081 593 2087 ο
610 2071 665 2107 (43)
695 2079 711 2099 a
740 2071 798 2099 Deo
818 2074 912 2099 erecte
935 2073 963 2099 et
987 2071 1022 2099 ad

203 2114 402 2142 Romanorum
414 2114 527 2151 imperii
542 2115 759 2144 firmamentum
772 2116 890 2152 quidem
900 2115 1023 2144 exaltate

203 2159 414 2195 impedimento
430 2159 470 2188 rei
488 2160 621 2195 fuissent,
637 2160 657 2188 ii
674 2161 722 2197 qui
740 2161 800 2188 beri
820 2161 943 2188 Romani
972 2161 1023 2188 de-

204 2204 261 2232 voti
277 2207 359 2232 erant
375 2204 458 2240 quasi
474 2207 500 2233 et
518 2205 629 2232 inimici
646 2205 738 2233 effecti
758 2206 890 2240 fuissent,
919 2207 947 2233 et
973 2213 1024 2241 pro

206 2248 309 2277 amicis
324 2251 351 2276 et
367 2248 482 2277 utilium
507 2249 679 2278 allatoribus
695 2252 723 2278 et
740 2258 788 2286 per
803 2252 934 2286 tempore
951 2250 1025 2278 iide-

205 2293 327 2321 lissimis
343 2302 458 2330 quoque
475 2294 636 2322 fautoribus
646 2294 674 2322 in
684 2294 783 2323 hostes
796 2297 824 2322 et
835 2294 1024 2331 depopulato-

207 2347 254 2366 res
269 2339 342 2366 versi
360 2339 493 2375 equidem
512 2339 702 2372 rssent.Quod
721 2341 747 2368 et
764 2348 796 2368 ex
821 2341 904 2376 parte
927 2347 1024 2376 perpe-

207 2384 316 2410 tratum
331 2385 385 2416 est,
400 2385 428 2411 et
444 2384 552 2412 damna
565 2393 580 2411 a
595 2384 772 2420 quibusdam
785 2385 944 2420 Romeis,et
956 2384 1024 2412 item

207 2426 322 2454 Pisanis
338 2435 371 2455 ex
387 2431 467 2464 parte
484 2431 658 2456 Itumeorum
677 2430 751 2457 facta
775 2432 853 2464 sunt,
883 2429 1025 2458 multum-

208 2473 405 2524 qlne‘ternpus,
422 2482 478 2510 que
494 2474 617 2509 dudum,
633 2476 700 2502 ante
721 2474 802 2502 unita
817 2477 909 2510 erant,
927 2483 1028 2512 seque-
1043 2491 1066 2524 D

207 2518 298 2544 strata
309 2517 407 2545 habuit
425 2519 562 2547 etdivisa.

242 2560 435 2593 Quamobrem
453 2563 578 2591 civitatis
591 2563 764 2592 Pisanorum
783 2567 920 2601 potestas,
946 2565 1028 2594 Tedi-

206 2605 280 2641 cius,
297 2606 411 2635 comitis
426 2607 539 2644 Ugolini
558 2608 646 2643 illius,
663 2617 696 2636 ac
735 2610 895 2638 consiliarii
908 2613 935 2638 et
950 2619 1027 2638 com-

261 2688 298 2721 iO)
315 2687 406 2716 Marin
426 2696 432 2715 :
450 2689 596 2717 (domum.

255 2725 299 2757 41)
316 2724 464 2752 Laudatur
479 2725 513 2753 ad
531 2725 665 2761 disposit.
679 2726 809 2753 thronor.
827 2726 854 2754 in
872 2725 942 2754 Coll.
959 2735 1024 2754 can.

207 2760 253 2798 ed,
264 2760 365 2798 libelli
377 2764 404 2789 et
420 2761 492 2789 Petti
503 2761 531 2789 V.
545 2760 650 2798 p.481,

236 2797 302 2835 .(12)
323 2797 395 2835 Editi
413 2797 627 2835 Flaminioqdal
646 2797 737 2834 Borgo
765 2798 887 2832 Diplomi
914 2798 1023 2835 Pisoni,

212 2831 276 2859 Pica
293 2831 370 2868 1765,
388 2835 403 2862 4
417 2843 445 2871 p.
472 2834 532 2871 147,
563 2833 689 2870 indeque
702 2831 940 2870 'repraasentavit
963 2831 1022 2862 Βυέ

1084 1855 1190 1876 manus
1205 1848 1357 1877 intendere
1368 1848 1566 1883 voluerunt,et
1581 1846 1817 1885 prudentissimos
1831 1849 1883 1870 con-

1081 1892 1158 1920 cives
1174 1893 1426 1927 suos,ttainsrium
1437 1893 1558 1922 Gaetani
1574 1895 1602 1921 et
1613 1893 1759 1929 Sigerium
1771 1887 1880 1926 judicem

1082 1938 1206 1965 nuncios
1222 1939 1256 1966 ad
1276 1941 1405 1966 nostram
1417 1939 1585 1976 legaverunt
1600 1934 1883 1969 serenitatem,damp-

1082 1990 1186 2010 norum
1204 1982 1317 2011 Pisanis
1333 1991 1494 2019 eorumque
1504 1982 1652 2011 communi
1665 1991 1700 2011 ex
1714 1979 1881 2019 parteBOml-

1083 2026 1129 2054 nie
1146 2035 1196 2063 pre
1210 2027 1358 2056 illatorum
1377 2027 1618 2056 restaurationem
1640 2029 1780 2063 petentes,
1796 2025 1821 2052 et
1843 2021 1870 2048 δε

1083 2071 1256 2107 nignitatem
1272 2073 1495 2109 tranquillitatis
1512 2073 1627 2109 imperii
1645 2071 1737 2101 nostri
1753 2067 1881 2107 pristinam

1083 2124 1172 2152 quam
1189 2125 1257 2154 erga
1273 2118 1418 2146 civitatem
1433 2121 1460 2146 et
1473 2120 1579 2146 terram
1596 2118 1729 2155 ipsorum
1741 2115 1830 2143 nostra
1840 2110 1881 2138 ha-

1083 2161 1169 2189 bebat
1184 2161 1350 2198 clementia,
1368 2163 1542 2200 suppliciter
1556 2162 1757 2200 postulantes;
1773 2160 1798 2187 et
1814 2161 1879 2203 serg-

1084 2206 1161 2233 nitas
1177 2209 1275 2237 nostra
1289 2199 1413 2244 benigne
1430 2216 1478 2236 eos
1494 2208 1639 2244 recipiens
1652 2209 1681 2235 et
1697 2215 1750 2244 que
1765 2204 1798 2233 ab
1812 2201 1842 2229 iis
1850 2199 1879 2226 di-

1084 2251 1226 2280 cebantur
1236 2252 1464 2286 auscultans,eis
1473 2261 1526 2289 que
1538 2260 1622 2281 versa
1630 2252 1693 2280 vice
1703 2252 1820 2286 ἀδωρῐια
1831 2250 1879 2281 ll“

1085 2295 1164 2324 tibus
1181 2298 1319 2326 Romanie
1330 2298 1505 2334 quibusdam
1519 2306 1534 2326 a
1546 2300 1628 2335 parte
1641 2297 1805 2325 Pisanorum
1816 2289 1877 2337 illata

1085 2340 1113 2368 in
1132 2342 1303 2370 memoriam
1321 2351 1470 2377 revocans,
1500 2351 1593 2379 eaque
1612 2342 1647 2370 ab
1671 2341 1743 2378 ipsis
1765 2339 1876 2380 Βοωαῐξξθ

1086 2386 1227 2414 resturari
1242 2387 1370 2416 vicissim
1397 2388 1526 2425 exigens,
1543 2377 1577 2416 ad
1599 2377 1737 2416 ultimum
1752 2392 1782 2412 ει
1801 2377 1875 2425 ΡΓῨΜ

1087 2432 1199 2459 ciorum
1223 2431 1385 2468 legatorum
1409 2423 1544 2469 precibus
1567 2432 1757 2460 abolicionem
1782 2423 1874 2471 ςυίάθξυ

1087 2484 1200 2509 eorum,
1215 2485 1271 2513 quc
1286 2485 1319 2505 ex
1334 2486 1390 2514 quo
1407 2479 1550 2514 tyrannus
1564 2476 1731 2513 supervenit
1752 2477 1832 2507 usque
1851 2473 1872 2493 "'

1088 2529 1209 2557 presens
1225 2524 1289 2550 acta
1304 2522 1425 2551 sunteis
1437 2523 1582 2550 concessit
1594 2531 1600 2557 ;
1613 2522 1792 2550 immemores
1800 2514 1874 2557 ante“?

1087 2568 1116 2594 et
1131 2574 1179 2594 eos
1194 2567 1254 2594 fore
1274 2567 1407 2595 omnium
1419 2567 1619 2603 negociorum,
1641 2574 1699 2602 que
1723 2554 1874 2603 hactenusei

1087 2619 1180 2647 usque
1192 2620 1269 2640 nunc
1285 2620 1317 2639 ex
1334 2601 1482 2648 aliquibus
1493 2612 1602 2645 causis,
1612 2601 1697 2648 Vjuste
1711 2609 1751 2638 vel
1777 2601 1871 2640 ἱηῖυείθι

1085 2693 1159 2720 chon
1176 2692 1320 2721 Nom'elles
1335 2692 1496 2721 Rechcrchcs
1512 2693 1576 2721 hist.
1592 2701 1638 2720 uir
1653 2692 1680 2720 lu
1693 2690 1777 2728 prius.
1798 2684 1869 2719 ῙνίυΨ

1083 2729 1115 2756 de
1131 2730 1215 2757 Morc‘e
1230 2729 1286 2757 vol.
1302 2729 1334 2762 ll,
1352 2737 1381 2765 p,
1399 2729 1442 2756 12.

1118 2750 1471 2800 Veii;
1487 2768 1578 2793 nostra
1600 2764 1657 2792 huc
1686 2750 1868 2795 transponendti

1083 2807 1146 2828 esse
1160 2801 1305 2830 videntur.
