1973 3154
84 192 135 222 473

85 257 264 296 producenda
278 256 436 292 habebant,
452 257 548 294 exigit.
566 259 600 285 Et
616 258 732 294 quidem
747 260 775 286 et
791 257 830 285 hii
843 257 897 286 cle-
914 259 940 293 Α

86 302 186 332 mentio
202 304 300 330 nostra
324 302 504 330 concessioni
531 310 695 339 repugnare
719 302 801 330 nullo
818 302 904 330 modo

86 348 290 381 decreverunt;
308 354 372 374 cum
404 347 495 374 multa
519 355 586 375 vero
615 347 775 384 gratiarum
792 347 905 376 actione

85 401 142 421 eam
158 391 364 427 suscipientes,
381 394 564 419 sacramento
587 392 793 420 certitudinem
810 391 904 428 impe-

85 437 123 466 rio
138 439 237 464 nostro
256 437 385 464 fecerunt
407 439 467 464 tam
483 437 520 464 de
549 436 703 470 oblivione,
732 444 818 472 quam
835 436 903 464 civi-

85 484 125 510 tas
139 484 166 510 et
181 484 259 509 terra
275 480 383 508 Pisana
396 481 425 508 in
443 483 616 517 perpetuum
634 481 783 509 habebunt
803 489 903 509 eorum

84 526 213 554 videlicet
224 525 357 553 omnium
373 526 568 562 dampnorum
578 534 633 562 que
645 533 738 562 usque
751 534 829 553 nunc
840 525 903 562 qui-

83 571 201 599 busdam
218 570 334 598 Pisanis
351 579 367 598 a
383 570 501 598 Romeis
515 570 595 598 illata
611 573 689 604 sunt,
706 572 905 607 quotcumque

84 618 109 644 et
122 614 351 651 qualiacumque
364 615 433 650 sint,
451 623 538 651 quam
570 617 598 643 et
613 615 648 642 de
662 615 717 642 fide
742 617 769 643 et
784 615 905 643 servicio

84 668 164 696 quam
182 662 209 688 et
223 660 302 696 quod
319 659 443 696 imperio
459 659 732 695 nostro,heredibus
747 662 775 688 et
790 668 905 688 succes-

83 705 191 734 soribus
207 705 285 740 ejus,
302 704 417 740 ipsique
434 704 576 732 Romanis
591 704 744 732 observare
762 705 790 732 in
808 705 906 732 futuro

83 749 192 778 debent.
210 749 348 785 Amptius
371 749 479 785 quippe
508 749 652 777 serenitas
679 749 793 786 imperii
812 749 904 777 nostri

83 802 127 822 eos
141 795 299 830 acceptans
314 795 343 821 et
359 793 606 830 supplicationem
627 802 727 822 eorum
744 802 809 822 cum
826 794 905 822 mul-

83 841 140 866 tum
154 837 370 874 supplicatoria
382 841 410 866 et
420 837 581 874 procidenti
595 839 688 875 ﬁgura
698 839 792 866 fusam
807 839 841 867 ad
855 847 905 866 no~

83 885 166 912 stram
183 882 373 911 clementiam
389 883 560 917 exaudiens,
574 891 631 911 non
647 883 742 912 solum
759 883 904 911 habitato-

83 937 123 956 res
138 927 264 956 civitatis
282 929 310 955 et
326 929 400 956 terre
425 927 557 955 Pisarum
575 928 604 956 in
622 936 655 956 ea
666 929 746 964 jura,
762 936 819 965 que
833 928 907 964 ipsis
921 949 944 982 B

82 973 109 1002 in
122 973 265 1001 Romania
292 972 449 1008 precollata
477 973 603 1007 fuerant,
619 973 733 1001 restitui
748 973 903 1009 concessit,

82 1025 174 1045 verum
202 1017 294 1045 etiam
312 1017 475 1045 secundum
492 1016 608 1045 Domini
624 1018 800 1046 sententiam
815 1026 905 1054 super

83 1071 166 1099 pauca
182 1062 286 1090 ﬁdeles
303 1062 450 1098 reperiens
475 1070 564 1098 super
579 1062 673 1090 multa
697 1062 860 1098 constituit,
876 1064 904 1091 et

83 1108 113 1135 ad
129 1107 358 1135 notificationem
375 1115 475 1135 eorum
493 1107 682 1143 queimperio
700 1110 808 1144 nostro,
821 1107 902 1136 here-

84 1152 161 1180 dibus
176 1154 204 1180 et
219 1151 445 1180 successoribus
461 1152 525 1187 ejus
554 1153 582 1179 et
598 1152 739 1180 Romanis
755 1152 783 1180 in
800 1160 901 1189 perpe-

84 1198 159 1224 tuum
174 1196 229 1232 ipsi
241 1195 366 1233 polliciti
376 1199 487 1230 sunt,et
498 1204 598 1224 eorum
612 1205 667 1233 que
681 1197 818 1225 similiter
830 1197 903 1233 ipsis

85 1250 99 1269 ιι
111 1241 262 1269 clementia
281 1243 382 1269 nostra
397 1241 501 1269 collata
517 1243 596 1276 sunt,
613 1249 733 1277 presens
746 1241 902 1278 chrysobo-

84 1285 138 1313 lum
153 1286 277 1314 verbum
293 1285 334 1313 eis
363 1285 489 1320 donavit,
519 1285 673 1314 continens
700 1287 736 1314 de
763 1286 850 1314 verbo
865 1287 900 1315 ad

86 1331 196 1359 verbum
212 1339 245 1359 ea
263 1339 323 1367 que
338 1339 415 1358 nunc
432 1331 467 1358 ab
494 1331 530 1358 iis
547 1334 632 1367 pacta
647 1333 716 1359 sunt
731 1333 759 1359 et
773 1331 802 1359 in
817 1331 902 1359 char-

85 1375 139 1403 tula
154 1375 258 1404 litteris
280 1375 380 1403 latinis
395 1376 504 1412 scripta
529 1378 558 1404 et
572 1376 786 1413 subscriptione
800 1384 900 1404 eorum

84 1420 247 1449 conﬁrmata
264 1420 478 1457 comprehensa
507 1423 578 1449 sunt
593 1423 622 1449 et
644 1429 743 1450 eorum
759 1422 901 1458 corporali

84 1468 259 1494 sacramento
279 1466 474 1500 corroborata,
491 1468 519 1494 et
547 1474 603 1501 que
631 1466 806 1503 plenitudini
824 1467 902 1495 Pisa-

84 1518 141 1538 rum
157 1511 233 1539 facta
245 1512 320 1538 sunt
332 1510 505 1547 chrysobula
517 1511 604 1539 verba
615 1519 730 1547 semper
741 1519 902 1539 memoran-

85 1555 179 1583 dorum
193 1555 526 1592 imperatorum,proavi
542 1555 653 1584 scilicet
667 1555 781 1593 imperii
797 1556 900 1591 nostri,

85 1600 185 1628 domini
214 1599 313 1629 Alexii
339 1600 490 1636 Comnani,
516 1603 545 1629 et
573 1600 780 1629 desiratissimi
805 1601 901 1638 patrui

85 1644 260 1673 celsitudinis
293 1647 402 1680 nostra,
419 1645 529 1674 domini
559 1644 715 1680 Munuelis,
733 1645 761 1672 in
791 1645 900 1682 quibus
916 1637 937 1672 C

83 1689 188 1725 quidem
203 1690 370 1719 recitantur
394 1698 451 1726 que
465 1692 536 1718 tunc
561 1699 577 1718 a
593 1689 708 1718 Pisanis
724 1692 808 1726 pacta
823 1690 902 1718 fuere

83 1736 107 1762 et
120 1743 172 1771 que
187 1743 204 1763 a
221 1737 309 1772 parte
325 1735 465 1764 Romanis
481 1735 523 1764 eis
539 1735 652 1764 collata.

113 1787 201 1816 Habet
229 1788 324 1825 igitur
348 1788 499 1816 conventio
529 1788 638 1825 scripta
665 1788 784 1824 quidem
813 1797 903 1825 quea

83 1832 230 1861 uotificatis
246 1833 355 1869 legatis
371 1833 502 1861 Pisarum
520 1834 555 1861 ad
582 1833 738 1869 imperium
756 1836 901 1870 nostrum,

80 1875 190 1905 heredes
204 1880 232 1906 et
249 1885 441 1906 successores
469 1879 545 1914 ejus,
560 1880 588 1906 et
617 1878 652 1906 ad
681 1878 776 1914 ipsum
795 1879 901 1906 Roma-

81 1920 149 1949 niam
165 1921 239 1950 facta
264 1924 322 1957 est,
339 1924 367 1950 et
396 1923 473 1958 quod
504 1931 593 1959 super
608 1931 671 1951 eam
698 1923 900 1959 juramentum

80 1964 179 1994 factum
196 1969 251 2003 est,
270 1967 334 1995 sic:

111 2019 174 2053 Nos,
190 2020 283 2057 legati
312 2020 438 2048 civitatis
454 2022 482 2049 et
510 2022 586 2048 terre
613 2021 728 2055 Pisane,
745 2021 901 2050 Rainerius

83 2063 191 2093 Gaetani
206 2068 235 2094 et
249 2065 382 2101 Sigerius
393 2065 493 2101 judex,
511 2065 594 2094 missi
612 2074 628 2094 a
641 2065 768 2099 Tedicio,
785 2065 901 2094 comitis

84 2107 185 2144 Ugolini
201 2110 274 2145 ﬁlio,
294 2112 436 2146 potestate
451 2110 576 2139 civitatis
602 2112 630 2139 et
646 2113 721 2139 terre
737 2111 850 2145 Pisans,
868 2119 900 2139 ac

82 2154 246 2184 consiliariis
263 2156 388 2191 ipsoque
411 2155 561 2183 communi
576 2156 639 2192 ejus
670 2155 705 2183 ad
722 2155 900 2183 altissimum

82 2197 277 2234 imperatorem
295 2201 470 2228 Romeorum
487 2201 515 2228 et
543 2208 660 2236 semper
674 2203 832 2236 augustum
849 2201 899 2228 do-

83 2243 185 2271 minum
203 2244 353 2272 Iaaakium
367 2244 553 2281 Angelum,et
568 2245 734 2281 injunctum
746 2245 783 2273 ab
794 2245 835 2273 eis
847 2245 899 2274 ha-

84 2286 174 2316 bentes
203 2289 322 2325 petendi
353 2289 388 2317 ab
419 2289 594 2326 imperatore
617 2292 646 2318 et
674 2290 817 2318 Romanis
832 2299 900 2327 pre-

648 191 841 221 NOVt‘JLL/E
863 191 1214 223 CONSTlTU’l‘lONES.

1723 192 1782 221 474

957 257 1007 286 illo
1023 259 1156 288 Chumno
1186 261 1215 288 et
1243 259 1308 288 aliis
1336 259 1482 287 defunctis
1510 260 1538 287 et
1562 257 1783 294 superstitibus,

959 303 1088 340 dampna
1104 304 1185 332 illata
1200 305 1322 340 Pisanis,
1340 313 1371 333 ex
1388 312 1445 340 quo
1464 303 1629 331 notificatus
1645 302 1782 331 dominus

957 347 1141 376 Andronicus
1157 349 1333 378 Romeorum
1350 349 1456 377 invasit
1471 349 1626 384 imperium
1643 350 1671 376 et
1687 355 1781 383 usque

959 395 1135 428 nunc,atque
1147 394 1296 422 subtracta
1308 393 1450 422 solemnia
1464 392 1584 421 ecclosie
1599 393 1703 420 Pisano
1714 392 1781 420 civi—

958 437 1027 465 tatis
1056 439 1084 466 et
1112 438 1330 474 archiepiscopo
1361 446 1504 466 annorum
1536 439 1600 465 octo
1629 439 1657 465 et
1687 445 1779 473 usque

959 490 1047 517 unnc,
1077 485 1105 510 et
1121 483 1251 510 redditus
1279 482 1386 510 emboli
1403 491 1514 516 eorum,
1544 484 1572 510 et
1601 481 1780 517 reliquorum

959 528 1153 555 attenenlium
1169 527 1222 563 eis,
1239 530 1268 556 et
1295 528 1331 556 ab
1356 527 1397 555 eis
1420 529 1519 555 exacta
1548 527 1738 560 commertia;
1755 528 1784 554 et

959 571 984 599 si
1001 571 1053 599 hec
1078 573 1179 600 eadem
1210 573 1372 608 reperimus
1400 572 1505 608 agendi
1535 574 1632 608 grates
1661 571 1784 608 imperio

959 621 1023 656 ejus
1039 623 1150 656 sancto;
1167 624 1195 649 et
1223 621 1442 650 conventionem
1473 621 1623 649 assiduam
1638 623 1665 648 et
1681 629 1783 657 perpe-

959 667 1040 693 tuam
1059 666 1162 694 factum
1194 667 1430 703 progenitoribus
1460 666 1534 701 ejus,
1556 665 1783 702 imperatoribus

959 709 1078 738 domino
1095 710 1194 738 Alexio
1211 711 1359 738 Comnano
1375 713 1402 739 et
1419 710 1478 738 filio
1494 711 1566 745 ejus,
1584 709 1782 746 Porphyroge-

959 755 1021 783 nito
1036 755 1153 783 domino
1168 756 1273 783 Joanni
1291 758 1316 783 et
1348 758 1451 792 patruo
1480 755 1594 791 imperii
1610 755 1674 790 ejus
1689 754 1783 782 sancti

960 799 1079 828 domino
1110 800 1246 835 Manueli,
1271 802 1300 828 et
1324 800 1482 828 heredibus
1505 802 1533 828 et
1563 799 1785 827 successoribus

960 845 1025 881 ejus
1041 845 1156 881 ipsique
1172 845 1325 879 Romanis,
1338 847 1427 881 atque
1443 845 1594 873 servitium
1610 846 1783 880 perpetuum

960 891 988 917 et
1003 889 1155 918 assiduum
1186 889 1343 918 renovandi
1372 892 1400 918 et
1425 889 1618 925 jurejurando
1648 889 1783 917 corrobo.

961 933 1065 967 randi;
1081 933 1105 961 si
1121 941 1187 961 vero
1203 934 1255 961 hec
1271 934 1369 962 eadem
1397 933 1553 970 imperium
1571 934 1634 969 ejus
1651 936 1783 961 sanctum

959 985 1015 1005 non
1034 977 1188 1014 adimplet,
1203 977 1259 1006 alio
1274 986 1341 1006 vero
1364 978 1449 1006 modo
1466 978 1563 1014 aliquo
1591 978 1782 1006 restauratio-

959 1030 1026 1049 nem
1044 1022 1112 1050 facit
1141 1023 1290 1050 communi
1317 1022 1449 1050 Pirarum
1478 1022 1603 1050 civitatis
1618 1022 1781 1059 placentem

959 1066 1053 1102 nobis,
1082 1067 1184 1103 sicque
1220 1067 1306 1095 etiam
1343 1067 1528 1095 manifestam
1559 1067 1780 1095 conventionem

958 1114 1142 1139 sacramento
1171 1112 1384 1146 confirmandi;
1414 1112 1554 1148 quoniam
1571 1112 1606 1140 ad
1624 1111 1779 1148 imperium

958 1157 1023 1192 ejus
1039 1159 1172 1184 sanctum
1191 1157 1386 1193 pervenimus,
1407 1159 1436 1184 et
1459 1157 1488 1184 in
1505 1160 1660 1192 conspectu
1687 1157 1780 1192 maje-

957 1201 1042 1229 statis
1058 1202 1121 1237 ejus
1137 1204 1266 1230 astantes
1282 1201 1360 1238 piam
1376 1202 1441 1238 ejus
1457 1201 1660 1229 celsitudinem
1677 1201 1780 1229 adora-

956 1246 1063 1282 vimus,
1078 1248 1106 1274 et
1120 1246 1204 1274 nobis
1219 1246 1359 1282 injunctis
1375 1247 1555 1274 sufficienter
1570 1246 1702 1275 tractatis
1716 1254 1778 1274 om-

957 1291 1045 1319 nibus
1061 1291 1189 1327 quidem,
1206 1299 1262 1328 que
1291 1292 1452 1327 poscimus,
1469 1291 1554 1328 potiri
1580 1291 1778 1326 nequivimus,

957 1337 1027 1372 quia
1041 1339 1068 1365 et
1083 1336 1250 1364 sublimitas
1262 1336 1376 1373 imperii
1388 1332 1452 1372 ejus
1468 1336 1560 1365 sancti
1577 1335 1706 1364 vicissim
1719 1335 1778 1363 exi-

956 1381 1042 1418 gebat
1057 1390 1073 1410 a
1089 1381 1174 1410 nobis
1189 1382 1296 1410 damna
1312 1390 1328 1409 a
1350 1381 1526 1417 quibusdam
1543 1381 1658 1409 Pisanis
1672 1381 1777 1408 Roma-

956 1425 1005 1454 nie
1020 1426 1198 1462 quibusdam
1214 1425 1299 1454 terris
1327 1426 1508 1462 diversisque
1524 1426 1641 1454 Bomeis
1656 1434 1707 1462 per
1720 1427 1777 1453 ter-

956 1479 1019 1499 ram
1036 1472 1063 1499 et
1079 1479 1159 1499 mare
1173 1470 1273 1506 illata;
1291 1471 1434 1499 modestia
1453 1478 1521 1498 vero
1543 1472 1572 1498 et
1587 1470 1778 1506 magnificen-

956 1515 998 1544 tia
1012 1515 1156 1552 imperiali
1169 1515 1321 1552 dignatum
1331 1517 1376 1543 est
1386 1516 1450 1551 ejus
1461 1516 1595 1543 sanctum
1608 1514 1776 1551 imperium,

956 1572 1008 1600 pro
1038 1564 1176 1592 omnibus
1205 1573 1261 1600 que
1289 1564 1440 1601 poscimus
1469 1566 1497 1593 et
1522 1563 1659 1600 superius
1687 1562 1779 1590 relata

957 1611 1038 1644 sunt,
1054 1611 1173 1645 excepto
1189 1611 1291 1637 mutuo
1315 1610 1390 1638 facto
1409 1608 1644 1643 sebastocratori,
1661 1609 1778 1635 mutua-

956 1654 1071 1682 toribus
1087 1653 1115 1681 in
1133 1654 1304 1682 memoriam
1320 1654 1384 1682 dive
1399 1653 1527 1690 potentia
1540 1653 1603 1689 ejus
1619 1660 1778 1680 consensu-

957 1707 1013 1734 que
1029 1698 1120 1726 nostri
1137 1707 1168 1726 se
1192 1698 1384 1734 jactantibus,
1406 1698 1507 1735 largiri
1535 1698 1639 1726 Pisane
1654 1696 1780 1725 civitatis

956 1743 1106 1771 communi
1123 1751 1179 1780 que
1194 1751 1228 1772 ex
1243 1743 1417 1771 muneribus
1441 1751 1556 1779 semper
1575 1741 1779 1770 memorando-

957 1794 1022 1816 rum
1039 1789 1260 1825 imperatorum,
1290 1788 1401 1816 domini
1427 1788 1518 1816 Alexii
1547 1791 1575 1816 et
1595 1786 1703 1815 domini
1719 1788 1777 1814 Ma-

957 1833 1063 1868 nuelis,
1080 1842 1095 1861 a
1112 1834 1197 1862 nobis
1213 1834 1326 1870 pridem
1340 1833 1368 1861 in
1383 1841 1489 1870 magna
1505 1832 1577 1860 urbe
1588 1831 1777 1869 possideban-

956 1881 1023 1906 tur:
1041 1878 1188 1906 embolum
1219 1878 1364 1912 videlicet,
1393 1878 1545 1906 ecclesiam
1577 1885 1642 1905 cum
1659 1877 1749 1904 altera
1764 1884 1781 1904 a

956 1923 1174 1952 contribulibus
1190 1923 1298 1951 nostris
1314 1923 1389 1951 infra
1404 1923 1544 1951 terminos
1557 1925 1670 1951 nostros
1686 1923 1781 1950 erecta

956 1967 1089 2002 ecelesia,
1105 1970 1133 1996 et
1149 1967 1306 1996 littoralem
1332 1967 1440 1996 scalam
1455 1977 1461 2002 ;
1490 1968 1556 2003 plus
1569 1976 1635 1995 vero
1650 1966 1696 1994 his
1712 1967 1781 1994 dare

956 2013 1065 2042 civitati
1082 2017 1188 2047 uostre,
1218 2015 1324 2049 etque
1352 2013 1382 2040 in
1411 2012 1542 2040 faciendo
1570 2012 1654 2040 nobis
1671 2011 1780 2047 pratico

955 2057 1123 2085 traditionis
1139 2065 1240 2085 eorum
1258 2066 1314 2093 que
1330 2066 1419 2094 super
1442 2057 1553 2094 pridem
1573 2057 1658 2084 nobis
1673 2056 1781 2083 tradita

956 2105 1061 2135 collata
1076 2108 1156 2141 sunt,
1184 2107 1432 2135 notificnbuntur:
1450 2106 1523 2141 quod
1548 2105 1659 2133 scilicet
1672 2104 1779 2140 practi-

955 2159 1022 2179 cum
1039 2159 1098 2178 una
1113 2159 1180 2178 cum
1197 2151 1329 2179 faciendo
1345 2150 1488 2186 imperiali
1502 2149 1649 2178 adorando
1664 2149 1780 2185 chryso-

955 2195 1024 2223 bulo
1039 2195 1069 2223 in
1085 2196 1206 2224 secretis
1221 2197 1386 2230 sternetur;
1403 2203 1542 2223 reu0varc
1557 2202 1671 2230 quoque
1684 2193 1719 2221 ab
1736 2193 1779 2220 in-

955 2241 1044 2269 stanti
1061 2243 1191 2276 temporc
1220 2240 1408 2277 largicionem
1440 2239 1582 2268 solemnis
1611 2240 1709 2266 nostre
1731 2246 1778 2265 ec-

956 2285 1053 2321 clesie,
1083 2286 1312 2322 quingentorum
1351 2285 1485 2313 videlicet
1516 2291 1723 2321 yperperorum
1752 2284 1780 2311 et

85 2336 237 2363 mutuatum
253 2335 409 2371 pecuniam
425 2343 442 2363 a
464 2335 640 2371 quibusdam
657 2336 772 2364 Pisanis
788 2337 864 2365 Andr

998 2339 1080 2359 orum
1098 2331 1276 2367 palliorum;
1301 2331 1367 2358 add:
1378 2339 1407 2358 rc
1435 2332 1533 2358 autem
1548 2332 1575 2356 et
1591 2328 1646 2356 alia
1662 2330 1777 2357 centum

86 2377 143 2406 nico
157 2378 196 2406 illi
225 2379 305 2408 male
333 2380 483 2416 memorie,
514 2388 580 2408 cum
611 2380 706 2408 adhuc
731 2381 900 2410 felicissimo

84 2420 248 2458 imperatore
264 2423 384 2451 domino
399 2423 530 2452 Manut-le
548 2424 577 2452 in
592 2424 652 2452 vita
666 2424 809 2453 existente
826 2425 900 2454 noti-

84 2464 175 2495 ficatus
190 2468 330 2495 dominus
347 2468 528 2496 Andronicus
543 2468 751 2505 Hierosolymis
762 2470 879 2506 degeret
893 2479 899 2505 ;

86 2517 131 2538 nec
146 2520 200 2539 non
217 2514 244 2541 et
258 2521 276 2540 a
304 2512 481 2548 quibusdam
506 2513 584 2549 aliis,
611 2513 745 2542 videlicet
760 2515 900 2543 Tcodisco

86 2554 117 2582 de
141 2555 342 2593 Picicasegale.
373 2557 492 2586 Simone
531 2557 668 2586 Cimicosi
707 2561 736 2586 et
772 2559 900 2588 Gcrardo

87 2599 191 2628 Antonii
220 2604 248 2629 et
285 2601 416 2638 reliquis,
447 2604 610 2631 mutuatum
648 2603 899 2632 desideratissimo

87 2641 158 2671 fratri
174 2645 280 2674 domini
311 2646 496 2683 imperatoris
527 2647 703 2676 Romeorum
730 2650 758 2676 et
783 2656 900 2684 semper

87 2690 191 2724 augusti
207 2690 317 2718 domini
333 2691 437 2719 lsaakii
454 2692 566 2728 Angeli,
583 2693 752 2721 felicissimo
771 2695 898 2721 sevasto-

87 2734 180 2761 crateri
196 2735 312 2764 domino
327 2735 424 2764 Alexio
453 2737 572 2773 Angelo,
600 2746 666 2766 cum
684 2746 700 2766 a
715 2737 821 2767 comite
835 2738 898 2766 Tri-

91 2776 158 2811 polis
171 2780 302 2808 detentus
318 2783 414 2815 esset;
440 2781 508 2810 item
525 2785 553 2810 et
581 2791 614 2811 ea
636 2791 692 2819 que
721 2783 756 2811 ab
773 2782 897 2810 homini-

90 2820 138 2850 bus
152 2822 262 2860 imperii
290 2826 353 2861 ejus
379 2827 484 2862 sancti,
513 2826 657 2856 sciliceta
685 2827 897 2865 protohonora-

91 2865 196 2896 tissimo
210 2877 344 2906 supremo
372 2878 478 2908 magno
502 2871 651 2908 iogotheta
665 2872 714 2902 illo
740 2874 770 2902 et
784 2874 896 2903 eevasto

955 2384 1106 2413 yperpeia,
1123 2378 1152 2404 et
1175 2376 1282 2404 salaria
1311 2375 1530 2412 archiepiscopo
1559 2373 1684 2402 civitatis
1697 2373 1778 2401 Pisa-

956 2429 1020 2449 rum
1039 2421 1189 2458 sexaginta
1218 2429 1383 2449 aunuorum
1411 2427 1617 2456 yperperorum
1647 2418 1779 2447 etunius

955 2465 1047 2502 pallii,
1063 2468 1087 2494 e'
1119 2474 1209 2502 super
1238 2465 1290 2493 hec
1311 2473 1434 2501 persone
1462 2463 1672 2500 archiepiscopi
1689 2463 1780 2500 hujus

955 2510 1005 2547 qui
1021 2519 1099 2539 nunc
1110 2512 1153 2538 est
1165 2510 1289 2538 civitatis
1306 2509 1437 2538 Pisarum
1450 2509 1556 2537 addere
1567 2509 1624 2537 alia
1639 2516 1779 2545 ypcrpcra

955 2555 1170 2592 quadraginta;
1187 2556 1296 2583 donare
1311 2557 1410 2583 autem
1437 2554 1569 2582 Pisarum
1586 2553 1656 2582 etin
1674 2553 1709 2582 iis
1723 2561 1779 2590 que

955 2601 989 2628 de
1007 2600 1149 2629 Romania
1165 2600 1200 2628 ab
1215 2600 1288 2636 ipsis
1299 2601 1438 2628 emuntur
1453 2601 1481 2627 et
1497 2599 1736 2632 venduntur,tam
1749 2599 1778 2626 in

955 2654 1062 2682 magna
1077 2645 1149 2673 urbe
1176 2653 1264 2681 quam
1280 2644 1309 2672 in
1340 2644 1443 2672 ceteris
1465 2644 1605 2672 Romanie
1633 2643 1778 2679 partibus,

954 2695 1118 2724 libertatem
1148 2694 1315 2722 commercii
1345 2693 1444 2728 talem,
1461 2693 1557 2730 qualis
1586 2694 1654 2721 data
1677 2693 1721 2719 est
1735 2691 1778 2719 eis

955 2740 984 2768 in
999 2739 1176 2777 chrysobulo
1201 2739 1275 2775 ipsis
1300 2739 1375 2767 iacto
1392 2747 1507 2775 semper
1523 2735 1704 2766 memorandi
1721 2735 1775 2763 im-

953 2784 1106 2821 peratoris,
1121 2783 1232 2812 domini
1256 2783 1358 2817 Aleaii,
1384 2784 1413 2812 in
1431 2784 1468 2812 iis
1496 2791 1552 2819 que
1568 2782 1603 2810 de
1618 2779 1702 2808 terris
1719 2789 1775 2808 non

953 2829 1175 2866 subjacentibus
1213 2828 1345 2857 servituti
1381 2828 1498 2865 imperii
1534 2827 1709 2856 Romeorum
1738 2825 1774 2854 ab

952 2875 1025 2911 ipsis
1041 2874 1068 2903 in
1087 2882 1224 2910 magnam
1241 2873 1344 2902 urbem
1363 2874 1530 2909 afferentur,
1544 2878 1724 2908 quamquam
1741 2879 1775 2900 ex
1810 2907 1814 2910 .
