1973 3154
154 192 213 222 4'15

810 192 938 222 ISAACI
960 191 1102 222 ANGELI
1125 193 1206 223 lMP.

1800 193 1852 222 4Ἷῦ

158 257 331 293 hujusmodi
361 258 536 294 chrysobulo
552 261 691 294 appareat
717 268 766 287 eos
795 260 899 287 debere
913 259 982 286 dare
997 261 1025 295 Α
1040 259 1116 294 quod
1134 258 1264 294 predicta
1287 259 1417 294 potestas
1432 258 1582 286 communi
1603 257 1724 286 consilio
1739 258 1853 287 civitatis

155 303 359 331 commertium
377 303 406 330 in
437 303 484 335 iis,
500 304 663 331 secundum
693 305 770 340 quod
786 304 841 340 ipsi
858 303 979 336 Romei;

153 347 301 376 licentiam
317 355 384 375 vero
413 348 482 375 dare
507 348 592 376 nobis
622 349 725 384 agendi
755 349 915 377 secundum
939 347 979 375 le-

155 399 205 428 ges
221 391 250 418 in
265 392 404 428 quosdam
433 392 565 420 homines
590 393 692 429 ipsius,
721 393 770 430 qui
787 393 903 420 servilia
918 394 979 420 tra-

157 438 308 464 ctaverunt
321 437 380 464 fisci
394 439 421 464 et
432 437 607 473 quibusdam
622 438 734 466 Pisanis
746 438 923 473 injustitiam
936 437 979 464 in-

155 481 296 514 tulerunt,
314 490 346 508 eo
364 481 439 517 quod
460 482 629 517 petebamus
648 483 765 518 quidem
783 483 819 509 ab
835 481 979 518 imperiali

156 525 294 553 thesauro
310 526 438 561 dampnn
468 526 548 554 illata
565 528 740 561 quibusdam
768 527 883 555 Pisanis
899 536 915 554 a
930 527 979 553 de-

157 569 266 597 functis
295 571 463 598 hominibus
492 571 675 599 celsitudinis
705 573 779 608 ejus,
807 581 864 599 non
882 574 979 599 autem

156 615 282 642 exauditi
300 615 409 643 fuimus
420 615 559 651 quoniam
570 617 609 643 rei
628 625 812 653 nequaquam
829 616 979 652 reperiun-

156 659 342 694 turideoque
371 660 487 693 negotia
516 669 572 688 non
598 665 682 688 erant
711 662 875 693 manifesta,
892 664 920 689 et
942 661 978 688 ob

157 704 232 730 hanc
249 711 307 730 rem
325 704 495 731 desistimus
512 705 546 732 ab
563 705 598 732 iis
614 708 727 741 sponte,
751 706 814 733 sine
829 705 910 733 illata
925 714 978 733 no-

158 747 204 774 bis
218 747 243 774 vi
261 747 367 783 aliqua,
385 749 420 775 ob
445 750 686 778 restaurationem
711 759 761 786 pro
777 750 824 783 iis,
845 754 877 778 ut
893 758 978 786 supe-

157 792 218 819 rius
235 792 345 819 dictum
362 794 406 820 est
421 793 526 821 factam
544 794 687 822 universis
706 795 922 823 habitatoribus
937 795 979 822 ci~

155 837 252 864 vitatis
268 839 295 864 et
310 839 386 865 terre
401 838 523 873 Pisans;
547 840 710 876 recepimus
733 841 903 875 hujusmodi
919 841 978 876 pla-

157 889 226 908 cens
242 881 326 910 nobis
340 882 508 919 largiﬂuum
534 892 639 912 munus
655 885 835 913 serenissimi
857 887 884 912 et
900 894 977 913 sem-

157 935 210 963 per
237 928 354 963 augusti
385 929 569 964 imperatoris
599 930 709 958 domini
740 931 844 959 Isaakii
866 931 979 968 Angeli,

157 971 233 1007 quod
251 972 406 1007 imperium
423 974 487 1008 ejus
503 977 637 1003 sanctum
658 978 756 1004 nostra
768 978 843 1004 terre
859 976 935 1009 fecit,
952 977 980 1004 et

156 1016 295 1044 oblivioni
313 1018 458 1046 tradentes
474 1020 572 1047 omnia
584 1027 640 1056 que
654 1020 803 1056 petiimus,
820 1023 852 1048 ut
869 1021 980 1049 dictum

155 1063 210 1092 est,
227 1069 282 1097 que
298 1064 326 1089 et
340 1063 475 1098 superius
491 1065 612 1092 recitata
623 1065 845 1101 sunt,quoniam
863 1066 981 1102 quidem

157 1108 186 1134 et
202 1106 356 1143 imperium
375 1109 437 1143 ejus
453 1112 585 1137 sanctum
598 1111 760 1138 abolicionc
770 1111 823 1147 [ιη]
839 1111 980 1147 dampno-

159 1160 223 1179 rum
242 1160 334 1187 usque
365 1162 441 1181 nunc
472 1154 641 1182 hominibus
672 1156 812 1184 Romanis
833 1155 981 1184 illatorum

159 1196 243 1224 nobis
258 1197 351 1225 facere
365 1198 519 1234 dignatum
536 1202 600 1234 est;
625 1209 690 1228 ecce
707 1209 758 1236 per
773 1209 893 1236 presens
908 1200 981 1229 scri-

160 1243 242 1277 ptum
261 1244 405 1278 nostrum,
436 1244 545 1272 debeas
573 1247 601 1272 et
630 1245 771 1281 corporali
801 1247 981 1273 sacramento

160 1288 259 1314 nostro
276 1295 309 1314 ac
324 1288 592 1324 subscriptionibus
613 1298 718 1318 manus
734 1292 842 1326 nostre,
859 1290 981 1325 sigillis-

161 1339 216 1367 que
232 1331 421 1360 ecclesiarum
446 1333 474 1361 in
493 1342 598 1370 magna
613 1335 684 1362 urbe
699 1335 885 1362 existentium
903 1335 982 1363 Pisa-

161 1385 277 1412 norum,
294 1378 402 1405 summi
432 1379 554 1414 apostoli
586 1379 660 1407 Petri
690 1382 718 1407 et
745 1380 838 1408 sancti
861 1379 981 1414 Nicolai,

161 1421 353 1455 corroborari,
370 1423 589 1451 conventionem
620 1424 756 1452 facimus
771 1425 806 1453 ad
826 1425 982 1460 imperium

162 1465 226 1501 ejus
242 1468 387 1501 sanctum,
405 1467 526 1496 heredes
555 1471 582 1497 et
605 1477 788 1498 successores
813 1471 887 1506 ejus,
904 1472 932 1498 et
946 1470 982 1498 ad

163 1510 257 1546 ipsam
275 1510 466 1540 Romaniam:
484 1514 559 1550 quod
573 1514 735 1542 observahit
748 1514 848 1542 civitas
864 1517 891 1542 et
906 1516 984 1542 terra

163 1554 269 1583 Pisana
284 1558 312 1583 et
327 1556 390 1592 ipsa
413 1560 552 1593 potestas,
569 1561 596 1586 et
610 1559 659 1595 qui
685 1568 736 1595 per
751 1562 882 1596 tempora
898 1561 984 1587 erunt

162 1601 311 1628 senatores
325 1603 375 1629 aut
389 1603 547 1631 consiliarii
564 1604 623 1632 sive
638 1604 772 1632 consules
788 1606 838 1632 aut
854 1606 982 1640 potesta-

1035 303 1070 330 de
1085 302 1131 330 his
1147 303 1224 330 facto
1240 303 1321 330 dedit
1339 303 1426 330 nobis
1453 302 1626 330 mandatum
1642 302 1760 338 iurandi
1774 310 1853 338 super

1035 347 1165 374 animam
1180 355 1276 382 suam,
1300 347 1521 375 conventionem
1539 356 1554 374 a
1582 346 1689 374 Pisana
1705 347 1818 375 civitate
1830 349 1855 374 et

1034 394 1112 418 terra
1129 392 1232 419 Pisans
1260 399 1376 427 semper
1404 391 1594 419 memorando
1623 391 1853 427 imperatorido-

1036 437 1116 463 mino
1146 436 1274 464 Manueli
1305 437 1409 464 factam
1439 436 1608 472 imperatori
1633 436 1810 463 Romeorum
1831 438 1856 464 et

1035 489 1151 516 semper
1166 483 1291 517 augusto
1307 481 1425 508 domino
1438 481 1550 508 lsaakio
1563 480 1684 516 Angela,
1698 481 1854 508 secundum

1035 526 1111 561 quod
1128 528 1156 553 et
1171 525 1213 553 illi
1230 526 1285 553 fuit
1309 526 1419 561 jurata,
1436 528 1463 553 et
1486 526 1563 562 quod
1580 534 1612 553 ea
1641 533 1700 561 que
1717 533 1768 560 pro
1784 533 1856 554 com-

1037 571 1118 598 muni
1130 573 1158 598 et
1173 570 1351 606 quibusdam
1367 570 1434 598 aliis
1457 569 1589 606 personis
1606 570 1792 606 petebamus,
1808 579 1858 606 que

1036 616 1065 642 et
1079 615 1108 642 in
1125 615 1234 651 scripto
1248 614 1276 642 in
1294 623 1352 650 quo
1368 614 1599 651 subscripsimus
1615 614 1813 647 continentur,
1828 623 1858 642 ex

1036 659 1224 695 impositione
1239 660 1371 694 ejusdem
1389 659 1541 696 potestatis
1555 661 1583 686 et
1597 659 1714 686 consilii
1732 659 1858 694 ejusdem

1037 704 1162 732 civitatis
1191 704 1360 732 dimisimus
1389 712 1441 740 pro
1469 703 1684 731 restauratione
1716 704 1859 731 communi

1037 749 1121 776 facta.
1138 751 1208 776 Item
1221 749 1369 784 juramus,
1386 757 1475 784 super
1491 748 1620 776 animam
1644 748 1724 776 dicte
1741 750 1860 784 potesta-

1036 793 1086 828 tis,
1101 794 1176 829 quod
1193 795 1220 822 et
1235 794 1329 830 ipsam
1355 793 1575 821 conventionem
1592 793 1756 829 predictam
1773 793 1858 821 adim-

1037 838 1128 874 plebit
1143 840 1172 866 et
1183 837 1348 866 observabit
1357 838 1455 873 ipsum
1466 846 1622 866 commune
1634 837 1764 865 civitatis
1776 837 1860 865 domi-

1037 891 1074 910 no
1091 882 1203 910 lsaakio
1215 883 1390 910 Romeorum
1405 881 1753 918 imperatori,heredibus
1763 884 1792 909 et
1802 890 1859 910 suc-

1036 927 1202 955 cessoribus
1227 928 1302 962 ejus,
1327 927 1443 963 ipsique
1473 926 1614 954 Romanis
1629 927 1657 954 in
1676 929 1858 963 perpetuum,

1036 972 1100 1000 sine
1115 972 1216 1000 fraude
1231 974 1259 1000 et
1273 972 1350 1000 malo
1366 971 1495 1008 ingenio.
1512 972 1546 999 Et
1570 971 1646 1000 sicut
1661 971 1717 999 hec
1731 972 1859 1007 juramus

1037 1017 1071 1044 de
1086 1016 1162 1044 bona
1177 1017 1243 1050 ﬁde,
1261 1016 1323 1044 sine
1334 1016 1436 1044 fraude
1451 1017 1480 1044 et
1496 1015 1572 1044 malo
1588 1016 1722 1052 ingenio,
1734 1015 1776 1044 sic
1792 1018 1859 1044 Deus

1036 1070 1090 1089 nos
1100 1062 1218 1097 adjuvet
1229 1064 1257 1089 et
1266 1061 1359 1097 ipsam
1370 1063 1544 1097 potestatem
1557 1063 1586 1088 et
1596 1061 1697 1097 ipsum
1711 1069 1859 1089 commune

1036 1106 1166 1134 civitatis
1183 1106 1287 1134 Pisans
1303 1108 1332 1134 et
1347 1106 1376 1134 in
1393 1105 1527 1142 praesenti
1545 1106 1643 1133 seculo
1659 1108 1691 1133 et
1707 1106 1815 1133 futuro.
1831 1117 1844 1130 »

1072 1150 1221 1178 Manifesta
1239 1159 1306 1179 vero
1323 1150 1499 1187 chrysobula
1513 1151 1602 1178 verba
1621 1150 1746 1184 habent,
1764 1158 1857 1178 secun-

1037 1195 1107 1223 dum
1126 1195 1204 1231 quod
1221 1195 1428 1223 notiticabitur.

1073 1240 1262 1276 Imperatoris
1278 1240 1396 1276 quidem
1409 1239 1545 1267 videlicet
1559 1239 1670 1267 domini
1691 1239 1790 1272 Alexii,
1802 1239 1855 1267 sic:

1073 1304 1087 1319 ι(
1104 1293 1246 1327 Quoniam
1264 1293 1414 1322 multoties
1429 1293 1552 1321 nuncios
1572 1294 1607 1321 ad
1633 1293 1796 1329 imperium
1811 1300 1856 1319 no-

1037 1339 1131 1366 strum
1161 1338 1305 1367 miserunt
1326 1338 1506 1366 habitatores
1535 1340 1610 1366 terre
1638 1340 1741 1366 nostre
1779 1339 1858 1372 atque

1038 1383 1143 1410 Pisans
1159 1382 1283 1411 civitatis
1313 1391 1379 1411 cum
1409 1383 1514 1411 litteris
1544 1383 1617 1416 suis,
1648 1385 1677 1411 et
1707 1382 1857 1418 imperium

1038 1429 1172 1455 nostrum
1216 1428 1321 1455 iterum
1357 1427 1399 1456 eis
1427 1428 1578 1456 multoties
1617 1427 1735 1456 litteras
1775 1425 1857 1459 misit,

1039 1471 1160 1500 minime
1176 1474 1273 1500 autem
1295 1472 1413 1500 advenit
1428 1474 1544 1508 tempus
1569 1481 1626 1508 quo
1643 1472 1727 1500 ﬁeret
1743 1478 1857 1499 conven-

1038 1516 1126 1544 tionis
1155 1516 1296 1553 scriptum
1328 1525 1428 1545 eorum
1445 1526 1517 1553 pure
1533 1517 1600 1545 ﬁdei
1615 1519 1643 1544 et
1672 1514 1857 1552 subjectionis

1039 1561 1234 1598 adimperium
1267 1563 1417 1597 nostrum,
1450 1571 1544 1598 neque
1573 1561 1732 1590 clementia
1769 1561 1857 1588 nostra

1040 1607 1076 1634 ad
1126 1615 1175 1634 eos
1229 1607 1372 1643 scriptum
1425 1607 1616 1644 chysobolnm
1669 1603 1859 1634 conventionis

162 1646 208 1671 tes
223 1647 252 1672 et
275 1646 417 1681 capitanei
449 1650 477 1674 et
493 1651 629 1681 rectores,
655 1649 812 1685 ipsumque
827 1657 984 1677 commune
1000 1641 1021 1674 C
1041 1651 1136 1679 adhuc
1165 1651 1274 1679 factum
1320 1654 1365 1679 est
1391 1662 1398 1686 ;
1443 1652 1602 1680 novissime
1644 1657 1744 1680 autem
1787 1649 1859 1677 misit

164 1688 269 1715 Pisans
283 1689 418 1725 civitatis,
435 1700 469 1720 ea
496 1701 552 1728 que
565 1702 655 1729 supra
684 1694 842 1722 nominatis
867 1702 983 1730 semper

165 1735 364 1762 memorandis
379 1735 607 1771 imperatoribus
642 1739 761 1766 domino
784 1738 882 1766 Alexio
899 1739 984 1766 Gom-

165 1786 240 1805 neno
265 1781 292 1806 et
307 1779 365 1807 filio
381 1781 444 1815 ejus
470 1781 716 1819 Porphyrogenito
746 1783 865 1810 domino
880 1783 985 1810 Joanni

165 1830 198 1849 ac
240 1825 344 1858 patrno
385 1825 498 1860 imperii
549 1827 614 1860 ejus
664 1828 782 1855 domino
832 1827 984 1862 Manueli,

165 1870 249 1903 pacta
264 1871 343 1895 sunt.
360 1869 394 1897 Et
411 1870 460 1897 hec
475 1871 574 1898 omnia
589 1871 700 1905 jurabit
726 1872 791 1908 ipsa
815 1874 942 1908 potestas
958 1875 987 1900 et

166 1911 302 1939 meliores
318 1921 350 1940 ac
373 1914 471 1948 ipsum
501 1922 656 1943 commune
680 1917 806 1944 civitatis
832 1917 943 1952 Pisane,
960 1919 988 1944 et

166 1956 338 1991 hujusmodi
368 1961 583 1986 sacramentum
613 1961 764 1988 annuatim
797 1962 986 1997 renovahunt,

166 2001 330 2028 secundum
348 2003 424 2038 quod
441 2003 606 2038 specialiter
621 2005 655 2033 de
674 2005 843 2041 hujusmodi
859 2007 987 2042 capitulo

167 2048 286 2082 pactum
303 2048 347 2074 est
363 2055 380 2074 a
408 2048 523 2076 civitate
539 2052 567 2076 et
595 2052 671 2077 terra
693 2053 793 2078 nostra
821 2052 855 2079 ad
874 2059 989 2088 semper

169 2092 391 2119 memorandum
404 2092 618 2129 imperatorem,
630 2095 782 2123 dominum
795 2096 988 2124 Manuelem.»

204 2145 425 2173 Sacramentum
452 2155 551 2174 verum
579 2155 678 2176 eorum
695 2157 784 2185 super
811 2149 864 2177 hec
880 2150 989 2178 factum

170 2189 258 2217 habet
273 2190 314 2217 sic
327 2199 333 2218 :

206 2255 219 2268 «
238 2245 308 2278 Nos,
325 2243 411 2281 legati
429 2244 554 2273 civitatis
570 2248 598 2274 et
614 2248 690 2275 terre
705 2247 820 2284 Pisans,
837 2248 992 2277 Raiucrius

169 2288 287 2316 Gaetani
306 2291 333 2317 et
357 2290 449 2326 judex
476 2290 615 2326 Sigerius,
646 2292 729 2320 missi
760 2293 795 2320 ad
813 2293 991 2322 altissimum

170 2332 374 2369 imperatorem
407 2335 582 2364 Romeorum
623 2339 651 2364 et
683 2345 799 2373 semper
834 2341 993 2374 augustum

171 2377 322 2406 dominum
340 2380 486 2408 lsaakium
503 2380 658 2417 Angelum,
675 2382 830 2415 aTedicio,
847 2385 992 2419 potestate

171 2421 354 2455 Pisanorum.
383 2425 501 2452 comitis
529 2425 641 2461 Ugolini
672 2426 748 2461 filio,
777 2435 810 2455 ex
841 2429 992 2457 communi

171 2466 293 2493 consilio
309 2467 434 2495 civitatis
459 2470 572 2504 Pisane,
588 2473 655 2505 post
682 2472 809 2500 multum
833 2474 992 2501 tractatum

172 2509 349 2538 desistentes
377 2513 412 2540 ab
441 2513 477 2541 iis
505 2523 562 2549 que
590 2523 623 2542 ex
652 2515 839 2551 impositione
865 2517 994 2553 predicte

173 2555 327 2591 potestatis
342 2561 370 2583 et
385 2559 547 2586 communis
571 2559 684 2587 consilii
705 2560 830 2590 civitatis
846 2569 898 2597 pro
914 2570 992 2590 com-

173 2599 255 2628 muni
273 2602 300 2627 et
314 2600 491 2635 quibusdam
514 2604 633 2639 privatis
662 2605 794 2640 personis
811 2607 993 2643 petebamus,

172 2653 229 2681 que
243 2645 311 2673 etin
323 2645 432 2681 θαι-ἱριο
445 2646 473 2673 in
487 2656 543 2682 quo
555 2649 786 2686 subscripsimus
797 2651 993 2686 continentur,

171 2693 200 2718 et
214 2689 459 2718 restaurationem
476 2699 528 2727 pro
544 2692 580 2720 iis
606 2693 712 2721 factam
728 2694 813 2722 nobis
835 2695 995 2731 placentem

174 2735 347 2772 recipientes
362 2736 526 2764 secundum
548 2737 625 2772 quod
653 2746 707 2766 nos
723 2738 889 2773 injunctum
904 2740 994 2768 habe-

173 2780 279 2808 bamus
295 2789 312 2809 a
326 2783 470 2817 potestate
481 2784 509 2809 et
521 2783 671 2810 communi
681 2784 804 2812 consilio
820 2785 945 2813 civitatis
961 2785 997 2813 de

174 2824 279 2859 placito
295 2828 394 2855 nostro
407 2835 413 2854 :
426 2827 565 2863 juramus
591 2835 678 2863 super
693 2831 795 2856 sancta
810 2829 857 2857 Dei
875 2837 996 2866 evange-

172 2867 224 2915 jia,
255 2878 343 2907 super
370 2872 570 2902 honorabilem
600 2873 627 2901 cl
655 2872 830 2902 viviﬁcatam
859 2883 996 2910 crucem,

1038 1695 1194 1733 imperium
1225 1698 1358 1724 nostrum
1387 1697 1561 1725 familiarem
1591 1705 1680 1725 suum
1714 1695 1853 1724 hominem

1039 1740 1244 1777 Curopalatam
1270 1741 1411 1769 Basiliam
1440 1741 1638 1770 Mesimerium
1668 1750 1738 1770 cum
1762 1738 1857 1768 litteris

1040 1786 1102 1814 suis
1118 1785 1216 1813 volens
1246 1794 1295 1814 eos
1311 1786 1459 1822 suscipere
1488 1795 1539 1815 ceu
1570 1794 1622 1823 per
1650 1785 1752 1814 omnia
1766 1783 1855 1812 ﬁdeles

1040 1830 1226 1858 celsitudinis
1235 1833 1333 1859 nostre
1342 1834 1369 1859 et
1381 1831 1648 1860 desideratissimos
1661 1831 1739 1858 ﬁlios
1752 1831 1856 1857 nostros

1040 1876 1188 1912 totiusque
1204 1879 1279 1905 terre
1310 1879 1429 1911 nostre;
1447 1877 1496 1905 illo
1526 1879 1623 1906 autem
1639 1877 1820 1914 perveniente
1833 1875 1856 1901 et

1041 1921 1153 1949 litteras
1169 1921 1283 1957 imperii
1300 1921 1392 1950 nostri
1407 1922 1448 1950 eis
1464 1922 1611 1958 aﬂ'erente,
1627 1930 1685 1958 que
1701 1929 1766 1950 vero
1783 1927 1856 1947 man-

1042 1966 1109 1994 data
1124 1968 1206 1994 erant
1220 1966 1345 2001 dicente,
1361 1967 1417 2003 ipsi
1449 1976 1512 2003 qua:
1529 1967 1639 2003 scripta
1667 1969 1698 1994 et
1725 1973 1780 2002 que
1794 1962 1856 2000 ipsis

1043 2011 1182 2039 mandata
1197 2013 1267 2039 sunt
1293 2011 1489 2047 intelligentes
1520 2019 1613 2047 eaque
1629 2012 1819 2047 acceptantes,
1833 2008 1857 2034 et

1044 2056 1163 2084 omnino
1178 2055 1308 2084 volentes
1337 2056 1399 2084 ﬁeri
1428 2065 1478 2093 per
1503 2057 1603 2084 omnia
1632 2056 1733 2084 ﬁdeles
1756 2050 1857 2090 imperii

1044 2101 1137 2130 nostri
1152 2103 1237 2137 atque
1265 2103 1341 2129 terre
1370 2104 1478 2137 nostre,
1495 2110 1546 2137 per
1571 2101 1716 2138 scriptum
1743 2105 1856 2128 conven-

1044 2146 1153 2174 tionem
1169 2146 1310 2182 fecerunt,
1326 2146 1523 2175 continentem
1544 2155 1649 2183 puram
1664 2153 1764 2174 eorum
1781 2142 1855 2171 ﬁdem

1045 2199 1134 2228 quam
1150 2191 1268 2227 imperio
1284 2193 1384 2219 nostro
1399 2200 1432 2220 ac
1448 2191 1589 2219 Romanis
1605 2191 1722 2225 debent,
1739 2195 1821 2225 quam
1833 2186 1856 2212 εἰ

1046 2244 1097 2272 per
1105 2239 1322 2264 sacramentum
1330 2245 1431 2265 omnes
1440 2235 1617 2264 unanimiter
1623 2230 1856 2263 conﬁrmaverunt

1047 2283 1076 2309 et
1090 2281 1125 2308 ad
1143 2283 1274 2309 nostram
1289 2281 1476 2310 serenitatem
1488 2290 1539 2317 per
1551 2289 1603 2309 vos
1614 2283 1642 2308 et
1655 2279 1792 2308 nuncium
1802 2276 1855 2311 ejus

1009 2329 1031 2362 ι]
1049 2325 1204 2360 miserunt,
1221 2334 1275 2362 que
1292 2335 1395 2362 nempe
1411 2334 1546 2362 expresse
1562 2325 1604 2353 sic
1620 2325 1766 2353 continet:

1083 2392 1096 2405 (ι
1114 2380 1146 2407 ln
1163 2379 1280 2408 nomine
1297 2380 1412 2408 Domini
1437 2379 1529 2408 nostri
1558 2380 1625 2407 Jelu
1641 2378 1759 2411 Christi,
1774 2381 1854 2403 sinen-

1047 2436 1061 2449 u
1079 2424 1137 2452 Nos
1153 2432 1254 2452 omnes
1284 2424 1463 2452 habitatores
1492 2424 1617 2463 civitatis
1633 2426 1662 2451 et
1678 2426 1750 2451 terre
1765 2420 1854 2463 Pisane

1047 2481 1061 2494 ‹‹
1077 2469 1278 2505 promittimus
1294 2468 1553 2503 tibi,sanctissimo
1569 2462 1735 2504 imperatori
1753 2462 1853 2494 domino

1047 2513 1184 2549 «Alexio,
1201 2516 1230 2540 et
1258 2513 1376 2541 domino
1405 2513 1534 2541 Johanni
1561 2512 1666 2540 dilecto
1692 2511 1750 2539 tilio
1776 2512 1819 2536 tuo
1830 2506 1852 2532 θῑ

1048 2557 1250 2592 «imperatori
1293 2557 1538 2594 Porphyrogenito
1555 2578 1563 2590 ,
1600 2557 1678 2593 quod
1711 2564 1761 2584 nos
1787 2553 1851 2580 ῑοῑυε

1049 2616 1063 2628 ιι
1080 2603 1204 2631 Pisanus
1234 2603 1361 2639 populus
1377 2604 1413 2631 ab
1442 2602 1498 2630 ista
1513 2603 1585 2630 hora
1612 2605 1641 2629 et
1656 2602 1685 2629 in
1715 2603 1792 2628 antea
1806 2601 1851 2642 utin

1051 2659 1063 2674 ι
1079 2647 1189 2676 erimus
1202 2647 1230 2675 in
1247 2647 1369 2676 consilio
1396 2651 1447 2675 aut
1463 2648 1538 2675 facto
1568 2655 1618 2682 per
1647 2646 1724 2682 quod
1744 2642 1851 2682 perdat"?

1051 2702 1130 2721 avos
1159 2692 1316 2728 imperium
1358 2697 1488 2721 vestrum
1517 2691 1564 2720 vel
1600 2690 1790 2719 Romaniam.
1815 2680 1852 2728 V‘tl

1049 2749 1063 2764 «
1081 2738 1193 2766 insulas
1209 2738 1299 2765 maris
1315 2738 1359 2766 vel
1380 2741 1485 2770 terras,
1502 2745 1576 2773 quas
1601 2737 1687 2763 modo
1702 2733 1796 2764 tenetis
1809 2726 1850 2757 sub

1049 2795 1063 2809 «
1081 2786 1176 2812 vestra
1191 2786 1334 2819 potestate
1350 2786 1378 2812 et
1392 2792 1466 2819 quas
1481 2783 1517 2811 ub
1533 2782 1588 2810 hac
1599 2782 1670 2810 hora
1685 2782 1714 2809 in
1729 2782 1805 2808 antea
1817 2779 1852 2801 δε·

1050 2840 1064 2854 «
1081 2828 1205 2864 quiretis
1221 2837 1238 2856 a
1252 2828 1399 2864 Chroatia,
1417 2826 1561 2857 Dalmatia
1576 2828 1605 2855 et
1621 2825 1761 2855 Durachio
1772 2823 1847 2864 ιιιίίυέ

1052 2886 1065 2901 (ς
1082 2862 1112 2904 in
1127 2873 1334 2905 Alexandriam
1350 2876 1379 2904 et
1392 2862 1489 2911 ipsam
1504 2881 1511 2910 ;
1527 2880 1621 2910 neque
1631 2866 1815 2910 nos,civitatiﬂ
1827 2862 1849 2890 θ*
