1973 3154
161 190 220 219 4⁵19

801 191 929 222 ISAAC]
953 192 1099 222 ANGELI
1122 192 1204 222 IMP.

1793 191 1843 220 480

161 255 217 282 bus
233 255 487 291 applicatis,iidem
503 258 586 286 vobis
601 258 655 286 loci
671 260 824 286 serventur
839 259 867 286 et
880 259 981 286 eadem
997 259 1023 293 Α
1039 258 1068 286 in
1090 259 1217 295 practico
1242 258 1316 295 ipsis
1349 259 1425 286 facta
1458 258 1656 293 notilicantur,
1686 265 1739 294 que
1768 258 1844 294 hujus

163 300 329 328 emendatio
346 301 406 329 fiat.
424 302 452 330 Si
469 303 504 330 ab
521 302 620 339 aliquo
642 303 845 330 Veneticorum
871 305 921 331 aut
949 303 985 330 ab

162 345 259 380 aliquo
289 345 406 373 homine
435 348 605 383 subjncente
629 348 752 384 imperio
768 350 867 375 nostro
884 356 986 383 passus

163 389 249 417 fuerit
266 390 388 418 Pisanus
405 392 551 428 quispiam
569 395 648 420 atrox
665 393 788 420 dedecus
802 392 846 420 vel
869 395 986 428 turpem

162 433 301 470 injuriam
327 438 377 463 aut
392 436 426 464 dc
442 437 528 464 rebus
544 438 606 465 suis
622 438 774 470 damnum,
793 437 877 465 faciet
892 437 986 473 impe-

162 479 238 507 rium
256 482 390 507 nostrum
407 481 812 518 emendationem,postquam
829 482 984 518 probatum

163 523 261 556 fuerit,
285 524 308 552 si
338 527 436 553 nostre
465 527 612 554 serenitati
642 527 765 555 relatum
796 527 883 554 fuerit
911 526 987 554 intra

162 569 280 604 tempus
297 569 387 603 legale
403 573 430 598 et
446 571 621 599 conveniens
644 571 671 598 in
701 571 781 599 omni
806 571 986 599 continentia

162 621 226 640 sua.
255 613 348 641 Naves
376 617 470 643 vestro
499 618 526 643 et
542 616 675 644 homines
691 616 777 644 vestri
795 615 923 644 volentes
939 623 984 643 re-

161 657 223 685 dire
239 658 320 686 Pisas
337 667 392 686 non
422 660 676 696 prohibebantur;
707 668 798 696 neque
828 660 984 697 imperium

159 705 304 737 nostrum,
321 711 413 739 neque
429 705 698 733 desideratissimus
714 706 793 733 titius
805 706 869 741 ejus
893 705 986 740 impe-

161 749 241 774 rator
275 748 550 785 l’orphyrogenitus,
583 758 679 786 neque
711 750 818 786 aliquis
852 751 986 786 precepto

162 791 254 820 nostri
266 800 317 828 per
327 794 496 830 quempiam
513 794 631 822 modum
646 794 790 830 injustitie
806 795 892 822 faciat
903 795 986 830 quic‘

162 844 251 872 quam
268 837 297 864 in
315 838 401 865 rebus
415 839 520 866 vestris
534 839 578 867 vel
597 839 775 867 hominibus.
798 839 827 867 Si
856 847 922 867 vero
951 838 987 866 ob

163 880 275 916 aliquas
296 890 401 910 causas
419 882 565 911 interdum
582 884 689 912 factum
707 884 804 917 fuerit,
821 892 870 919 per
882 891 987 912 conve-

160 926 247 954 niens
261 928 379 963 tempus
396 928 610 956 emendabitur.
628 928 655 956 Si
673 929 781 965 aliquis
796 931 926 956 vestrum
943 937 986 956 re-

162 969 367 999 clamationem
385 972 493 1008 fecerit,
511 981 566 1001 non
584 973 750 1010 repelletur,
768 974 793 1002 si
809 976 909 1002 notum
930 973 988 1001 im-

161 1014 242 1051 perio
270 1018 370 1044 nostro
393 1017 500 1045 factum
532 1017 630 1052 fuerit,
657 1019 708 1047 sed
725 1018 881 1055 recipietur
895 1018 988 1046 recla-

163 1060 253 1088 malio
268 1061 334 1096 ejus
349 1063 377 1089 et
404 1063 567 1090 secundum
598 1063 692 1099 legem
722 1063 930 1097 vindicabitur,
960 1065 989 1091 et

161 1104 360 1133 vindicabitur
388 1109 454 1142 post
474 1107 676 1143 probationem
690 1108 830 1141 veritatis,
847 1108 882 1142 si,
900 1116 989 1144 appa-

163 1150 256 1177 ruerit
284 1150 461 1186 injustiliam
491 1160 606 1188 passus.
636 1152 688 1185 Qui
713 1161 764 1189 pro
795 1153 910 1180 servitio
940 1152 989 1180 Dei

166 1194 398 1230 Hierosolymam
429 1196 555 1223 tendunt
587 1205 652 1224 cum
687 1197 790 1225 vestris
820 1197 990 1225 hominibus

165 1247 254 1266 causa
269 1239 413 1267 militandi
430 1243 532 1268 contra
547 1249 685 1277 paganos,
701 1242 729 1268 in
755 1241 858 1269 itinere
888 1241 932 1269 vel
960 1241 989 1269 in

165 1283 331 1311 reversione
342 1284 586 1320 impedimentum
597 1285 713 1322 aliquod
725 1294 781 1314 non
791 1286 990 1320 sustinebunt,

166 1335 262 1364 neque
279 1329 532 1364 perturbabantur
547 1330 603 1366 ipsi
619 1330 660 1358 vel
678 1333 830 1366 naves,aut
846 1331 992 1367 stipendia

168 1375 218 1400 aut
236 1372 338 1401 bellica
353 1373 550 1402 instrumenta
565 1383 622 1410 que
637 1375 780 1409 deferunt,
804 1375 990 1404 securitatem

165 1416 341 1445 facientibus
356 1418 394 1446 iis
407 1419 455 1454 qui
472 1427 520 1447 eos
536 1419 680 1455 recipiunt
706 1419 734 1447 in
766 1428 854 1448 naves
880 1422 992 1448 vestras

166 1462 337 1490 hominibus
366 1471 417 1500 per
441 1464 678 1493 certificationem
706 1465 891 1498 sacramenti,
916 1473 992 1501 qua-

164 1509 250 1536 tenus
267 1515 319 1535 nec
334 1507 485 1536 inimicum
502 1508 616 1545 imperii
634 1509 725 1537 nostri
741 1511 769 1538 et
784 1510 923 1538 Romanie
939 1510 990 1538 ad-

161 1552 332 1589 juvent,nec
348 1553 387 1581 ibi
397 1555 499 1582 contra
508 1553 662 1590 imperium
674 1557 807 1583 nostrum
817 1555 989 1583 efﬁciantur.

200 1607 274 1635 «Hec
290 1606 389 1643 itaque
405 1608 566 1636 manebunt
581 1609 688 1645 quippe
704 1608 902 1637 immutabilis
919 1617 992 1637 sem-

164 1659 225 1687 per,
242 1660 397 1689 quousque
412 1661 461 1681 vos
477 1656 504 1682 et
518 1661 620 1682 omnes
636 1653 817 1682 habitatores
842 1656 918 1682 terre
943 1662 991 1682 ve-

167 1698 226 1725 stro
241 1699 269 1725 et
283 1698 408 1727 civitatis
422 1699 583 1727 observatis
597 1707 630 1726 ea
645 1707 700 1734 que
729 1699 866 1735 superius
894 1699 993 1727 notiti-

167 1743 232 1770 cata
247 1745 317 1770 sunt
331 1743 415 1770 ﬁrma
431 1745 458 1770 et
487 1743 656 1779 incorrupta
683 1743 806 1779 imperio
836 1746 935 1772 nostro
967 1745 996 1772 et

166 1786 417 1815 desideratissimo
445 1787 506 1814 filio
532 1788 596 1823 ejus
626 1790 655 1815 et
684 1788 853 1824 imperatori
877 1788 995 1816 domino

166 1833 293 1861 Johanni
312 1833 556 1870 Porphyrogenito
571 1836 600 1861 et
616 1834 766 1869 Romanis,
783 1834 859 1862 sicut
875 1834 927 1862 hec
950 1835 996 1862 in-

166 1877 274 1913 telligit
299 1878 455 1913 imperium
485 1881 619 1906 nostrum
650 1879 684 1906 ad
711 1879 849 1907 honorem
867 1881 895 1907 et
907 1879 996 1915 proﬁ—

170 1929 257 1949 cuum
273 1929 359 1948 suum
376 1924 404 1950 et
420 1923 570 1957 Romanie,
587 1926 616 1951 et
642 1923 704 1951 sine
732 1923 833 1951 fraude
863 1926 891 1951 et
920 1923 998 1952 malo

169 1966 287 2002 ingenio
308 1966 416 2003 aliquo.
434 1967 555 2004 Propter
571 1968 624 1997 hoc
639 1968 717 1996 enim
734 1971 762 1997 et
776 1977 898 2005 presens
915 1969 998 2006 chry-

169 2010 318 2045 sobulum,
336 2012 467 2045 verbum,
485 2015 621 2040 mutuum
638 2015 732 2041 vestre
747 2014 856 2050 seripte
873 2022 998 2042 conven-

169 2055 240 2084 tioni
269 2064 320 2092 per
346 2059 475 2085 vestrum
492 2060 709 2086 sacramentum
726 2059 896 2088 conﬁrmate
911 2062 939 2088 et
953 2068 999 2088 ve-

169 2101 239 2130 stris
255 2102 382 2138 propriis
403 2102 670 2139 subscriptionibus
698 2105 895 2139 corroborata,
927 2104 999 2133 mis-

169 2155 234 2175 sum
250 2149 295 2174 est
309 2155 361 2183 per
375 2156 425 2175 vos
440 2147 577 2176 omnibus
593 2148 812 2178 habitatoribus
828 2149 957 2178 civitatis
973 2144 1002 2178 οἵ

169 2193 245 2219 terre
264 2192 406 2220 Pisarum.

205 2247 218 2262 «
236 2237 355 2264 Factum
373 2245 475 2265 mense
486 2237 612 2273 Octobri,
631 2238 800 2266 indictienis
816 2239 927 2275 quinte,
951 2247 1002 2267 sex

169 2281 318 2310 millesimi
351 2282 556 2311 sexcentesimi
586 2283 717 2312 vicesimi
748 2285 828 2319 anni,
854 2285 882 2312 in
901 2293 958 2321 quo
974 2287 1002 2313 et

1042 305 1111 332 sunt
1127 304 1152 339 (4
1160 304 1193 338 4).
1210 303 1352 336 Quoniam
1368 311 1434 331 vere
1449 305 1515 331 ante
1532 305 1646 339 tempus
1656 303 1692 330 ob
1721 303 1844 339 quasdam

1041 356 1146 376 causas
1162 348 1253 376 voluit
1268 348 1424 384 imperium
1441 350 1576 376 nostrum
1604 347 1768 383 hujusmodi
1794 347 1847 377 loca

1041 400 1084 420 eis
1110 394 1232 425 mutare,
1250 392 1352 428 eisque
1368 400 1419 427 pro
1435 391 1482 419 his
1493 391 1557 418 dari
1572 390 1628 418 alia
1643 390 1719 418 ultra
1731 390 1759 418 ia
1774 391 1848 426 partis

1041 436 1096 464 bus
1113 436 1228 473 magnis
1242 436 1324 464 urbis
1340 436 1494 472 oppositis,
1510 435 1566 471 ipsi
1583 437 1678 463 autem
1698 435 1850 463 accedentes

1042 481 1194 509 clementis
1210 483 1308 509 nostre
1324 481 1566 517 supplicaverunt
1581 482 1613 508 ut
1629 480 1682 508 hoc
1698 488 1752 507 non
1773 479 1852 514 ﬁeret,

1040 534 1141 554 verum
1158 528 1257 554 essent
1272 527 1301 554 in
1326 525 1514 562 possessione
1543 533 1642 552 eorum
1672 533 1728 561 quc
1754 524 1851 560 pridem

1041 571 1198 605 habebant,
1215 571 1356 599 serenitas
1371 570 1487 607 imperii
1503 570 1595 598 nostri
1611 569 1651 597 sic
1667 569 1727 596 ﬁeri
1750 577 1854 597 coaces-

1041 616 1088 644 sit.
1114 618 1147 643 Et
1172 615 1312 652 quoniam
1326 615 1457 651 oportuit
1471 616 1688 643 sacramentum
1704 614 1739 641 ab
1754 613 1788 640 iis
1800 613 1853 640 ﬁeri

1040 660 1164 696 imperio
1179 662 1279 688 nostro
1295 659 1465 695 hujusmodi
1483 659 1589 695 negotii
1607 658 1711 695 gratia,
1741 658 1852 693 priorem

1041 705 1262 733 conventionem
1287 706 1316 733 et
1344 706 1530 732 sacramenta
1554 712 1652 732 eorum
1667 703 1854 736 corroborans,

1041 752 1070 778 et
1085 749 1194 786 quippe
1211 750 1245 778 ad
1262 751 1393 777 nostram
1410 749 1597 777 serenitatem
1614 747 1700 784 legati
1718 747 1752 775 ab
1768 747 1856 783 hujus-

1042 795 1121 823 modi
1137 797 1214 822 terra
1229 794 1367 829 equidem
1392 795 1598 830 pervenerunt,
1621 791 1856 828 prudentissimus

1041 839 1177 868 videlicet
1191 838 1294 867 consul
1310 838 1481 875 hujusmodi
1498 839 1573 865 terre
1589 836 1736 871 Albertus,
1751 838 1779 864 et
1792 843 1856 870 cum

1042 892 1075 913 eo
1099 885 1190 920 judex
1216 883 1406 920 Burgundius
1430 885 1458 911 et
1478 890 1576 911 comes
1590 884 1717 917 Marcus,
1733 883 1761 909 et
1775 881 1856 909 fecere

1042 929 1165 965 imperio
1181 930 1281 957 nostro
1297 929 1525 961 sacramentum,
1541 926 1643 955 consul
1661 926 1779 962 quidem
1794 925 1857 953 noti-

1042 973 1190 1002 ﬁcandum
1206 975 1424 1001 sacramentum
1441 972 1482 1000 sic
1495 972 1659 1000 secundum
1674 971 1761 1000 verba
1775 970 1856 998 conti-

1043 1026 1116 1046 nens
1132 1027 1138 1046 :
1159 1027 1170 1042 ι
1187 1018 1247 1054 Ego
1261 1017 1364 1046 consul
1377 1017 1520 1052 Pisarum,
1533 1017 1648 1053 legatus
1663 1016 1699 1044 ad
1716 1015 1854 1044 dominam

1044 1065 1208 1091 «nostrum
1229 1063 1434 1099 imperatorem
1465 1062 1665 1090 Romanorum
1697 1062 1727 1088 et
1755 1067 1858 1096 semper

1046 1119 1060 1133 (ι
1076 1110 1233 1143 augustum
1246 1107 1398 1136 dominum
1410 1106 1574 1135 Manuslem
1587 1105 1856 1142 Porphyrogenitum

1044 1164 1058 1178 «
1075 1152 1348 1188 Comnanum,juro
1364 1160 1398 1180 ex
1412 1153 1547 1188 preeepto
1563 1152 1590 1178 et
1605 1150 1756 1178 voluntate
1777 1148 1858 1178 archi-

1045 1209 1059 1223 «
1077 1197 1206 1234 episcopi
1226 1196 1327 1228 nostri,
1347 1196 1514 1230 consulum,
1532 1197 1704 1223 senatorum
1719 1197 1749 1222 et
1763 1194 1860 1229 relique

1047 1253 1060 1268 ‹‹
1076 1245 1152 1270 terre
1176 1242 1309 1270 Pisarum
1333 1249 1454 1277 presens
1469 1242 1690 1269 sacramentum
1709 1249 1715 1268 ε
1733 1238 1856 1276 quoniam

1046 1298 1060 1312 α
1078 1287 1113 1314 ob
1130 1286 1273 1322 quasdam
1289 1286 1417 1314 rationes
1443 1285 1548 1313 accidit
1575 1293 1629 1313 nos
1658 1285 1695 1312 ad
1725 1283 1859 1312 modicum

1047 1343 1060 1357 α
1077 1331 1218 1359 removeri
1234 1331 1271 1359 ab
1287 1331 1325 1358 iis
1341 1338 1397 1367 que
1412 1330 1442 1358 in
1459 1338 1566 1366 magna
1582 1329 1653 1357 urbe
1679 1328 1860 1359 habebamus,

1046 1375 1209 1404 «videlicet
1237 1375 1369 1410 ecclesia,
1397 1374 1513 1403 embolo
1541 1376 1569 1403 et
1589 1374 1680 1408 scala,
1697 1373 1774 1402 datis
1789 1371 1861 1400 nobis

1046 1432 1061 1447 ι(
1077 1429 1129 1458 pro
1154 1421 1368 1449 restauratione
1395 1419 1461 1448 aliis
1487 1419 1517 1448 in
1546 1419 1682 1456 partibus
1712 1426 1768 1455 que
1795 1417 1861 1445 ultra

1047 1477 1060 1491 «
1077 1467 1156 1500 sunt,
1187 1474 1265 1494 nunc
1294 1467 1392 1494 autem
1420 1473 1454 1493 ex
1476 1466 1610 1501 precepto
1625 1462 1811 1500 imperatoris
1825 1469 1861 1489 re-

1048 1523 1062 1538 α
1078 1512 1172 1540 stituti
1188 1520 1293 1540 sumus
1308 1511 1337 1539 in
1351 1519 1384 1539 ea
1400 1518 1456 1547 que
1471 1509 1589 1546 quidem
1598 1505 1861 1543 habebamuszquod

1048 1556 1296 1585 «observabimus
1313 1564 1365 1584 nos
1381 1557 1410 1584 et
1424 1557 1502 1583 terra
1517 1554 1650 1582 Pisarum
1667 1554 1802 1582 universa
1811 1554 1862 1587 Ino-

1049 1612 1063 1627 «
1079 1601 1188 1629 titicato
1205 1600 1374 1637 imperatori
1397 1599 1644 1636 Porphyrogenito
1670 1598 1788 1627 domino
1815 1598 1864 1623 Ma-

1051 1657 1064 1673 ι‹
1080 1646 1158 1675 nueli
1184 1646 1344 1682 Comnano,
1360 1645 1519 1673 heredibus
1535 1646 1564 1672 et
1578 1643 1797 1672 successoribus
1810 1642 1864 1677 ejus

1049 1704 1063 1718 α
1079 1694 1107 1720 et
1133 1691 1285 1727 Romanis,
1315 1691 1401 1719 fidem
1430 1692 1458 1719 et
1487 1689 1618 1718 debitum
1648 1689 1727 1724 quod
1755 1686 1865 1715 debebat

1050 1750 1063 1764 «
1081 1740 1159 1766 terra
1174 1738 1281 1765 Pisana
1297 1736 1418 1773 imperio
1435 1735 1498 1772 eius
1509 1743 1544 1763 ex
1558 1734 1673 1771 pridem
1700 1733 1784 1762 factis
1807 1739 1865 1760 con-

1052 1793 1063 1808 c
1080 1782 1268 1811 ventionibus
1296 1783 1324 1810 et
1349 1780 1542 1809 sacramentis
1556 1787 1672 1816 semper
1689 1775 1866 1807 memorando

1053 1839 1066 1853 υ
1082 1826 1262 1864 imperatori,
1293 1826 1412 1854 domino
1442 1824 1540 1854 Alexio
1568 1825 1736 1860 Comnauo,
1765 1822 1866 1859 ipsique

1052 1884 1065 1898 «
1084 1871 1330 1908 Porphyrogenito
1358 1872 1387 1899 et
1414 1868 1582 1906 imperatori
1611 1869 1732 1897 domino
1751 1864 1864 1896 Manueli

1055 1927 1068 1944 ι
1081 1917 1230 1945 Comnano
1246 1925 1252 1951 ;
1283 1917 1312 1944 et
1344 1916 1369 1944 si
1398 1914 1508 1951 aliquid
1526 1914 1635 1942 factum
1650 1915 1696 1942 est
1711 1922 1727 1942 a
1740 1915 1815 1941 terra
1827 1910 1866 1938 Pi-

1054 1973 1067 1988 ‹‹
1085 1969 1157 1990 sana
1172 1960 1260 1989 alicui
1274 1961 1411 1988 coronato
1426 1959 1470 1987 vel
1494 1967 1552 1986 non
1582 1959 1722 1986 coronato
1752 1957 1786 1984 ad
1811 1953 1866 1983 irri-

1054 2018 1067 2032 (ι
1083 2006 1225 2034 tationem
1257 2007 1394 2041 spectans
1422 2003 1593 2040 hujusmodi
1609 2002 1830 2031 conventionum
1844 2000 1867 2026 et

1055 2063 1069 2076 ιι
1087 2052 1350 2083 sacramentorum,
1366 2057 1418 2085 pro
1433 2056 1490 2076 non
1507 2048 1583 2075 facto
1599 2046 1783 2083 reputabitur
1796 2043 1867 2072 illud.

1058 2106 1071 2123 ι
1087 2098 1210 2123 Presens
1224 2103 1293 2123 vero
1309 2095 1527 2122 sacramentum
1543 2092 1649 2121 debent
1667 2091 1761 2120 facere
1784 2091 1810 2118 et
1831 2096 1868 2116 re-

1056 2149 1191 2169 «novare
1219 2142 1248 2168 et
1276 2139 1412 2168 consules
1440 2140 1469 2167 et
1488 2137 1590 2174 reliqui
1607 2136 1786 2165 habitatores
1800 2133 1868 2162 Pisa-

1056 2193 1153 2214 «rum
1183 2185 1346 2214 secundum
1376 2181 1630 2212 consuetudinem.
1660 2182 1696 2210 Et
1726 2181 1801 2209 sicut
1825 2178 1868 2206 hec

1057 2242 1070 2257 ‹‹
1087 2231 1152 2267 jure
1182 2230 1245 2258 sine
1272 2229 1375 2258 fraude
1404 2231 1433 2257 et
1448 2228 1525 2256 malo
1541 2227 1669 2263 ingenio,
1686 2226 1729 2255 sic
1746 2228 1817 2254 Deus
1831 2229 1867 2250 me

1059 2288 1072 2302 ι(
1089 2276 1215 2311 adjuvet,
1232 2275 1334 2303 sancta
1350 2273 1398 2302 Dei
1413 2272 1564 2309 evangelia
1592 2274 1621 2299 et
1648 2269 1824 2299 honorabilis
1845 2268 1868 2295 et

170 2330 302 2355 nostrum
319 2327 400 2363 pium
418 2329 445 2356 et
461 2336 478 2356 a
492 2327 615 2356 Domino
631 2328 799 2357 ordinatum
815 2329 998 2366 subsignavit

1056 2332 1069 2346 «
1085 2320 1199 2348 viviﬁca
1214 2328 1294 2348 crux.
1306 2330 1360 2344 »—
1376 2330 1387 2344 ι
1400 2318 1493 2346 Judex
1507 2325 1573 2345 vero
1590 2315 1776 2352 Burgundius
1791 2315 1815 2342 et
1828 2320 1866 2366 co-

170 2371 339 2407 imperium.

205 2439 219 2454 «
236 2429 360 2458 ALsxius
376 2430 404 2457 in
429 2430 543 2459 Christo
573 2431 631 2459 Deo
660 2431 754 2460 ﬁdelis
784 2431 944 2468 imperator
973 2440 1001 2469 et

169 2473 336 2502 moderator
351 2474 531 2503 Romeorum
548 2476 726 2504 Comnanus.
744 2487 758 2501 »

207 2531 322 2559 Domini
339 2540 403 2561 vero
418 2533 560 2562 Manuelis
578 2534 620 2562 sic
638 2543 643 2562 :

206 2597 219 2610 α
236 2584 411 2613 Fidelissimi
427 2586 548 2622 imperio
566 2590 665 2616 nostro
681 2588 778 2616 Pisani
808 2589 905 2625 adepti
936 2590 998 2618 l'ue-

170 2632 240 2659 runt
251 2630 313 2667 jam
331 2630 359 2658 in
377 2638 484 2667 magna
500 2632 581 2668 urbe,
595 2641 647 2668 per
657 2633 865 2670 cbrysobulum
882 2641 998 2671 semper

172 2676 356 2706 memorandi
374 2676 417 2705 avi
443 2676 558 2714 imperii
573 2678 677 2713 nostri,
694 2681 722 2707 et
737 2687 855 2708 rursum
881 2688 998 2716 semper

171 2722 353 2752 memorandi
384 2722 494 2750 domini
520 2725 549 2751 et
577 2723 669 2759 patris
685 2723 870 2753 celsitudinis
886 2727 994 2761 nostre,

171 2768 319 2797 embolum
335 2770 365 2797 et
380 2767 489 2797 scalam
506 2769 534 2796 et
548 2768 714 2805 ecclesiam,
731 2769 891 2798 ecundum
918 2771 993 2806 quod

1058 2377 1072 2392 ί(
1089 2373 1151 2394 mes
1164 2365 1281 2393 Marcus
1296 2364 1338 2392 sic
1349 2363 1524 2399 juraverunt
1538 2363 1567 2390 et
1576 2360 1777 2398 ἱρεί·››-‹‹Νοε
1787 2357 1866 2386 Judex

1060 2410 1274 2447 «Burgundius
1289 2412 1428 2438 etcomes
1458 2408 1584 2442 Marcus,
1615 2405 1699 2434 missi
1728 2403 1811 2441 legati
1837 2401 1866 2430 ad

1056 2467 1070 2482 ι(
1085 2457 1232 2492 potentem
1261 2454 1467 2491 imperatore-n
1488 2452 1665 2480 Romeorum
1681 2450 1866 2486 Porphyrege-

1059 2512 1070 2526 ι
1087 2500 1181 2528 nilum
1198 2499 1351 2527 dominum
1368 2497 1532 2526 Manuelem
1546 2496 1728 2525 Gomnanum
1743 2493 1866 2523 acivitate

1056 2557 1070 2572 «
1087 2545 1347 2581 Pisana,juramus
1362 2551 1450 2579 super
1468 2543 1570 2570 sancta
1597 2541 1647 2569 Dei
1677 2538 1820 2575 evangelia
1843 2536 1867 2563 et

1055 2601 1068 2615 ‹‹
1085 2588 1286 2617 honorabilem
1311 2590 1339 2616 et
1361 2587 1504 2616 viviﬁcam
1520 2593 1648 2621 crucem,
1664 2584 1741 2621 quod
1757 2589 1865 2612 conven-

1054 2646 1068 2660 ‹ι
1085 2634 1195 2662 tionem
1212 2635 1319 2662 factum
1349 2640 1466 2668 semper
1495 2629 1684 2659 memorando
1711 2623 1864 2664 imperatori

1054 2690 1068 2705 «
1084 2679 1203 2707 domino
1231 2678 1329 2707 Alexio
1358 2679 1516 2711 Comnano,
1534 2678 1562 2704 et
1577 2674 1694 2703 domino
1708 2675 1802 2702 nostro
1816 2671 1861 2698 im-

1051 2737 1065 2750 ‹‹
1081 2724 1207 2761 peratori
1220 2725 1247 2752 ct
1262 2721 1511 2760 Porphyrogenito
1527 2720 1646 2749 domino
1662 2717 1784 2748 Manueli
1795 2717 1863 2744 Com-

1052 2781 1062 2795 α
1081 2778 1156 2798 nunc
1172 2778 1189 2798 a
1204 2768 1321 2797 civitate
1345 2768 1462 2803 Pisana,
1491 2774 1581 2803 quam
1611 2763 1711 2793 consul
1739 2763 1858 2791 Pinarum

209 2866 264 2903 (Ui)
282 2867 422 2898 Videntur
435 2868 483 2898 hic
499 2867 641 2898 excidisse
657 2866 682 2895 ot
697 2868 871 2906 περιορισμιιέ
888 2869 998 2900 instrue

1048 2869 1076 2898 iti
1091 2868 1181 2898 illius.
