1973 3154
115 173 166 204 481

677 171 870 203 ΝΟνΕῐιίιίΕ
893 172 1241 205 CONSTITUTIONES.

1751 186 1808 216 482

115 252 126 265 ιι
140 238 272 267 Aibertus
283 238 402 274 juravit,
414 238 451 266 ad
467 237 608 266 honorem
624 238 809 275 imperatoris
825 239 926 267 cbser-
941 248 968 281 Α
984 240 1146 275 practicum
1163 240 1267 269 horum
1283 243 1472 280 tradieionis;
1489 247 1566 281 quod
1582 247 1632 276 ﬁet
1652 249 1807 278 notiiicatis

116 298 124 310 ι
139 285 267 312 vabimus
281 283 407 312 fideliter
419 285 446 312 et
462 292 525 317 nos,
542 286 570 312 et
593 284 735 312 faciemus
759 284 927 312 confirmari

114 341 126 355 ι(
141 329 174 358 ab
190 328 323 357 universa
350 328 465 356 civitate
489 328 595 357 Pisans.
616 328 679 357 sine
701 329 813 357 fraude.
837 329 870 356 Et
886 328 928 357 sic

116 375 270 410 ujuramus
295 373 346 401 hec
366 373 429 401 sine
454 373 556 401 fraude
580 375 609 401 et
642 373 718 401 maio
745 373 875 409 ingenio,
901 375 929 401 et

115 419 221 446 «ﬁrma
256 417 486 446 observabimus.
527 417 574 446 Sic
604 420 680 446 Deus
719 426 772 446 nos
800 418 928 454 adjuvet,

114 475 126 489 «
141 465 238 492 sancta
262 463 312 491 Dei
335 462 486 499 evangelia
509 464 537 491 et
557 462 738 491 honorabilis
764 465 793 491 et
817 462 930 491 viviﬁca

114 520 127 534 tt
141 516 216 537 crux.
235 519 250 533 ”

145 574 158 588 «
183 563 254 590 Ecce
276 563 304 589 et
327 561 485 598 imperium
514 564 649 590 nostrum
675 563 845 591 corroborat
880 570 930 598 per

113 615 228 644 presens
244 606 454 643 chrysobulum
469 606 602 643 sigillum
618 615 705 636 suum
724 615 833 635 munus
852 606 930 642 quod

113 652 255 680 habebant
270 651 301 679 in
316 651 464 680 notiﬁcato
476 651 544 688 jure
559 660 576 680 a
600 659 717 688 semper
740 651 930 680 memorando

112 697 283 734 imperatore
298 696 416 725 domino
432 698 460 725 et
482 698 566 733 patre
593 697 669 732 ejus,
692 699 721 725 et
744 697 830 733 jubet
846 696 931 724 ﬁrma

112 744 137 770 et
158 741 337 770 inviolabilia
365 749 536 777 permanere
569 742 646 770 facta
678 741 720 770 eis
752 740 931 778 chrysobula

111 794 194 823 super
216 785 373 814 collatione
397 786 569 821 hujusmodi
604 785 812 822 immobilium,
850 785 875 813 si
901 788 930 814 et

112 831 276 866 hujusmodi
292 833 369 859 terra
393 830 527 859 Pisarum
555 831 628 859 bene
643 831 779 859 observat
803 832 888 867 pacta
903 831 931 859 et

111 877 290 904 sacramenta
306 883 358 903 sua
373 883 430 911 que
446 875 568 911 imperio
586 877 696 911 nostro,
725 875 883 903 heredibus
899 877 928 903 et

111 920 326 948 successoribus
341 921 405 956 ejus
422 920 498 956 fecit,
514 920 550 948 ad
565 920 706 949 honorem
722 922 750 949 et
765 920 928 956 proﬁcuum

111 965 220 1002 imperii
246 964 342 993 nostri
369 966 398 993 et
421 965 572 993 Romanis.
604 966 697 1002 Super
720 965 776 993 hoc
799 965 876 993 enim
901 967 930 993 et

112 1017 225 1046 presens
242 1009 360 1045 imperii
384 1009 476 1038 nostri
495 1009 627 1046 sigillum
644 1010 686 1038 eis
710 1010 851 1038 collatum
874 1011 929 1044 est,

112 1054 212 1082 deberis
227 1056 257 1082 et
273 1055 306 1082 in
321 1054 457 1090 congruis
473 1054 593 1082 secralis
609 1055 699 1083 sterni
723 1056 842 1091 propter
856 1054 931 1083 noti-

112 1098 282 1133 iicationem,
299 1106 400 1127 mense
412 1098 500 1134 Julio,
518 1098 687 1127 indictionis
697 1099 791 1127 tertie.
810 1109 823 1124 ››

142 1151 184 1180 sic
191 1152 330 1188 equidem
337 1152 503 1188 hujusmodi
511 1152 696 1189 chrysobulis
703 1153 930 1186 continenlibus,

111 1196 242 1232 quoniam
250 1196 392 1225 notiﬁcati
401 1196 487 1233 legati
499 1197 634 1233 superius
645 1197 750 1234 scripta
759 1197 934 1234 pepigerunt

111 1243 136 1269 et
148 1242 255 1278 scripto
272 1241 489 1278 subscriptione
504 1250 604 1270 eorum
615 1243 787 1270 conlirmato
800 1250 932 1278 compre-

111 1285 315 1321 henderunt,et
325 1289 508 1314 sacramento
520 1295 572 1315 ceu
584 1287 766 1315 notiﬁcaturn
782 1289 826 1315 est
836 1295 933 1314 corro-

110 1331 291 1365 boraverunt,
305 1331 390 1366 jubet
405 1331 562 1367 imperium
574 1334 757 1367 nostrum,ea
770 1339 826 1367 que
845 1331 873 1359 in
883 1339 933 1359 su-

111 1375 202 1411 perius
218 1375 339 1411 scriptis
355 1375 539 1412 chrysobulis
556 1377 856 1413 comprehenduntur,
872 1378 933 1404 tam

110 1420 142 1448 de
156 1419 191 1448 iis
207 1428 264 1456 que
280 1428 298 1448 a
323 1419 437 1448 civitate
453 1420 559 1449 Pisana
587 1421 728 1449 Romanis
752 1420 828 1449 facta
852 1422 932 1453 sunt,

111 1473 193 1500 quam
209 1466 238 1493 et
248 1465 285 1492 de
297 1465 335 1492 iis
347 1473 427 1500 quea
439 1465 580 1493 Romanis
591 1465 664 1502 ipsis
675 1465 780 1494 collata
789 1464 934 1500 sunt,efii-

113 1510 217 1537 caciam
233 1512 262 1537 et
279 1509 535 1538 inviolabilitatem
552 1510 668 1538 habere.
697 1513 725 1538 et
740 1510 781 1538 sic
805 1508 934 1545 reputari

112 1557 141 1582 ut
156 1563 231 1582 nunc
244 1556 330 1591 pacta
340 1557 368 1582 et
378 1554 484 1582 collata
495 1564 502 1590 ;
515 1558 543 1583 et
555 1555 667 1583 restitui
680 1555 803 1591 precipit
814 1555 934 1582 Pisanos

115 1599 141 1626 in
159 1599 295 1628 universa
306 1607 363 1634 que
376 1599 405 1627 in
419 1608 526 1636 magna
537 1600 608 1627 urbe
620 1599 693 1635 ipsis
704 1600 810 1627 donata
821 1599 934 1634 pridem

112 1643 226 1672 fuerunt
242 1652 258 1671 a
273 1652 392 1679 semper
408 1644 597 1672 memorando
613 1644 790 1680 imperatore
812 1645 840 1671 et
864 1651 931 1679 pro-
950 1627 971 1661 C

115 1696 163 1715 avo
179 1687 295 1724 imperii
312 1688 415 1723 nostri,
433 1688 551 1716 domino
568 1688 677 1724 Alexio,
702 1690 730 1716 et
747 1688 934 1716 desideratis-

114 1731 182 1760 simo
200 1734 307 1768 patruo
324 1725 506 1760 celsitudinis
522 1737 636 1767 nostra,
653 1733 771 1761 domino
788 1731 913 1760 Manueli
927 1739 933 1759 :

113 1776 258 1804 embolum
286 1777 431 1812 videlicet,
465 1777 643 1811 habitacula,
677 1777 830 1806 ecclesiam
867 1785 934 1804 cum

112 1821 197 1849 altera
212 1822 248 1849 ab
270 1821 346 1858 ipsis
369 1821 445 1849 infra
464 1822 533 1857 jura
556 1831 656 1850 eorum
683 1825 778 1850 erecta
800 1821 934 1854 ecclesia,

109 1865 305 1894 etlittoralem
332 1866 453 1900 scalam,
477 1868 640 1895 secundum
666 1867 743 1903 quod
757 1867 799 1895 eis
826 1868 935 1895 donata

110 1909 230 1946 fuerunt,
249 1913 278 1938 et
299 1911 464 1938 secundum
490 1911 565 1939 facta
591 1912 663 1947 ipsis
692 1911 820 1948 practica
845 1919 934 1947 super

109 1955 265 1983 tradicione
277 1955 384 1983 horum
396 1955 437 1983 eis
446 1956 673 1992 facta.Largitur
681 1959 779 1984 autem
790 1956 933 1992 eisimpe-

109 1999 180 2027 rium
197 2003 333 2028 nostrum
350 2002 378 2028 et
403 2000 584 2036 pensionaiia
610 2002 796 2029 monastaerii
819 2001 932 2029 domini

107 2044 231 2078 Antonii,
247 2053 307 2081 que
321 2044 349 2072 in
366 2045 581 2081 faciendoipsis
597 2046 724 2081 practico
742 2046 933 2074 notiﬁcabun-

109 2090 162 2123 tur,
187 2089 328 2117 habentia
353 2097 404 2125 pro
429 2098 505 2118 anno
529 2089 650 2118 introitu
675 2091 727 2126 [ω]
756 2090 933 2118 nomismata

109 2141 245 2169 yperpera
260 2134 328 2166 246,
343 2135 371 2162 et
387 2134 497 2162 scalam
515 2134 739 2170 predeputatam
755 2135 784 2162 in
801 2135 859 2163 situ
875 2134 931 2163 loci

110 2177 264 2207 lcanatisse
291 2187 308 2206 a
334 2179 490 2207 serenitate
517 2181 618 2207 nostra
640 2180 784 2208 ediﬁcatio
811 2180 846 2207 ab
867 2180 932 2216 ipsa

109 2221 241 2259 hospitali
258 2223 288 2250 in
303 2223 413 2259 templo
426 2224 586 2252 venerabili
610 2227 783 2253 sanctorum
809 2233 930 2261 magno-

110 2275 169 2295 rum
185 2270 345 2296 Martorum
362 2268 569 2304 Quadraginta.
592 2270 729 2297 Concedit
752 2271 850 2298 autem
867 2269 929 2298 dari

982 284 1086 321 legatis
1100 293 1200 313 eorum
1217 295 1233 314 a
1247 289 1447 323 grammaticis
1463 290 1578 327 imperii
1593 293 1695 328 nostri,
1710 295 1806 323 Pedia-

983 329 1044 357 dita
1067 331 1255 359 Constantino
1277 335 1306 360 et
1338 333 1501 363 clarissimo
1537 339 1806 372 protonobilissimo

983 373 1081 409 Sergio
1097 374 1203 409 Coliva,
1219 378 1247 403 et
1263 385 1279 403 a
1293 377 1466 406 desunotato
1477 381 1666 411 Constantino
1682 384 1805 420 Petiota,

984 418 1061 454 quod
1088 421 1116 446 et
1140 419 1169 446 in
1195 422 1334 456 congruis
1367 424 1488 452 secretis
1511 426 1602 454 sterni
1630 428 1715 456 debet
1739 418 1806 458 cum

985 463 1112 498 presenti
1146 463 1321 500 chrysobulo
1354 467 1470 503 imperii
1495 470 1608 505 nostri;
1634 475 1663 500 et
1701 473 1808 503 habere

985 507 1107 536 Pisanos
1123 509 1276 537 universos
1292 511 1445 540 introitum
1469 522 1571 542 eorum
1601 520 1764 552 presentcm
1781 521 1808 547 ct

986 551 1118 580 futurum
1143 561 1177 581 ex
1204 556 1527 590 super-editicationibus
1559 551 1701 596 ipsorum,
1734 572 1807 599 quas

984 599 1061 628 infra
1086 602 1228 631 terminos
1250 603 1322 640 ipsis
1346 606 1469 635 traditos
1505 607 1620 644 facient,
1654 619 1808 648 quousque

985 645 1097 681 civitas,
1128 655 1218 682 quam
1248 648 1333 677 debet
1357 650 1479 687 imperio
1514 656 1624 688 nostro,
1651 645 1809 686 heredibus

986 693 1013 718 et
1028 691 1248 721 successoribus
1260 694 1324 729 ejus
1341 694 1454 731 ipsique
1466 699 1706 734 Romanie,ﬁdem
1722 704 1809 738 atque

985 735 1136 763 servitium
1152 740 1313 772 conservat,
1330 741 1358 767 et
1374 743 1450 769 terra
1467 742 1570 771 Pisana
1585 753 1618 772 ac
1633 745 1728 781 ipsum
1745 735 1808 783 ejus

985 788 1142 809 commune
1157 781 1341 811 inviolabiter
1356 787 1383 812 et
1398 785 1461 813 sine
1482 787 1685 826 diminutione,
1703 781 1807 819 secun-

986 825 1056 853 dum
1072 827 1295 855 conventionem
1312 829 1451 866 scriptam
1464 840 1480 859 a
1495 825 1693 868 supranotatis
1706 843 1807 864 eorum

984 868 1088 905 legatis
1116 870 1223 899 factam
1251 874 1278 900 ct
1304 874 1440 909 superius
1471 877 1632 914 recitatam,
1656 888 1712 916 que
1735 883 1764 909 et
1791 889 1809 910 a

987 916 1129 950 potestate
1144 914 1276 951 ejusdem
1288 917 1414 947 civitatis
1430 922 1458 948 et
1486 923 1562 950 terre
1586 914 1690 953 Pisano
1705 927 1734 953 et
1750 934 1809 954 me-

985 958 1107 987 lioribus
1124 959 1238 989 Pisanis
1254 963 1282 989 et
1307 963 1443 992 universa
1468 966 1649 1001 plenitudine
1672 970 1806 999 Pisarum

981 1003 1075 1039 jurari
1092 1004 1217 1032 debetin
1233 1008 1381 1041 presentia
1395 1017 1484 1045 super
1501 1010 1554 1039 hoc
1571 1012 1667 1048 ipsum
1687 1015 1808 1044 mitten-

985 1049 1088 1076 dorum
1099 1049 1252 1078 hominum
1270 1051 1384 1087 imperii
1399 1055 1501 1089 nostri,
1512 1059 1539 1084 et
1555 1059 1705 1087 annuatim
1718 1068 1806 1089 reno-

986 1093 1056 1126 vari,
1084 1095 1246 1123 secundum
1279 1097 1356 1132 quod
1391 1099 1555 1134 specialiter
1579 1109 1612 1130 ea
1637 1111 1693 1138 que
1718 1104 1807 1140 hujus

986 1137 1104 1173 capituli
1121 1141 1201 1173 sunt,
1219 1148 1335 1176 semper
1349 1145 1537 1173 memorando
1562 1137 1742 1183 imperatori,
1756 1137 1808 1186 per

987 1184 1052 1210 truo
1068 1183 1183 1219 imperii
1200 1185 1302 1221 nostri,
1319 1186 1438 1216 domino
1462 1190 1597 1225 Manueli,
1625 1195 1707 1228 pacta
1727 1183 1807 1223 su-nt.

988 1231 1133 1260 Fruentur
1148 1235 1245 1261 autem
1271 1237 1299 1262 et
1323 1235 1456 1265 libertate
1479 1239 1613 1269 universa
1639 1242 1668 1269 in
1695 1243 1809 1272 duobus

988 1276 1116 1304 recitatis
1143 1276 1326 1314 chrysobulis
1353 1283 1565 1318 comprehensa
1588 1288 1764 1322 commercii,
1782 1290 1811 1317 et

989 1321 1168 1357 reliquorum
1185 1323 1316 1352 omnium
1332 1326 1526 1361 capitulorum
1552 1338 1608 1365 que
1629 1332 1658 1358 in
1684 1332 1726 1360 eis
1738 1321 1809 1361 ccu-

989 1366 1301 1401 tinentur,exhibentes
1317 1370 1352 1398 de
1367 1374 1484 1400 centum
1496 1374 1511 1400 4
1528 1376 1586 1402 tam
1604 1375 1631 1403 in
1646 1385 1753 1413 magna
1765 1387 1811 1406 ur-

989 1410 1024 1438 be
1040 1419 1128 1446 quam
1145 1411 1174 1439 in
1187 1414 1290 1442 ceteris
1307 1416 1392 1443 terris
1408 1420 1506 1446 nostre
1516 1419 1560 1455 pie
1572 1410 1808 1456 tranquillitatis:

990 1468 1047 1508 non
1061 1460 1156 1508 solum
1172 1463 1208 1490 de
1222 1462 1258 1490 iis
1274 1472 1328 1499 que
1345 1465 1379 1493 de
1404 1466 1507 1495 alienis
1531 1469 1662 1504 partibus
1686 1471 1722 1499 ab
1739 1471 1811 1508 ipsis

989 1504 1018 1532 in
1035 1506 1207 1534 Romaniam
1234 1508 1395 1537 atteruntur
1420 1511 1562 1541 universis
1583 1504 1810 1551 mercibus,-ve-

990 1558 1054 1577 rum
1070 1550 1159 1578 etiam
1173 1551 1208 1579 de
1223 1552 1258 1580 iis
1274 1562 1329 1588 que
1344 1555 1379 1582 de
1405 1557 1490 1584 terris
1516 1558 1654 1587 Romanis
1677 1560 1713 1587 ab
1733 1550 1811 1597 ipsis

989 1596 1128 1622 emuntur
1142 1598 1170 1623 et
1185 1595 1214 1623 in
1231 1605 1337 1633 magna
1353 1599 1424 1628 urbe
1440 1600 1482 1628 vel
1496 1601 1561 1630 aliis
1572 1604 1658 1631 terris
1672 1595 1812 1634 Romanis

990 1639 1167 1667 venduntur.
1192 1640 1372 1678 Quamquam
1408 1645 1485 1673 enim
1511 1648 1539 1674 et
1572 1656 1606 1675 ex
1635 1648 1811 1686 chrysobulo

989 1682 1063 1719 ipsis
1079 1685 1154 1712 i'acto
1178 1686 1277 1721 proavi
1301 1687 1418 1723 imperii
1444 1691 1548 1725 nostri,
1573 1682 1811 1729 sempervmemo-

990 1727 1074 1756 randi
1088 1729 1273 1766 imperatoris
1295 1732 1408 1761 domini
1430 1734 1521 1763 Alexii
1545 1727 1696 1772 Comnani,
1721 1741 1753 1767 ut
1768 1738 1812 1767 vel

991 1775 1022 1800 ut
1053 1774 1154 1802 Romei
1187 1778 1359 1811 reputentur
1395 1778 1452 1814 ipsi
1494 1781 1523 1808 in
1558 1783 1704 1811 mercibus
1737 1792 1812 1819 quas

990 1818 1025 1845 de
1053 1819 1196 1847 Romania
1224 1824 1336 1855 emunt,
1365 1823 1595 1854 determinatum
1632 1830 1687 1860 est,
1719 1818 1812 1856 idem-

989 1871 1045 1899 que
1059 1865 1268 1893 commercium
1285 1867 1355 1895 dent
1369 1868 1404 1896 de
1420 1869 1456 1897 iis
1471 1871 1548 1906 quod
1564 1873 1593 1899 et
1608 1873 1707 1901 Romei
1725 1874 1813 1908 dant;

988 1908 1039 1935 sed
1067 1910 1165 1937 tamen
1194 1910 1351 1946 imperium
1377 1917 1510 1942 nostrum
1549 1917 1672 1945 multam
1711 1926 1813 1946 eorum

988 1953 1170 1981 devotionem
1193 1957 1222 1983 et
1245 1956 1333 1984 fidem
1362 1966 1566 1994 remunerans,
1598 1961 1757 1990 liberaliter
1784 1964 1813 1990 et

988 2006 1077 2033 super
1092 1998 1146 2026 hoc
1170 1999 1333 2036 capitulum
1358 2011 1426 2038 erga
1450 2012 1498 2032 eos
1526 2005 1597 2041 agit,
1623 2008 1651 2033 et
1666 2007 1681 2033 4
1697 2008 1732 2034 de
1750 2015 1815 2035 cen-

988 2043 1050 2070 tum
1068 2045 1182 2071 tantum
1199 2045 1267 2072 dare
1292 2054 1340 2074 eos
1362 2048 1448 2082 jubet
1471 2050 1500 2076 et
1524 2050 1552 2076 in
1573 2051 1719 2078 mercibus
1736 2051 1814 2087 ipso-

987 2095 1053 2114 rum
1070 2096 1144 2123 quas
1160 2089 1195 2116 de
1216 2090 1357 2118 Romanis
1372 2092 1508 2128 equidem
1537 2097 1650 2122 emunt.
1668 2097 1816 2123 Fruentur

987 2130 1078 2166 igitur
1094 2132 1189 2160 Pisani
1206 2133 1340 2163 libertate
1358 2136 1429 2171 ipsis
1449 2137 1555 2166 collata
1580 2147 1597 2166 a
1613 2142 1713 2168 nostra
1737 2148 1814 2169 sere-

987 2175 1077 2203 nitate
1092 2178 1120 2203 et
1136 2178 1274 2206 omnibus
1289 2179 1362 2215 ipsis
1378 2181 1503 2217 donatis,
1528 2191 1579 2210 ceu
1603 2184 1740 2220 superius
1764 2193 1815 2220 pa-

990 2220 1130 2248 tefactum
1154 2224 1208 2256 est,
1232 2225 1260 2250 et
1291 2225 1505 2254 amovebuntur
1527 2228 1563 2255 ab
1586 2228 1630 2256 his
1650 2237 1812 2265 nunquam.

986 2270 1124 2302 Quamvis
1139 2271 1216 2298 enim
1234 2271 1404 2308 hujusmodi
1420 2276 1520 2304 omnia
1531 2277 1594 2311 jam
1619 2278 1727 2306 tradita
1751 2278 1812 2306 fue-

110 2314 136 2339 et
158 2321 276 2340 rursum
304 2312 407 2341 Pisane
431 2313 552 2341 ecclesie
586 2314 745 2342 constituta
774 2314 799 2342 ei
835 2311 971 2344 annual)
989 2314 1046 2342 rint
1076 2317 1262 2345 monasteriis
1291 2320 1319 2346 et
1343 2320 1476 2355 personis
1502 2321 1609 2357 quibus
1633 2322 1686 2350 hec
1716 2322 1814 2351 ablata

111 2355 260 2391 solemnia,
279 2358 333 2384 500
357 2357 469 2386 scilicet
497 2366 638 2394 yperpera
661 2361 689 2386 et
712 2359 729 2385 2
755 2359 844 2395 pallia
861 2362 893 2387 ut
908 2361 936 2387 et

113 2400 146 2428 ab
161 2401 286 2438 imperio
307 2404 407 2430 nostro
431 2402 456 2430 ei
484 2411 562 2430 nunc
586 2403 758 2439 constituta,
786 2404 821 2432 ob
848 2405 934 2432 tidem

114 2453 195 2480 quam
209 2446 313 2474 civitas
328 2447 414 2474 debet
428 2449 456 2475 et
472 2449 548 2475 terra
564 2447 670 2476 Pisana
686 2448 808 2485 imperio
834 2452 935 2478 nostro

115 2492 142 2517 et
156 2491 305 2519 servitium
322 2492 396 2526 ejus.
413 2491 499 2519 Addit
515 2500 631 2528 quoque
647 2493 689 2521 eis
705 2496 733 2521 et
747 2493 804 2521 alia
814 2501 935 2530 yperpe-

117 2542 146 2561 ra
162 2534 210 2563 l00
234 2535 383 2570 similiter,
407 2538 437 2563 et
460 2536 689 2565 honoratissimo
715 2538 935 2574 archiepiscopo

117 2578 246 2607 Pisarum
263 2581 508 2615 preconslitutum
524 2581 550 2609 ei
566 2590 698 2610 annuum
723 2583 876 2617 salarium,
901 2584 936 2611 60

118 2622 246 2652 videlicet
260 2633 401 2661 yperpera
415 2626 443 2653 et
460 2634 551 2654 unum
568 2626 701 2663 pallium,
719 2629 751 2655 ut
773 2630 802 2655 et
817 2628 843 2656 ei
859 2636 936 2656 nunc

119 2668 308 2697 constitutum
324 2669 360 2697 ab
376 2669 498 2706 imperio
515 2672 717 2700 nostro.Addit
730 2681 796 2700 vero
813 2681 936 2709 persons

120 2712 327 2750 archiepiscopi
346 2714 396 2750 qui
419 2723 497 2743 nunc
521 2718 566 2744 est
590 2718 618 2744 et
643 2716 699 2744 alia
720 2725 861 2753 yperpera
886 2726 937 2754 per

121 2756 248 2793 singulas
270 2767 364 2787 annos
379 2760 423 2788 40.
449 2760 484 2788 Et
499 2760 585 2796 jubet
614 2761 784 2797 hujusmodi
807 2763 906 2791 omnia
920 2772 937 2791 a

123 2804 199 2837 parte
213 2802 338 2832 civitatis
352 2806 381 2832 et
396 2807 471 2833 terre
492 2805 597 2833 i‘isane
621 2806 766 2843 possideri
781 2806 835 2835 hoc
851 2808 936 2836 modo

124 2855 172 2882 per
185 2855 286 2876 omnes
296 2850 324 2877 et
334 2849 469 2878 assiduos
481 2852 755 2886 annos,secundum
771 2852 936 2883 faciendum

990 2361 1068 2394 sunt,
1086 2362 1114 2387 et
1128 2361 1243 2390 Pisanis
1258 2363 1375 2397 tradita,
1391 2367 1521 2392 attamen
1537 2367 1676 2401 quoniam
1702 2369 1813 2396 iterum

991 2404 1160 2439 hujusmodi
1182 2407 1279 2435 Pisani
1303 2409 1358 2436 sub
1381 2409 1497 2438 servitio
1523 2411 1663 2440 Romanie
1688 2413 1814 2441 ordinati

991 2453 1060 2477 sunt
1084 2453 1112 2478 et
1137 2451 1292 2487 pristinam
1318 2462 1401 2481 suam
1425 2455 1513 2483 ﬁdem
1543 2458 1631 2492 atque
1660 2457 1813 2486 servitium

991 2494 1114 2530 imperio
1139 2498 1250 2531 nostro,
1273 2497 1432 2527 heredibus
1452 2502 1480 2527 et
1506 2502 1727 2531 successoribus
1749 2504 1814 2539 ejus

990 2541 1019 2566 et
1047 2540 1194 2574 Comanie,
1221 2543 1375 2571 observare
1402 2545 1586 2580 juraverunt,
1624 2555 1742 2576 rursum
1771 2547 1814 2576 eis

991 2584 1088 2612 ablata
1102 2589 1171 2613 sunt
1184 2589 1212 2614 et
1229 2588 1363 2616 restituta
1381 2589 1648 2627 Pisanis,quoniam
1660 2592 1715 2629 ipsi
1726 2591 1812 2621 satis-

991 2629 1147 2658 factionem
1173 2639 1189 2659 a
1212 2632 1281 2660 fisco
1314 2633 1420 2662 habere
1451 2635 1576 2671 debent;
1601 2637 1625 2664 si
1651 2645 1715 2665 vero
1755 2645 1812 2664 non

991 2673 1157 2709 habuerint,
1175 2684 1231 2704 non
1253 2677 1359 2705 debent
1385 2678 1413 2706 in
1439 2680 1561 2709 Pisanos
1585 2689 1680 2717 agere,
1706 2680 1757 2709 sed
1784 2680 1813 2708 in

990 2718 1088 2754 ipsum
1106 2720 1221 2756 ﬁscum,
1238 2722 1313 2750 intra
1328 2723 1492 2759 legitimum
1508 2728 1633 2762 tempus.
1652 2727 1685 2753 Et
1700 2727 1814 2754 restau-

992 2764 1135 2792 rationem
1151 2766 1247 2802 adepti
1270 2768 1388 2803 fuerint,
1412 2769 1562 2798 habebunt
1584 2769 1813 2799 satisfactionem

992 2816 1044 2844 qer
1057 2809 1086 2836 id
1103 2811 1180 2845 quod
1197 2811 1333 2848 dabitur;
1350 2813 1375 2841 si
1391 2817 1490 2842 autem
1507 2823 1564 2843 non
1580 2815 1677 2851 adepti
1693 2815 1812 2852 fuerint,

991 2853 1141 2883 habebunt
1156 2864 1208 2892 pro
1233 2858 1315 2886 rato:
1332 2859 1472 2894 quoniam
1498 2859 1655 2895 imperium
1680 2863 1813 2890 nostrum
