1973 3154
195 162 254 192 483

851 158 978 190 ISAACI
1001 159 1142 191 ANGELl
1166 161 1245 192 IMP.

1823 166 1870 197 484

197 226 347 254 licentiam
364 225 521 262 exlegibus
541 224 630 252 habet
646 224 673 251 in
700 224 806 251 noticia
833 223 973 261 largiendi
991 223 1059 262 et
1077 227 1123 254 nie
1139 229 1218 261 sunt,
1232 230 1260 255 et
1276 228 1440 265 pepigerint
1455 237 1489 256 ea
1504 231 1532 257 et
1547 229 1686 265 corporali
1709 230 1873 259 conﬁrmave-

196 271 303 305 uliena,
320 272 348 298 et
363 270 487 307 largitur
501 270 555 297 hec
572 269 705 297 Pisarum
730 268 916 305 plenitudini.
942 269 1019 301 Quo-

197 316 274 344 niam
293 323 358 343 vero
381 314 520 343 notifirati
546 313 633 350 legati
659 313 812 341 clementia
835 316 933 341 nostra
950 323 1018 350 sup-

195 360 339 397 plicantes
356 359 502 396 petierunt
518 367 583 386 cum
599 358 665 386 aliis
687 358 829 385 notiflcari
846 358 874 385 in
892 359 1018 394 presenti

196 404 371 442 chrysobuln
395 403 509 440 imperii
536 403 638 438 nostri,
672 406 730 430 tam
758 411 792 430 ea
817 411 872 438 que
906 403 1017 439 pridem

196 449 423 486 possidebantur
438 457 454 476 a
469 450 548 484 parte
571 448 696 476 civitatis
719 450 746 475 et
769 450 845 475 terre
871 447 975 476 Pisans
990 448 1017 475 in

197 502 304 530 magna
321 494 391 521 urbe
403 494 481 529 jura,
497 501 584 529 quam
599 500 629 520 ea
647 501 703 528 que
721 501 797 520 nunc
814 501 829 520 a
845 492 1020 520 celsitudine

196 541 298 566 nostra
323 538 395 574 ipsis
411 537 516 566 collata
541 540 619 571 sunt,
644 537 799 573 imperium
827 540 960 565 nostrum
977 537 1019 565 sic

196 584 259 611 fieri
284 582 436 610 concessit.
463 582 498 609 Et
519 582 628 609 habent
652 590 707 618 que
732 582 844 617 pridem
869 582 1018 618 quidemn

195 628 310 656 Pisanis
323 627 549 663 possidebantur
565 627 607 654 sic
623 626 678 662 (45)
694 635 701 654 z

230 674 487 702 Conservabnntur
502 672 593 708 igitur
609 673 742 700 universa
757 672 895 708 superius
910 672 1020 707 scripta

193 719 279 747 ﬁrma
295 719 330 746 ab
345 718 469 754 imperio
484 719 595 751 nostro,
613 717 769 744 heredibus
791 720 819 744 et
844 716 1020 744 successori-

193 764 251 792 bus
265 764 329 799 ejus
344 765 374 790 et
389 762 540 794 Romanis,
559 762 582 789 si
600 764 728 797 potestas
752 769 809 797 que
834 764 877 789 est
901 761 930 788 in
948 761 1018 788 civi-

192 810 253 836 tate
269 811 297 835 et
309 810 387 835 terra
402 807 517 839 Pisans,
534 805 681 840 consules,
710 805 871 833 consiliarii
888 804 917 833 et
933 814 1018 833 sena-

193 855 283 887 tores,
308 851 462 887 capitanei,
487 853 616 878 rectores
640 853 669 878 et
693 850 798 886 reliqui
820 850 967 883 meliores,
984 858 1017 878 ac

192 897 291 933 ipsum
303 904 459 924 commune
470 896 602 922 Pisarum
615 894 776 930 receperint
786 903 841 930 que
854 904 871 922 a
881 895 1017 930 superius

193 942 311 978 scriptis
327 941 431 977 legatis
446 949 545 968 eorum
564 942 648 976 pacta
663 942 691 967 et
707 941 807 975 jurata
825 940 949 976 imperio
965 948 1017 968 no-

193 986 425 1021 stro,lieredibus
440 988 468 1013 et
483 984 705 1013 successoribus
715 984 780 1019 ejus
789 984 904 1020 ipsique
915 986 1017 1013 Roma-

1076 270 1135 298 rint
1149 275 1343 309 sacramento,
1361 275 1388 300 et
1404 273 1547 309 scriptum
1563 274 1617 301 hec
1639 275 1785 302 continens
1809 283 1874 303 eom-

1075 317 1227 351 posuerint
1242 319 1271 344 et
1286 320 1424 345 consuete
1453 318 1711 354 corroboraverint,
1726 321 1752 346 et
1776 319 1872 348 celsitu-

1075 360 1250 389 dininostre
1266 362 1411 396 miserint,
1440 365 1467 390 et
1493 363 1544 391 hec
1574 365 1636 390 rata
1664 364 1693 390 in
1722 366 1873 400 perpetuum

1075 405 1233 434 habuerint
1247 406 1314 443 ipsi,
1331 409 1359 435 et
1374 407 1423 444 qui
1451 410 1515 444 post
1538 416 1586 436 eos
1603 410 1690 436 erunt
1717 408 1841 437 consules
1853 411 1875 437 et

1074 452 1244 486 potestates,
1280 451 1439 480 consiliarii
1480 454 1509 480 et
1545 455 1704 486 senatores,
1741 453 1876 490 capitanei,

1076 496 1200 522 rectores
1234 504 1266 523 ac
1294 495 1391 532 ipsum
1430 505 1586 524 commune
1615 497 1741 524 civitatis
1765 500 1791 524 et
1815 500 1877 525 terre

1074 539 1149 574 Pisa=
1179 542 1313 575 presente
1343 541 1519 577 chrysobulo
1551 541 1638 570 verbo
1659 541 1772 578 imperii
1800 543 1878 570 nostri

1074 583 1199 611 ﬁrmiter
1213 586 1241 611 et
1256 585 1464 614 inviolabiliter
1479 594 1650 622 permanere
1665 586 1732 623 (45).
1744 594 1879 622 quousque

1074 629 1288 657 conservabunt
1299 630 1491 667 suprascripti
1504 639 1606 659 omnes
1620 639 1654 659 ex
1665 631 1778 667 integro
1791 639 1821 659 ea
1834 639 1879 668 que

1074 673 1210 709 superius
1226 676 1343 702 narrata
1359 677 1438 703 sunt.

1110 718 1194 746 Facto
1211 727 1312 747 mense
1326 720 1484 748 Februario
1504 720 1649 757 presentis
1677 720 1789 749 decime
1816 720 1893 748 indi--

1073 762 1190 797 ctionis,
1207 764 1256 791 sed
1274 763 1424 792 millesimi
1436 765 1691 802 septingentesimi
1704 765 1783 800 anni,
1797 765 1823 792 in
1834 773 1880 800 quo

1073 809 1102 834 et
1112 809 1245 835 nostrum
1262 808 1344 844 pium
1360 810 1389 836 et
1403 817 1420 836 a
1439 809 1496 837 Deo
1522 809 1692 837 ordinatum
1714 809 1880 846 subsignsvit

1072 850 1241 887 imperium.

1110 896 1240 924 lsaakius
1254 896 1284 924 in
1300 897 1414 926 Christo
1431 897 1555 925 Domino
1571 898 1668 926 ﬁdelis
1692 898 1844 935 imperator
1856 900 1878 926 et

1073 941 1241 969 moderator
1255 942 1431 970 Romcorum
1447 941 1587 978 Angelus.

604 1136 639 1155 os
659 1135 797 1155 accessus
815 1136 852 1155 AD
871 1136 1014 1155 ALTIOREM
1034 1136 1131 1156 LOCUM
1152 1136 1306 1157 PROMOTIS.
1323 1129 1367 1165 (A.
1387 1129 1477 1166 1193.)

703 1185 774 1212 Vide
788 1185 977 1213 Balsamanem
991 1185 1026 1213 ad
1045 1185 1146 1221 Synod.
1162 1186 1286 1214 Chalced.
1301 1195 1325 1214 c.
1343 1187 1386 1214 12.

821 1328 856 1347 DE
876 1328 1034 1348 METROPOLI

1057 1329 1260 1349 BYPAEPORUM.

921 1379 982 1406 Non
996 1383 1072 1407 extat
1088 1379 1154 1416 (46).

662 1520 756 1539 ΑυΗεΑ
777 1519 867 1540 suam
886 1521 1003 1540 VENE’l‘IS
1023 1521 1163 1542 coucsssa
1181 1515 1247 1550 [47].
1264 1516 1309 1549 (Α.
1328 1515 1419 1548 1499.)

221 1598 474 1632 Quemadmodum
491 1598 632 1626 animalia
642 1606 705 1626 sese
721 1599 755 1626 ad
772 1598 895 1626 invicem
909 1599 1011 1627 intime
1027 1602 1048 1635 α
1067 1608 1155 1627 verna
1171 1601 1332 1636 respiciunt
1346 1603 1433 1636 atque
1447 1601 1601 1637 amplexus
1616 1603 1789 1637 exspectant
1804 1613 1810 1634 ;
1823 1607 1879 1628 cum

185 1643 348 1679 diligentia,
365 1643 506 1679 gregatim
524 1651 677 1679 quousque
693 1651 809 1679 semper
829 1644 938 1675 euntia.
957 1652 1008 1672 nec

185 1696 242 1716 non
257 1690 285 1716 et
299 1688 514 1724 compascentia
529 1690 557 1715 et
572 1688 661 1715 simul
678 1688 711 1714 ad
738 1687 877 1715 sublimia
892 1692 919 1715 et
934 1688 1008 1716 infe-

183 1732 261 1760 riora
285 1732 478 1763 convolantia.
503 1732 706 1767 coégredentia
739 1732 827 1759 etiam
851 1741 884 1760 ac
910 1741 1007 1769 regre-

183 1777 302 1811 dientia,
328 1780 356 1804 ct
380 1777 452 1804 forte
486 1776 634 1803 interdum
667 1777 792 1811 quadam
832 1778 1007 1805 necessitate

182 1821 358 1854 accedentia,
375 1824 401 1848 et
417 1821 517 1856 sepius
531 1821 565 1847 ad
578 1821 702 1848 invicem
720 1824 797 1848 retro
808 1822 1004 1858 respicientis,

183 1867 211 1892 et
225 1865 357 1901 gruendo
374 1874 406 1892 ac
424 1865 593 1900 sclingendo
611 1868 638 1892 et
665 1866 790 1901 propriis
811 1866 1004 1902 uniuscujus-

183 1917 240 1944 que
263 1909 381 1936 vocibus
405 1909 584 1936 desiderium
610 1910 645 1937 θ’)
679 1910 800 1937 invicem
825 1914 1002 1939 remotorum

182 1954 426 1987 demonstrantia,
442 1956 469 1981 et
493 1954 516 1980 si
543 1953 648 1982 alicubi
676 1954 838 1982 libertatem
864 1957 1003 1992 ceperint,

182 1998 283 2025 statim
299 1998 383 2026 valde
394 1999 428 2026 ad
445 1999 661 2033 compascentia
674 1999 864 2033 redeuntia,et
880 2000 1003 2028 letitiam

181 2042 363 2078 impossibile
378 2045 421 2070 est
437 2043 493 2070 dici
510 2045 653 2078 quantum
679 2051 712 2070 ex
735 2044 808 2072 facto
829 2045 862 2071 ad
880 2045 1002 2073 invicem

181 2095 335 2120 concursu,
352 2090 381 2115 et
396 2088 475 2115 velut
488 2087 630 2123 dilligenti
646 2088 820 2116 allocutione
839 2098 896 2116 non
914 2090 1003 2125 signi-

182 2131 303 2160 ﬂcativis
319 2134 347 2159 et
364 2131 559 2160 inartieulatis
581 2133 701 2160 vocibus
723 2133 978 2169 subsigniﬁcantia
995 2143 1001 2162 :

180 2176 222 2204 sic
237 2179 265 2204 et
279 2185 372 2213 genus
390 2177 592 2205 Veneticorum
616 2177 775 2213 plurimum
801 2177 955 2206 amicabile
970 2187 1002 2206 ac

180 2221 284 2248 servile
298 2221 396 2249 circha
412 2221 584 2249 Romaniam
601 2229 654 2257 per
677 2224 809 2258 tempore
834 2222 892 2250 iam
910 2223 1002 2251 multa

178 2267 207 2293 et
218 2265 306 2293 etiam
337 2274 352 2293 ιι
379 2269 495 2293 centum
527 2266 612 2294 annis
637 2268 665 2293 et
688 2266 754 2301 plus
780 2267 1001 2295 connumeratis

180 2311 335 2346 possidens
348 2311 518 2338 inconvulse
534 2319 597 2338 eam
613 2313 642 2338 et
661 2310 879 2339 indivisibiliter
894 2312 1003 2339 detinet

180 2354 215 2381 Et
230 2354 253 2381 si
279 2353 406 2390 aliquem
435 2357 544 2383 remoto
572 2356 643 2382 l‘orte
666 2354 707 2382 sic
732 2363 781 2382 eos
806 2356 1001 2392 persequitur,

181 2397 277 2432 quiete
303 2399 493 2427 remotionem
528 2402 679 2436 portantes
702 2408 769 2435 sepe
799 2401 834 2427 ad
866 2401 1002 2429 unionem

181 2445 375 2478 revertuntur,
392 2445 488 2472 modis
501 2453 618 2480 quoque
633 2445 770 2472 omnibus
783 2453 846 2472 eain
868 2454 1002 2473 revocare

181 2487 345 2522 requirunt,
361 2491 389 2515 et
413 2491 445 2516 ut
467 2489 526 2524 [ad]
544 2492 665 2517 matrem
679 2497 753 2525 puer
763 2491 791 2516 et
802 2490 837 2517 ad
851 2490 1001 2517 dominam

215 2575 272 2611 (45)
288 2576 405 2603 Buchon
420 2578 520 2605 omisit
530 2579 779 2606 enumerationem
791 2577 921 2606 locorum
934 2580 1003 2607 aPi-

179 2612 261 2651 sanis
276 2613 530 2651 Constantinopoli
548 2623 763 2650 possessorum,
779 2615 828 2642 sed
846 2618 944 2642 notat:
961 2617 1001 2651 ly

178 2651 218 2678 est
230 2648 370 2684 plusz'eurs
381 2650 434 2683 [eis
448 2648 569 2684 question
580 2651 625 2678 de:
635 2651 847 2678 einblz‘ssi‘ments
854 2651 900 2678 de:
910 2648 1001 2679 Amaf-

177 2685 331 2722 phitains.«
343 2684 469 2722 Absque
483 2693 570 2722 cursu
587 2686 860 2722 Amnlphitanorum
871 2697 895 2713 ››.
905 2688 1002 2714 -‹‹.Ῐα-

180 2731 212 2750 ra
227 2722 335 2750 donata
351 2721 571 2757 Almaphitanis
592 2733 615 2749 ››.
631 2721 694 2747 -“‹‹
715 2722 941 2750 Descendentem
965 2724 1001 2751 ab

179 2757 411 2795 Amalphitanis.
424 2769 441 2795 γι
461 2773 487 2777 —
506 2769 520 2783 «
537 2758 644 2786 Dividit
659 2759 792 2786 eamdem
819 2758 928 2787 scalam
945 2768 1002 2795 que

180 2794 215 2820 ab
231 2793 446 2830 Amalphitanis
459 2794 635 2830 possidetur.
652 2805 666 2819 »

217 2829 286 2867 (45‘)
301 2829 423 2858 Videtur
438 2829 605 2860 addendum
623 2838 630 2859 ι
647 2829 769 2858 debenle.

1063 1646 1161 1672 autem
1177 1645 1350 1680 invenerint,
1366 1646 1624 1674 indissolubilibus
1640 1646 1770 1674 vinculis
1785 1645 1880 1674 amoris

1063 1692 1159 1717 tenere
1175 1690 1305 1717 student.

1098 1734 1178 1766 Quod
1194 1734 1312 1769 quidem
1327 1737 1356 1762 et
1371 1742 1449 1761 nunc
1466 1734 1585 1762 Venetie
1600 1734 1702 1762 circha
1718 1734 1875 1762 Romaniam

1061 1777 1193 1813 contigit.
1212 1778 1283 1806 Nam
1300 1778 1422 1814 imperio
1436 1787 1501 1806 meo
1512 1782 1627 1814 sceptra
1638 1780 1783 1807 Romanis
1792 1779 1877 1806 divina

1061 1823 1244 1858 providentia
1267 1823 1457 1858 suscipiente,
1490 1823 1736 1852 conventionibus
1760 1830 1873 1859 quoque,

1060 1875 1115 1902 que
1130 1867 1207 1895 inter
1225 1876 1289 1895 eam
1309 1871 1337 1896 et
1361 1867 1597 1896 dillectissimum
1623 1868 1744 1896 fratrem
1770 1866 1870 1903 imperii

1060 1911 1117 1939 mei
1134 1912 1547 1947 preimperantem,dominum
1564 1912 1713 1940 lsaakium
1730 1912 1869 1948 Angelum,

1059 1956 1185 1989 fuerant,
1210 1957 1294 1992 quasi
1320 1957 1561 1992 suscipientibus,
1588 1957 1801 1986 nobillissimus
1821 1958 1870 1983 dux

1057 2001 1178 2029 Venetia
1202 2005 1230 2028 et
1253 2003 1469 2036 protosevastos
1494 2001 1637 2030 Henricus
1663 2001 1822 2035 Dandolus,
1843 2007 1871 2028 ac

1057 2046 1143 2073 etiam
1159 2045 1225 2081 ipsa
1249 2045 1454 2074 Veneticorum
1480 2046 1595 2074 consilii
1618 2048 1777 2082 prudentia
1796 2053 1871 2081 super

1058 2090 1279 2126 requisitionem
1298 2090 1415 2118 unionis
1431 2092 1515 2125 quasi
1530 2091 1673 2118 dissolute
1697 2097 1871 2127 nequaquam

1057 2134 1322 2170 superdormitavit,
1339 2135 1398 2162 imo
1415 2135 1524 2171 legatos
1542 2136 1577 2163 ad
1596 2138 1728 2163 nostram
1745 2133 1869 2163 transmi-

1057 2179 1128 2206 serit
1157 2179 1363 2206 celsitudinem
1395 2188 1401 2206 :
1428 2179 1522 2215 primo
1557 2180 1675 2215 quidem
1712 2179 1867 2208 Rainerium

1056 2223 1164 2251 Zenum
1181 2225 1209 2251 et
1223 2223 1319 2251 lilium
1336 2223 1525 2251 nobillissimi
1542 2224 1660 2259 quidem
1676 2225 1746 2252 duci
1765 2221 1867 2251 Venetis

1057 2268 1126 2296 Auri
1149 2268 1280 2303 Magistri
1310 2268 1398 2302 Petri,
1432 2268 1591 2303 Marinum,
1629 2272 1659 2296 et
1685 2268 1812 2304 legatum
1837 2266 1867 2293 ab

1057 2312 1179 2348 imperio
1193 2321 1257 2340 meo
1272 2315 1466 2348 susceperunt
1478 2313 1708 2349 grammaticum
1724 2314 1797 2348 ejus,
1814 2317 1867 2347 pro-

1056 2357 1274 2385 tonobillimum
1290 2360 1443 2393 ypertaton
1470 2358 1623 2386 dominum
1647 2357 1809 2385 Johannem
1824 2357 1868 2382 Ca-

1057 2401 1203 2430 taﬂorum.
1221 2402 1255 2429 Et
1270 2403 1410 2437 quoniam
1426 2402 1545 2438 quidem
1562 2411 1613 2438 per
1625 2411 1693 2430 eum
1708 2403 1738 2430 in
1751 2399 1868 2430 Veneciis

1056 2446 1236 2474 sufﬁcienter
1249 2448 1423 2480 morantem,
1439 2455 1496 2482 que
1520 2447 1548 2474 in
1572 2446 1762 2474 conventione
1785 2444 1866 2473 ambi-

1056 2499 1114 2527 gua
1124 2493 1217 2523 erant,
1234 2491 1306 2518 solvi
1323 2499 1380 2518 non
1396 2494 1565 2527 potuerunt,
1582 2492 1655 2519 alios
1681 2491 1778 2519 statim
1799 2489 1866 2524 lega-

1092 2580 1149 2616 (46)
1161 2580 1311 2608 Laudatur
1321 2581 1356 2608 ad
1367 2580 1593 2616 Dispositionem
1611 2581 1748 2609 thronum
1763 2579 1790 2607 in
1804 2575 1865 2606 Coll.

1057 2624 1121 2644 can.
1138 2616 1183 2644 ed.
1200 2616 1295 2644 Rhalli
1307 2619 1336 2644 et
1353 2617 1424 2644 Polli
1443 2619 1474 2644 ν.
1491 2626 1517 2652 p.
1534 2618 1596 2652 476,
1613 2627 1642 2645 n.
1659 2618 1684 2644 1.

1104 2653 1148 2687 47)
1161 2652 1332 2687 Nuperrime
1347 2661 1381 2680 ex
1396 2652 1472 2680 libro
1494 2652 1551 2680 alio
1576 2656 1604 2680 et
1625 2653 1707 2681 libris
1723 2653 1863 2687 Pectorqu

1057 2684 1215 2752 adigi/psunt
1226 2688 1306 2716 't‘ai'el
1322 2690 1351 2716 et
1365 2688 1494 2717 Thomas
1510 2688 1617 2725 saepius
1645 2689 1753 2717 laudati
1769 2693 1831 2715 tom.
1845 2684 1862 2715 Ι.

1058 2732 1085 2752 D.
1170 2732 1235 2752 sou.

1079 2745 1085 2751 .
1102 2727 1155 2752 248
1170 2732 1235 2752 sou.

1058 2732 1085 2759 p.
1102 2732 1155 2752 "an
1170 2732 1235 2760 sqq.

1093 2760 1148 2795 (48)
1163 2759 1417 2798 ῷόὶῑοιιθειθευμι
1433 2762 1516 2798 ςνΕιεὶ
1539 2763 1714 2798 aliquantum
1738 2775 1770 2781 -
1784 2763 1863 2794 Ρνοιε·

1057 2797 1159 2832 quitur.
1177 2797 1263 2833 Lege,
1278 2796 1309 2823 Et
1323 2797 1347 2824 si
1362 2796 1465 2833 aliqui:
1480 2796 1607 2826 remotos.
