1973 3154
100 160 153 191 485

665 161 857 193 NOVELLzE
880 162 1230 195 CONSTITUTIONES.

1739 169 1798 200 486

99 229 138 254 tos
153 227 187 254 ad
203 229 335 255 nostram
348 229 577 257 transmiserunt
592 229 815 263 sublimitatem,
828 230 856 256 et
870 237 921 256 nec
935 230 961 263 Α
978 229 1016 256 mi
1033 230 1116 258 ducis
1130 239 1231 258 eorum
1248 233 1276 258 et
1291 231 1381 259 totins
1404 232 1521 260 Vcnctle
1551 233 1661 269 scripto
1690 234 1726 261 ab
1755 235 1798 263 eis

99 279 145 308 per
159 279 207 299 eos
221 271 353 301 valentes
365 274 482 309 pacisci,
497 275 550 309 [ac]
564 274 652 302 finem
675 273 782 310 apponi
800 273 853 308 eis,
864 281 919 309 quo

99 316 131 344 ab
146 316 201 344 hiis
216 318 486 352 querebantur,neo
502 318 627 346 aliorum
655 318 819 354 legatorum
848 317 918 345 mis-

100 361 205 388 sionem
237 361 458 397 procelaverunt
481 363 549 398 (49),
587 371 644 390 uno
677 365 865 391 accesserunt
893 364 921 390 et

99 414 212 434 rursum
223 407 260 434 ad
279 410 410 435 nosti-am
423 407 510 444 iegati
526 407 645 436 Venetis
658 407 918 444 tranquillitatem,

99 449 235 478 Henricus
262 451 444 488 Navagiosus
473 453 541 488 630),
573 453 706 480 Andreas
733 453 864 480 Donatus
893 454 921 479 et

100 495 268 523 Benedictus
285 495 445 525 Grillionis.
461 497 496 524 Et
511 505 579 524 cum
596 505 649 524 nec
666 497 733 530 ista,
760 504 816 532 que
843 495 921 532 lega-

98 540 180 568 tionis
197 542 294 575 erant,
310 549 362 577 pro
375 549 428 569 suo
445 541 517 570 velle
534 541 772 579 ipsosimitantia
794 541 861 577 (51),
890 540 920 568 in

98 585 245 613 Venetiam
258 585 294 613 ad
317 594 348 614 se
364 586 514 615 mittentes
544 589 572 615 et
599 586 655 623 ipsi
682 586 804 618 rediere.
825 586 920 614 susci-

98 630 205 666 pientes
221 633 351 659 anostra
371 632 527 660 serenitate
556 631 697 668 legatum,
726 633 920 667 pansevaston

98 678 226 704 sevaston
255 677 284 703 Li.
309 676 482 705 familiarem
521 676 645 713 imperio
679 678 777 704 nostro
819 675 920 704 acolit-

99 722 156 748 tum
167 720 234 755 (52),
251 720 406 749 dominum
431 721 595 750 Johannem
614 720 872 757 Nomucopulum;
893 723 922 749 et

100 764 165 792 abiit
180 764 204 793 is
219 773 289 793 cum
302 765 354 794 eis.
371 766 405 793 Et
419 767 489 794 tunc
513 766 570 802 (53)
601 774 653 794 nec
674 773 726 802 per
751 765 840 793 istum
868 764 920 800 eis,

101 817 152 846 que
165 808 222 846 ipsi
237 809 298 845 (54)
308 810 591 846 sedebant,majores
602 810 725 838 Venetis
738 810 826 838 ﬁnem
838 810 922 837 indu-

100 862 157 882 cere
171 856 345 891 potuerunt,
362 854 434 884 alios
449 855 561 892 legatos
576 856 612 884 ad
629 857 760 884 nostram
777 855 922 883 duxerunt

101 900 366 935 mansuetudinem,
389 903 507 929 Petrum
536 900 707 929 Michaolem
732 900 868 929 videlicet
894 901 922 928 et

100 945 285 973 Octavianum
297 945 465 981 Quirinum,
475 946 554 974 viros
567 945 734 982 prudentia,
746 944 868 973 consilio
892 946 921 972 et

99 990 178 1017 verbo
202 991 281 1026 apud
308 990 462 1019 Veneticos
488 999 577 1027 quam
604 999 737 1027 magnos,
772 991 822 1026 qui
852 998 919 1017 cum

100 1037 276 1071 pansevasto,
290 1038 406 1063 sevasto
421 1038 450 1063 et
465 1035 588 1072 imperio
604 1043 669 1063 meo
694 1034 832 1063 familiari
852 1043 920 1062 can-

100 1078 207 1108 cellario
224 1079 411 1108 vicedomino
426 1080 562 1108 Dimitrio
577 1079 698 1108 'l‘rinkio
718 1079 775 1116 (55)
800 1087 834 1107 ex
856 1087 921 1115 pre-

100 1126 175 1160 cepto
191 1126 292 1152 nostra
315 1124 534 1162 magniﬁcentia
559 1127 618 1152 tam
639 1125 674 1152 de
697 1125 758 1160 jam
781 1124 918 1161 peractis,

99 1177 179 1205 quam
195 1169 284 1197 etiam
303 1178 337 1197 ex
350 1178 423 1197 novo
452 1169 652 1206 pasciscendis
675 1169 849 1197 multociens
873 1177 918 1196 ra-

99 1214 276 1250 tiocinantes,
299 1214 426 1251 denique
455 1217 483 1242 et
512 1223 609 1243 coram
638 1216 740 1242 nostra
767 1214 920 1250 majestate

101 1259 246 1294 steterunt,
261 1259 378 1287 etinter
406 1259 568 1295 predictum
599 1258 804 1287 cancellarium
833 1260 920 1294 atque

101 1310 145 1331 eos
157 1305 281 1331 tractata
299 1302 473 1338 retulerunt,
485 1306 512 1332 et
529 1303 652 1332 multam
666 1303 850 1336 instantiam,
867 1310 920 1331 nec

102 1355 153 1375 non
167 1349 194 1376 et
208 1348 445 1385 deprecationem
462 1350 494 1376 ut
509 1349 550 1376 eis
565 1347 672 1384 placita
695 1348 833 1384 perficere
852 1355 920 1384 pos-

101 1394 160 1420 sent
173 1392 323 1427 facientes,
341 1393 376 1421 ad
396 1393 602 1421 declarandam
628 1393 809 1428 acquievere.
831 1392 919 1420 Jura-

100 1439 195 1465 verunt
209 1440 238 1465 et
253 1437 343 1466 etiam
356 1440 584 1472 sacramentum,
600 1438 641 1466 sic
658 1438 693 1466 ad
715 1438 836 1465 verbum
851 1445 919 1466 con-

100 1482 190 1510 tinens
202 1491 208 1517 ;

135 1527 213 1554 «Nos
228 1526 338 1564 legatis
354 1527 540 1555 nobillissimi
556 1527 645 1555 Ducis
658 1526 778 1555 Vanetie
791 1526 920 1562 etimpe-

104 1571 178 1600 rialis
193 1571 511 1608 protosevastiHenrici
528 1571 662 1607 Dandoli,
675 1572 777 1600 Petrus
797 1571 920 1599 Michael

103 1618 127 1643 et
136 1615 310 1644 Octavianus
328 1616 623 1652 Quirinus,juramus
638 1616 693 1644 hac
708 1615 850 1644 hodierna
874 1616 921 1644 die
936 1608 957 1642 C

104 1668 154 1696 que
163 1663 206 1688 est
214 1661 375 1697 vigessima
386 1662 510 1697 septima
521 1661 665 1697 presentis
678 1660 787 1689 mensis
797 1661 926 1696 Septem-

103 1705 157 1733 bris
171 1706 318 1742 presenlis
343 1706 475 1734 secunde
499 1706 680 1739 indictionis,
703 1714 754 1733 sex
777 1704 926 1733 millesimi

105 1750 353 1786 septingentemisi
369 1751 486 1787 septimi
503 1751 584 1784 anni,
601 1751 635 1778 ad
660 1759 744 1778 sacra
773 1749 817 1778 dei
838 1758 924 1777 evan-

106 1794 173 1830 gelia
187 1798 215 1823 et
229 1796 265 1823 ad
282 1795 485 1823 honorabilem
501 1798 529 1823 et
543 1796 685 1823 viviﬁcam
703 1803 829 1831 crucem,
846 1795 923 1831 quod

106 1839 207 1874 omnia,
223 1849 285 1876 que
300 1840 375 1876 pacti
389 1849 494 1868 sumus
509 1849 576 1868 cum
594 1839 782 1868 sanctissimo
802 1841 830 1867 et
842 1839 924 1867 altis-

106 1883 173 1912 simo
187 1884 367 1921 imperatore
383 1886 581 1912 Romanorum
608 1887 636 1912 et
662 1893 778 1920 semper
801 1887 924 1920 augusto

106 1928 216 1957 domino
231 1929 333 1957 Alexio
350 1929 508 1964 Comnano,
525 1929 688 1957 secundum
710 1929 871 1956 orationem
897 1931 925 1956 et

104 1972 276 2002 voluntatem
298 1973 420 2010 predicti
438 1973 625 2001 nobillissimi
646 1973 730 2001 ducis
746 1973 873 2001 Vcnetim
897 1975 926 2001 et

105 2019 251 2054 exscripta
275 2019 341 2054 ejus
369 2019 566 2046 conmissione
586 2019 621 2046 ad
638 2027 691 2046 nos
713 2026 748 2046 ex
776 2018 924 2046 voluntate

103 2062 214 2097 maioris
230 2063 324 2100 partis
340 2063 421 2100 parvi
429 2065 458 2091 et
472 2064 570 2100 magni
587 2063 702 2091 concilii
714 2063 833 2091 Venetis
849 2063 925 2090 facta

104 2109 286 2137 convenimus
302 2111 329 2136 et
345 2109 421 2144 pacti
439 2117 558 2141 sumus;
576 2111 605 2137 et
621 2109 697 2144 quod
727 2107 873 2136 concessit
895 2109 924 2134 et

107 2153 251 2181 conmissit
279 2153 364 2182 nobis
380 2154 456 2181 idem
475 2153 689 2182 nobillissimus
712 2155 771 2180 Dux
791 2151 924 2187 Venetis,

105 2197 133 2223 ut
147 2205 197 2226 nos
212 2207 303 2235 super
318 2199 447 2226 animam
460 2199 700 2234 suamjuremus,
717 2198 794 2234 quod
811 2200 838 2225 et
860 2197 923 2233 ipse

105 2248 144 2275 ea,
159 2250 211 2278 que
228 2243 341 2271 anobis
359 2245 440 2279 pacta
457 2246 528 2272 sunt
543 2247 572 2272 et
587 2246 738 2277 conventa,
762 2243 876 2279 jurabit
896 2247 925 2273 et

975 273 1142 310 subscripto
1158 276 1450 311 comprehendentes,
1466 277 1494 305 id
1511 280 1610 306 nostre
1632 278 1798 315 tranquilli-

977 317 1030 345 tati
1044 319 1238 355 tradiderunt,
1254 321 1296 348 sic
1312 329 1364 356 per
1383 321 1525 350 dictiones
1545 322 1654 350 habens
1668 332 1674 351 :

1011 375 1025 388 «
1040 363 1102 393 Non
1115 365 1170 400 (56)
1187 365 1360 394 estVenetia
1379 367 1545 402 conjuncta,
1576 376 1627 396 nec
1656 377 1799 405 umquam

974 408 1170 444 conjungetur
1186 410 1271 437 alicui
1287 414 1494 439 coronatorum
1505 411 1658 440 hominum
1683 413 1726 441 vel
1742 423 1799 442 non

975 457 1244 489 coronatorum,aut
1259 456 1391 490 gentium
1404 455 1446 483 vel
1461 456 1613 484 nationum
1630 457 1716 485 alicui
1732 467 1799 486 con-

974 499 1020 524 tra
1034 497 1189 534 imperium
1207 499 1515 536 dcuiiniimpuratoris
1546 501 1742 530 Romanorum
1773 505 1802 530 et

975 550 1091 578 semper
1106 543 1224 579 augusti
1240 544 1353 571 domini
1368 545 1459 572 Alexii
1481 546 1633 580 Comnani,
1659 548 1800 582 quamdiu

975 587 1038 624 ipse
1053 589 1164 623 vixerit,
1186 593 1236 617 aut
1268 590 1408 618 heredum
1429 591 1493 626 ejus
1523 595 1580 620 tam
1604 593 1800 621 masculorum

977 641 1064 668 quani
1081 636 1109 661 et
1125 633 1312 667 feminarum,
1330 635 1379 670 qui
1397 641 1424 663 et
1448 644 1504 670 que
1533 636 1728 672 imperabunt,
1758 637 1803 666 vel

976 685 1076 705 eorum
1089 678 1139 714 qui
1151 687 1184 706 ex
1192 681 1328 715 precepio
1340 687 1440 707 eorum
1458 680 1652 716 imperabunt,
1666 682 1700 708 ad
1713 682 1803 710 otTen-

977 723 1106 751 dendum
1122 723 1294 752 Romaniam
1311 724 1530 760 particularitcr
1545 725 1605 753 sive
1630 726 1802 754 universali-

976 770 1030 800 ter,
1047 776 1100 795 nec
1115 776 1167 804 per
1181 777 1211 796 se
1227 777 1370 804 umquam
1387 769 1523 797 offendet.

1013 813 1122 846 «Item,
1139 813 1402 849 quotienscumque
1417 813 1582 850 principum
1601 814 1706 850 aliquis
1727 823 1805 844 coro-

977 858 1064 884 natus
1080 857 1124 884 vel
1140 866 1198 885 non
1214 860 1382 893 coronatus,
1403 859 1463 886 sive
1478 867 1548 894 gens
1578 859 1677 895 aliqua
1701 861 1804 889 contra

977 901 1148 929 Romaniam
1165 902 1276 930 venerit
1291 903 1327 930 ad
1353 903 1560 930 offendendum
1584 911 1649 931 eam
1670 911 1735 932 cum
1751 912 1802 941 ga-

976 946 1030 974 leis
1044 946 1238 982 quadraginta
1253 946 1296 974 vel
1310 947 1456 983 pluribus,
1469 956 1563 983 usque
1574 948 1608 975 ad
1627 950 1756 982 centum,
1773 951 1802 976 et

977 990 1039 1018 vult
1054 990 1209 1027 imperium
1224 1000 1336 1024 eorum,
1352 991 1394 1019 vel
1412 991 1533 1020 heredes
1548 993 1684 1028 ipsorum
1706 1001 1802 1021 mares

978 1035 1039 1063 sive
1056 1035 1172 1071 femine,
1185 1036 1259 1071 [qui]
1272 1038 1299 1064 ct
1315 1044 1370 1072 que
1383 1035 1582 1072 imperabunt,
1600 1036 1643 1064 vel
1669 1036 1721 1070 bii,
1751 1037 1802 1073 qui

978 1087 1013 1107 ex
1027 1081 1162 1116 precepto
1178 1088 1278 1108 eorum
1295 1080 1491 1116 imperabunt,
1513 1080 1665 1108 servitium
1686 1081 1802 1109 Veneti-

978 1133 1080 1153 oorum
1095 1133 1162 1153 cum
1173 1125 1264 1161 galeis
1279 1125 1474 1162 quadraginta
1485 1128 1513 1153 et
1528 1133 1621 1162 usque
1632 1126 1666 1154 ad
1675 1128 1803 1160 centum,

980 1169 1087 1197 debent
1099 1169 1171 1197 illud
1186 1169 1292 1198 habere
1308 1169 1385 1198 infra
1397 1178 1511 1198 menses
1523 1179 1573 1198 sex
1588 1173 1653 1206 post
1665 1170 1803 1199 noticiam

979 1214 1046 1242 duci
1062 1215 1160 1242 datum
1176 1214 1295 1242 Vsnetie
1311 1215 1347 1242 ab
1363 1215 1486 1251 imperio
1498 1223 1610 1242 eorum.
1629 1216 1689 1248 Que
1709 1215 1804 1251 profe-

979 1261 1025 1287 cto
1037 1259 1118 1296 galce
1133 1259 1239 1287 debent
1259 1258 1378 1287 Venetie
1394 1259 1455 1287 ﬁeri
1471 1261 1499 1286 et
1514 1259 1661 1295 preparari
1676 1268 1690 1287 a
1710 1259 1803 1288 Vene-

978 1303 1045 1331 ticis
1060 1312 1126 1332 cum
1143 1304 1277 1332 universo
1291 1312 1391 1332 earum
1408 1306 1548 1340 apparatu
1567 1312 1618 1340 per
1632 1304 1802 1340 peccuniam

979 1348 1048 1376 illuc
1059 1348 1181 1377 missam
1198 1348 1233 1377 ab
1248 1357 1349 1376 eorum
1360 1348 1494 1385 imperio,
1507 1348 1551 1376 vel
1567 1349 1683 1376 inventa
1698 1349 1751 1385 [m]
1763 1349 1802 1376 ibi

980 1401 996 1420 a
1011 1395 1093 1429 parte
1108 1392 1290 1421 celsitudinis
1307 1401 1419 1427 eorum,
1435 1392 1658 1421 Veneticisdare
1670 1393 1802 1420 debenti-

980 1439 1035 1466 bus
1048 1438 1182 1466 homines
1198 1440 1293 1474 aptos,
1311 1440 1343 1465 ut
1357 1438 1482 1474 quisque
1496 1446 1596 1465 eorum
1622 1437 1800 1474 preparatio-

978 1492 1045 1511 nem
1061 1483 1192 1519 quinque
1207 1483 1355 1519 galearum
1366 1483 1457 1519 presit
1471 1491 1478 1516 ;
1494 1483 1543 1518 qui
1573 1487 1598 1510 et
1625 1483 1725 1518 jurare
1749 1483 1803 1510 de-

977 1528 1057 1561 bent,
1074 1528 1150 1564 quod
1167 1528 1273 1555 facient
1287 1536 1336 1555 eas
1351 1529 1378 1555 et
1393 1528 1466 1555 bene
1477 1527 1548 1562 fieri,
1565 1529 1593 1555 et
1609 1535 1800 1562 unamquam.

978 1581 1032 1609 que
1048 1581 1146 1601 earum
1164 1574 1279 1600 centum
1297 1573 1492 1608 quadraginta
1508 1572 1568 1598 fore
1598 1579 1745 1599 remorum
1775 1573 1804 1598 et

977 1625 1043 1645 cum
1056 1617 1136 1645 omni
1151 1619 1291 1653 apparatu
1309 1625 1420 1651 earum,
1435 1624 1501 1644 cum
1518 1616 1679 1643 celleritate
1708 1617 1735 1643 et
1764 1615 1804 1643 si-

981 1671 1017 1691 ne
1033 1663 1111 1697 dolo,
1126 1663 1289 1690 secundum
1307 1663 1383 1697 quod
1397 1662 1535 1689 deberent
1551 1669 1600 1689 eas
1614 1662 1708 1689 facere
1730 1660 1805 1695 fieri,

981 1708 1004 1735 si
1021 1710 1119 1736 essent
1133 1707 1213 1744 galee
1229 1706 1358 1740 Venetis,
1377 1708 1426 1734 aut
1441 1706 1463 1734 si
1488 1714 1553 1734 cum
1586 1706 1727 1742 peccunia
1750 1707 1804 1733 Ve-

980 1753 1056 1780 netis
1072 1753 1210 1780 deberent
1226 1751 1298 1779 ﬁeri.
1317 1751 1445 1783 Quorum
1462 1751 1585 1786 quisque
1600 1750 1687 1777 debet
1716 1758 1732 1777 a
1756 1757 1806 1777 ve-

980 1798 1082 1825 stiario
1104 1797 1215 1824 domini
1248 1795 1435 1832 imperatoris
1464 1795 1593 1830 accipere
1621 1794 1806 1822 liberalitatis

980 1843 1071 1879 gratia
1088 1841 1269 1869 numismata
1286 1848 1427 1877 yperpera
1441 1839 1602 1875 sexaginta.

1016 1889 1124 1920 «Item,
1141 1886 1262 1914 comites
1279 1884 1449 1920 hujusmodi
1480 1884 1630 1920 galearum
1659 1883 1806 1919 jurabunt

980 1940 1065 1968 super
1084 1933 1185 1959 sancta
1200 1931 1252 1958 Dei
1266 1929 1433 1966 Evangelia,
1450 1929 1527 1965 quod
1553 1929 1582 1956 in
1627 1937 1806 1964 unaquaque

979 1976 1139 2013 gallearum
1157 1977 1242 2003 erunt
1257 1978 1373 2003 centum
1387 1974 1581 2010 quadraginta
1609 1974 1754 2005 homines,
1783 1973 1808 2001 si

979 2023 1023 2048 tot
1039 2021 1191 2048 hominum
1208 2020 1251 2047 eis
1271 2027 1340 2055 roga
1363 2019 1432 2046 data
1457 2018 1554 2050 fuerit,
1582 2017 1711 2053 exceptis
1740 2025 1804 2044 mo-

979 2065 1124 2093 rientibus
1138 2067 1166 2092 et
1179 2064 1241 2091 sine
1257 2072 1357 2092 eorum
1375 2063 1482 2090 noiicis
1498 2062 1731 2097 aufugientibus.
1755 2060 1808 2088 Ve~

980 2112 1145 2137 rumtamen
1163 2108 1216 2144 ipsi
1232 2108 1390 2136 studebunt
1407 2107 1483 2134 bona
1499 2106 1564 2137 fide,
1584 2107 1730 2140 quatenus
1760 2113 1806 2132 ro-

978 2162 1045 2190 gam
1061 2151 1172 2181 eisdem
1197 2153 1369 2180 hominibus
1398 2151 1514 2183 datam,
1545 2149 1740 2178 morientibus
1764 2148 1808 2176 vel

980 2198 1160 2234 fugientibus
1175 2197 1319 2230 videlicet,
1337 2197 1528 2231 recuperent:
1549 2202 1638 2230 quam
1668 2193 1692 2221 si
1723 2201 1806 2220 recu-

979 2251 1080 2279 perare
1120 2242 1275 2273 valuerint,
1310 2241 1451 2268 inducent
1489 2239 1563 2266 alios
1597 2246 1648 2274 pro
1690 2238 1733 2266 eis
1775 2237 1806 2265 in

105 2283 229 2316 homines
246 2288 368 2316 Venetia
380 2289 483 2324 jurare
499 2289 595 2318 faciet.
618 2289 658 2316 Ex
687 2297 722 2316 ex
750 2296 808 2324 quo
837 2287 923 2316 nobis
939 2297 962 2329 D
979 2287 1078 2324 galeas
1092 2294 1205 2321 eorum,
1219 2288 1270 2314 aut
1285 2286 1408 2313 reddent
1423 2292 1523 2320 regam
1551 2282 1664 2310 homini
1693 2282 1806 2310 domini

105 2328 152 2358 hoc
167 2332 308 2361 concessit
322 2335 350 2361 et
365 2333 595 2366 conmissit,non
609 2333 638 2360 id
657 2332 851 2361 subvertitvel
861 2341 923 2360 mu-

107 2375 176 2403 tavit.
193 2377 226 2405 Et
242 2377 316 2405 sicul
335 2378 387 2405 hec
400 2379 538 2413 juramus
567 2378 628 2406 sine
655 2377 756 2405 fraude
785 2379 813 2405 et
842 2377 921 2406 malo

106 2417 224 2455 ingenio,
241 2422 283 2450 sic
305 2423 422 2458 adjuvet
435 2423 512 2451 Deus
526 2425 554 2451 et
569 2425 671 2450 sancta
686 2423 750 2458 ejus
773 2422 924 2459 evangelia

108 2465 132 2490 et
145 2464 320 2496 honorabilis
335 2467 544 2504 alqueviviﬁca
559 2476 629 2495 crux
642 2467 805 2503 predictum
819 2468 923 2495 ducem

110 2511 231 2539 nostrum
252 2515 280 2540 et
296 2520 359 2545 nos,
376 2515 404 2540 et
419 2513 448 2540 in
465 2513 519 2540 hoc
536 2512 634 2540 seculo
651 2516 679 2540 et
694 2512 722 2540 in
743 2513 850 2540 futuro.
865 2524 876 2537 ι»

141 2553 193 2582 Hec
208 2556 298 2592 igitur
309 2557 455 2593 jurantes,
467 2560 497 2585 et
512 2565 568 2592 que
584 2559 668 2593 pacta
684 2557 800 2585 suntab
815 2557 857 2585 eis
873 2565 924 2585 no-

109 2598 161 2625 stre
173 2600 397 2636 magnificentia,
414 2603 446 2629 ut
457 2610 490 2629 ex
511 2603 593 2636 parte
619 2601 744 2637 predicti
768 2600 926 2629 nobillissi-

209 2698 336 2737 Editores
353 2700 511 2728 emendant
528 2709 534 2729 :
549 2701 765 2737 protelaverunl.

210 2733 269 2771 μδ.
288 2737 439 2771 pactorum
453 2745 459 2763 2
473 2733 653 2771 Navaberios.

143 2694 195 2800 iiii

153 2730 195 2800 5οζ
210 2733 269 2762 Lib.
288 2737 439 2771 pactorum
453 2745 459 2763 2
473 2730 564 2771 Nava‘g

155 2766 183 2793 51
210 2769 358 2811 Legerim:
376 2773 564 2807 impetrarent.

156 2803 199 2835 52)
215 2806 271 2847 Lib.
287 2810 363 2843 pact.
379 2809 548 2837 acotuthum.

159 2837 201 2873 53)
211 2841 337 2873 Editors:
347 2847 423 2873 coni.
438 2853 511 2873 cum.

156 2803 199 2843 ἒξ)
213 2803 271 2843 μβ.
287 2810 363 2843 pact.
379 2803 548 2837 acbtuthum.

159 2837 201 2874 53)
211 2837 337 2873 Editors:
347 2847 423 2882 conj.
438 2853 511 2874 cum.

978 2331 1176 2369 imperatoris.

1015 2387 1027 2403 α
1045 2377 1127 2411 Item,
1143 2375 1283 2411 jnrabunt
1308 2373 1514 2409 unusquisque
1543 2372 1698 2405 comitum,
1728 2371 1805 2407 quod

978 2422 1147 2449 universum
1164 2422 1337 2456 apparatum
1350 2418 1423 2454 ipsis
1436 2417 1575 2445 traditum
1592 2417 1757 2445 conducent
1770 2416 1806 2444 ad

979 2467 1119 2494 honorem
1137 2464 1251 2500 imperii
1268 2471 1368 2492 eorum
1398 2465 1425 2489 et
1456 2461 1580 2490 salutem
1615 2460 1708 2489 nostri
1724 2460 1803 2488 stoli.

979 2510 1118 2538 Homines
1133 2512 1229 2537 autem
1247 2509 1397 2544 galearum
1416 2507 1504 2535 talem
1536 2507 1668 2542 accipere
1697 2506 1806 2533 debent

980 2563 1093 2591 regam,
1109 2554 1225 2590 qualem
1242 2552 1371 2581 Venetici
1384 2552 1460 2588 apud
1487 2551 1646 2587 Coriphum
1681 2549 1805 2586 accipio-

980 2600 1061 2627 bant.

1027 2699 1073 2732 54)
1090 2698 1178 2726 [idem
1193 2707 1199 2726 :
1216 2698 1292 2734 ipsis.

1028 2736 1072 2769 55)
1090 2734 1150 2761 Lib.
1169 2736 1244 2769 pact.
1262 2734 1405 2761 'I‘m‘nicz'io.

1016 2765 1144 2805 ‘56)Qua:
1159 2765 1324 2805 sequuntur
1334 2769 1457 2805 repetita
1473 2770 1586 2797 suntex
1601 2767 1672 2795 Nov.
1702 2765 1726 2792 V
1753 2773 1806 2793 su-

983 2815 1045 2842 pra.
1055 2806 1156 2842 paucis
1172 2806 1303 2834 mutatis.
