1973 3154
202 179 260 208 487

856 174 984 205 ISAACI
1008 173 1149 204 ANGELI
1174 174 1255 205 lMP.
1831 177 1880 208 ιεε

242 256 254 271 tt
268 245 350 277 item,
366 243 391 272 si
408 242 563 279 imperium
576 250 677 270 eorum
693 241 817 269 voluerit
845 241 874 268 in
906 249 1026 268 numero
1041 242 1068 276 Α
1083 249 1155 273 rum,
1172 243 1312 277 tanquam
1324 241 1347 270 si
1361 241 1477 278 proprie
1495 244 1594 270 essent
1618 241 1744 277 Venetie,
1765 245 1884 272 verunta-

206 288 376 325 hujustnodi
392 289 507 316 centum
526 285 676 322 galearum
701 285 852 314 servitium
877 285 1028 314 Venetico—

207 343 270 363 rum
288 333 317 361 in
334 333 469 361 universa
486 330 626 359 tit-mania
639 331 833 363 inventorum,
849 330 936 358 debet
954 329 1028 358 illud

207 379 314 408 habere
329 385 395 405 cum
407 379 448 404 tot
464 375 574 403 scilicet
588 375 692 411 galeis,
717 377 786 410 quot
813 374 921 402 armari
947 376 1027 410 pote-

205 426 274 452 runt
289 432 323 451 ex
339 421 464 449 inventis
480 420 636 454 Veneticis,
657 428 689 447 ex
706 421 833 455 quatuor
856 419 951 446 tribus
981 419 1028 446 in-

207 468 303 497 ductis
325 466 487 494 secundum
502 473 657 492 numerum
674 464 858 492 inventorum
876 463 1027 491 Venetico-

203 521 270 541 rum
285 519 352 539 eum
367 512 395 538 et
408 510 536 545 predicta
547 518 626 546 roga.
642 509 751 537 Tamen
761 517 818 536 non
830 510 971 544 cogentur
987 506 1027 535 vi-

203 557 276 594 ginti
292 564 435 584 annorum
453 555 586 582 homines
601 554 652 589 [et]
680 553 754 581 infra
777 553 876 589 galeas
901 551 1025 589 ingredi,

202 609 295 638 neque
311 600 462 636 sexaginta
473 607 616 628 annorum
633 601 660 627 et
676 598 762 626 ultra.

240 667 347 700 citem,
362 667 460 693 noster
475 663 568 692 stoius
597 663 683 691 debet
707 663 812 690 habere
840 661 1025 698 capitaneum

203 711 246 739 vel
263 710 430 746 capitnneos
448 709 609 741 Veneticos,
626 707 675 743 qui
687 707 841 743 jurabunt,
852 706 928 742 quod
953 714 1025 733 con-

201 757 309 784 ducent
323 754 432 783 stolum
444 754 480 781 ad
496 753 636 781 honorem
649 751 763 787 imperii
778 759 879 779 eorum
896 752 924 778 et
946 750 1026 778 salu-

203 803 262 829 tem
276 799 368 828 nestri
383 798 451 827 stoli
467 798 544 826 bona
557 797 614 824 fide
642 797 706 825 sine
735 796 836 824 fraude
866 803 960 832 usque
989 795 1025 823 ad

201 845 310 874 stolum
327 842 511 872 celsitudinis
527 841 640 878 imperii
656 849 767 869 eorum.

240 915 251 931 σ
264 905 345 936 item,
363 903 386 930 si
403 903 470 930 ante
487 908 575 936 quam
593 901 692 928 noster
707 899 801 927 stolus
830 898 950 926 uniatur
966 897 1024 925 im-

201 948 274 986 perii
289 955 391 976 eorum
403 945 636 980 stoio,invenerit
651 943 778 979 aliquem
792 942 901 970 stolam
918 941 1028 970 inimici
1044 933 1065 965 Β

201 993 315 1029 imperii
328 999 440 1024 eorum,
457 992 485 1019 et
499 990 623 1018 voluerit
638 989 662 1016 ci
678 996 780 1016 nocere
808 986 852 1015 vcl
880 995 946 1015 cum
976 995 1025 1014 ex-

202 1046 342 1075 pugnare,
354 1035 438 1064 faciet
452 1037 494 1062 sic
510 1034 622 1070 absque
638 1033 738 1061 fraude
751 1035 780 1061 et
803 1031 879 1059 malo
909 1031 1025 1066 ingenio

201 1083 309 1118 aliquo.
326 1082 484 1116 Postquam
500 1087 566 1106 vero
579 1078 672 1106 stolas
688 1080 787 1105 noster
809 1077 909 1104 unitus
939 1076 1026 1104 fuerit

202 1127 277 1156 stolo
293 1124 479 1161 imperatoris
494 1122 696 1157 sublimitatis,
728 1122 834 1149 debent
864 1120 1024 1155 numerari,

202 1172 251 1208 qui
268 1172 296 1198 in
312 1170 402 1206 galeis
413 1171 508 1202 erunt,
526 1177 542 1196 a
557 1168 707 1204 capitaneo
736 1166 813 1194 stolii
838 1165 953 1201 imperii
977 1173 1024 1192 eo-

202 1224 277 1250 rum,
294 1216 317 1244 si
335 1215 399 1251 ipse
414 1213 553 1247 voluerit;
579 1215 608 1240 et
624 1211 731 1239 inventi
747 1211 865 1246 quidem
886 1212 972 1238 erunt
994 1209 1024 1238 in

201 1260 318 1290 servitio
333 1257 517 1287 celsitudinis
531 1256 647 1293 imperii
662 1264 761 1284 eorum
775 1264 781 1289 ;
798 1255 932 1283 absentes
958 1262 1024 1282 vero

204 1305 335 1334 studiose
351 1313 382 1331 ac
398 1304 474 1331 bona
491 1302 546 1329 title
561 1301 705 1329 curabunt
716 1300 841 1336 reperire
857 1299 1024 1334 Venctiei,si

206 1350 362 1387 potuerint,
379 1351 407 1377 et
423 1355 580 1375 numerum
596 1345 766 1382 adimplere.

239 1409 346 1443 «Item,
363 1407 531 1443 capitancus
547 1404 589 1432 vel
607 1403 751 1440 eapitanei
784 1402 873 1430 nestri
900 1401 966 1430 stoli
995 1403 1024 1430 et

201 1454 322 1482 comites
335 1455 364 1480 et
379 1449 528 1484 naucicrii,
548 1457 599 1477 nec
613 1457 670 1476 non
692 1450 720 1475 et
750 1448 908 1484 prodenses
933 1450 960 1475 et
989 1455 1023 1475 ex

202 1505 377 1534 unaquaque
397 1495 545 1532 galearum
574 1495 672 1521 decem
702 1492 834 1521 homines
870 1491 1022 1526 jurabunt,

202 1544 278 1579 quod
294 1542 428 1570 obedient
445 1541 585 1576 praecepto
602 1537 744 1574 capitanci
770 1537 836 1565 stoli
861 1536 1022 1573 imperato-

203 1589 243 1616 rie
255 1586 437 1616 celsitudinis
463 1584 577 1621 imperil
604 1591 716 1618 eorum,
741 1582 777 1610 ad
811 1581 950 1610 honorem
993 1583 1022 1609 et

1085 293 1150 313 men
1166 294 1233 313 cum
1246 286 1390 322 imperiali
1405 294 1542 322 expensa.

1120 331 1202 364 item,
1219 331 1242 358 si
1256 331 1292 358 ob
1308 333 1481 366 gravitatem
1493 331 1622 368 aliquam
1636 331 1803 367 hujusmodi
1818 332 1886 368 galea

1083 376 1439 411 nequiverintsccundum
1457 377 1598 413 prclixum
1615 376 1772 404 terminum
1791 376 1823 404 de
1846 377 1887 405 Ve-

1083 419 1161 448 netia
1178 420 1283 454 venire,
1315 421 1429 456 (dc‘bcnl)
1459 421 1487 448 in
1517 421 1668 449 servitium
1700 421 1766 449 stoli
1791 421 1888 457 imperii

1082 472 1183 492 eorum
1195 464 1308 501 ingredi
1322 465 1450 493 universi
1467 465 1496 493 in
1523 465 1664 494 Romanis
1683 465 1791 493 inventi
1807 467 1887 493 Vene-

1082 509 1141 543 tici,
1156 510 1318 538 secundum
1333 510 1410 546 quod
1428 512 1564 547 superius
1579 510 1759 538 declaratum
1775 512 1825 543 est,
1844 510 1890 537 sci-

1082 553 1149 582 licet
1163 555 1198 582 de
1212 555 1248 582 lV
1264 557 1332 589 tres,
1345 563 1412 583 eum
1429 563 1519 591 supra
1534 556 1643 592 scripta
1660 563 1739 590 roga.

1117 605 1225 638 «Item,
1242 604 1266 632 si
1282 612 1314 632 eo
1331 603 1419 641 [rum]
1432 603 1555 640 imperio
1582 604 1700 640 expedit
1727 603 1889 640 adjutorium

1081 647 1117 676 ad
1131 648 1292 677 vindictam
1309 649 1555 685 terreimperialis
1580 648 1765 677 celsitudinis
1792 649 1826 676 ob
1847 648 1890 676 ali-

1080 701 1166 728 quem
1183 692 1336 721 inimicum
1353 694 1382 721 in
1410 693 1582 722 Romaniam
1610 693 1813 730 ingressurum
1835 701 1889 720 cum

1080 737 1172 773 galeis
1186 738 1382 775 quadraginta
1395 740 1446 766 aut
1475 738 1621 775 pluribus,
1644 741 1673 766 et
1695 737 1795 773 nequit
1817 737 1891 773 impe-

1081 781 1157 810 rium
1173 790 1273 811 eorum
1291 791 1342 819 pro
1357 782 1465 811 auxilio
1489 783 1602 811 mittere
1631 782 1796 815 Venetiam,
1821 782 1891 810 debet

1081 826 1270 863 imperatoria
1294 828 1433 864 maiestas
1458 827 1606 857 Veneticos
1635 827 1777 855 inducere
1800 827 1832 854 ad
1849 834 1891 854 sue

1080 873 1154 900 terre
1167 872 1365 900 defensionem
1382 875 1484 901 contra
1514 872 1720 908 hujuscemodi
1745 871 1889 905 inimicum,

1080 916 1215 945 inventos
1231 917 1259 945 in
1274 926 1380 954 magna
1395 917 1467 945 urbe
1491 917 1624 946 videlicet
1652 919 1682 945 et
1711 916 1807 944 eircha
1828 924 1889 949 eam,

1081 962 1108 989 et
1124 961 1160 989 ab
1175 970 1210 990 en
1228 961 1299 990 locis
1310 962 1479 998 jacentibus
1509 962 1608 990 eircha
1623 969 1691 989 eam
1727 969 1825 989 versus
1850 969 1888 988 or-

1083 1007 1143 1033 tum
1160 1008 1189 1034 et
1204 1015 1305 1034 versus
1320 1015 1457 1034 occasum
1483 1015 1575 1043 usque
1599 1007 1635 1034 ad
1651 1006 1787 1040 Avidum,
1809 1005 1890 1041 ibique

1081 1049 1216 1078 similiter
1231 1054 1372 1087 repertos,
1401 1053 1428 1078 et
1458 1051 1486 1079 in
1514 1051 1609 1084 terris,
1639 1059 1699 1087 que
1725 1050 1800 1078 infra
1824 1051 1889 1085 sunt,

1081 1103 1174 1131 usque
1190 1095 1401 1132 Filadeiphiam
1418 1095 1484 1124 etin
1497 1105 1540 1129 ea,
1557 1098 1586 1124 et
1602 1104 1697 1132 usque
1710 1095 1835 1128 Adriam,
1850 1103 1888 1130 po-

1080 1139 1131 1167 lim
1147 1142 1175 1168 et
1190 1141 1219 1168 in
1235 1149 1279 1174 ea,
1295 1149 1329 1168 ex
1345 1143 1472 1177 quatuor
1488 1143 1556 1176 tres,
1570 1149 1637 1168 cum
1655 1143 1699 1168 tot
1714 1140 1814 1177 galeis,
1829 1142 1887 1175 quot

1080 1193 1193 1213 armare
1219 1185 1366 1218 valebuut,
1391 1185 1499 1213 inventi
1538 1185 1705 1213 secundum
1743 1185 1887 1221 prediclum

1079 1229 1224 1263 ordinem,
1240 1238 1306 1257 cum
1323 1230 1411 1258 etiam
1427 1230 1583 1258 manifesta
1610 1239 1691 1266 roga.
1719 1229 1782 1258 Tali
1808 1230 1888 1264 itaque

1081 1274 1165 1302 modo
1182 1274 1291 1310 talique
1306 1274 1407 1302 ordine
1419 1275 1566 1310 juvabunt
1577 1276 1605 1302 et
1617 1275 1787 1302 deifendent
1803 1273 1888 1301 Rtmu-

1079 1318 1158 1346 niam
1177 1318 1305 1346 Venetici
1321 1321 1419 1346 contra
1434 1327 1551 1347 onmem
1568 1319 1722 1347 hominem
1736 1320 1888 1347 coronatum

1078 1365 1107 1390 et
1118 1371 1174 1390 non
1186 1366 1368 1398 coronatum,
1382 1365 1410 1391 et
1431 1367 1535 1392 contra
1562 1372 1682 1392 omnem
1707 1366 1820 1399 gentem
1846 1363 1888 1389 ito-

1079 1407 1206 1435 maniam
1218 1416 1321 1436 nocere
1335 1408 1491 1441 volentem,
1509 1410 1595 1444 prout
1618 1408 1758 1444 superius
1777 1407 1888 1435 declara-

1077 1454 1140 1480 tum
1151 1454 1214 1487 est;
1232 1454 1260 1480 et
1275 1454 1376 1480 contra
1392 1453 1489 1489 ipsum
1506 1461 1602 1489 regem
1613 1452 1781 1480 Alemanie.

1114 1513 1127 1527 (ι
1139 1501 1251 1536 Item,si
1266 1501 1424 1538 imperium
1440 1510 1541 1529 eorum
1555 1500 1802 1530 volucritmittcre
1812 1499 1886 1528 Vene-

1076 1547 1146 1574 tiam
1171 1545 1304 1574 homines
1330 1548 1382 1574 aut
1419 1546 1568 1580 vestiario,
1596 1546 1694 1582 gratia
1723 1543 1885 1574 conducendi

1076 1590 1184 1618 milites
1198 1592 1247 1618 aut
1262 1591 1297 1618 de
1314 1590 1487 1618 Lombardia
1503 1593 1553 1618 aut
1570 1591 1605 1618 ab
1619 1590 1678 1618 alia
1690 1593 1777 1623 terra,
1805 1591 1829 1617 et
1853 1588 1886 1615 di-

201 1632 326 1662 salutem
343 1630 435 1659 nostri
449 1618 528 1662 stoli,
543 1628 607 1656 sine
623 1627 724 1655 fraude
743 1629 771 1655 et
787 1626 862 1654 maio
892 1626 1017 1662 ingenio,

1081 1635 1233 1670 spensandi
1244 1635 1280 1662 ad
1296 1635 1433 1663 honorem
1446 1635 1640 1663 etutilitatem
1650 1618 1812 1671 spectantis
1826 1636 1886 1661 terre

200 1677 319 1713 etquod
336 1684 393 1704 una
407 1682 474 1702 cum
489 1673 564 1702 stolo
579 1672 694 1708 imperii
718 1679 819 1700 corum
848 1679 1021 1707 persequen-

201 1724 248 1750 tur
272 1721 379 1749 stolum
403 1718 513 1747 inimici
544 1717 706 1752 majestatis
736 1716 932 1752 imperatorio,
961 1715 1022 1743 sive

198 1765 354 1796 Christiani
372 1765 431 1792 sint
446 1764 504 1791 sive
522 1762 646 1798 pagani;
672 1763 700 1788 et
727 1761 878 1788 oii‘endunt
901 1768 968 1787 eum
994 1762 1023 1788 et

199 1811 409 1847 expugnabunt
424 1811 451 1835 et
468 1809 688 1843 persequentur,
707 1806 889 1840 intereatque
912 1804 937 1832 ei
960 1812 1018 1832 ma-

201 1855 272 1887 lum,
290 1854 366 1889 quod
385 1852 489 1879 inferre
505 1850 652 1882 valebunt,
671 1850 744 1877 bona
759 1850 825 1882 lide,
843 1849 906 1876 sine
922 1849 1022 1876 fraude

202 1901 229 1926 et
243 1897 319 1925 malo
332 1896 467 1932 ingenio;
484 1897 513 1923 et
542 1894 758 1930 impugnabant
778 1902 856 1927 eum,
891 1893 1022 1928 quandiu

202 1945 231 1969 et
245 1941 339 1969 stolus
368 1939 482 1976 imperii
511 1947 612 1966 eorum
642 1937 827 1974 impugnahit
851 1946 916 1966 cum
947 1938 1023 1965 bona

202 1987 269 2020 fide,
283 1986 345 2014 sine
362 1984 472 2012 fraude.
492 1984 525 2011 Et
544 1983 568 2011 si
591 1983 690 2018 aliqua
719 1983 772 2018 [in]
802 1985 944 2010 terrarum
970 1982 1023 2010 ini-

200 2031 267 2059 mici
282 2030 440 2066 impcrialis
456 2028 641 2056 celsitudinis
657 2028 774 2063 ceperit,
792 2027 932 2055 debemus
948 2027 977 2055 in
989 2035 1022 2055 ea

200 2076 352 2105 ecclesiam
367 2077 395 2103 et
409 2073 557 2102 embolum
575 2075 604 2101 et
623 2072 731 2100 scalam
762 2072 868 2100 habere
896 2074 924 2100 et
951 2081 1022 2100 con-

198 2127 313 2148 servare
342 2119 405 2146 sine
429 2117 509 2146 omni
539 2117 666 2145 datione.
701 2116 896 2151 Veruntamcn
929 2116 1022 2145 stolus

197 2164 313 2200 imperii
329 2172 429 2192 eorum
446 2163 530 2190 debet
545 2164 643 2189 tantus
666 2169 739 2196 esse,
768 2164 896 2197 quantus
921 2163 949 2189 et
971 2170 1022 2189 no-

198 2212 268 2243 ster,
294 2211 344 2237 aut
369 2207 504 2244 amplior.
531 2209 686 2243 Postquam
718 2208 814 2234 autem
851 2206 1022 2242 hujusmodi

199 2254 349 2283 servitium
367 2252 488 2289 imptrio
504 2260 604 2281 eorum
622 2251 794 2287 peregerint,
810 2250 916 2278 debent
937 2250 1023 2278 habe-

199 2308 228 2327 re
244 2308 278 2327 ex
293 2298 394 2335 galeis,
411 2306 468 2333 que
490 2297 526 2324 de
546 2295 666 2324 Venetia
694 2295 845 2330 exiverint,
876 2295 911 2322 ad
937 2303 1020 2323 suam

198 2343 391 2372 reversionem
404 2341 502 2378 galeas
515 2343 566 2374 tot,
578 2340 654 2376 quod
671 2339 712 2368 eis
733 2339 894 2367 necessarie
916 2347 1019 2367 conve-

198 2389 311 2416 nienter
325 2390 422 2421 erunt,
440 2390 468 2414 et
479 2387 542 2414 sine
557 2386 657 2413 fraude
672 2387 700 2412 et
716 2384 864 2412 bonafide.

233 2449 340 2482 «Item,
372 2451 526 2485 postquam
556 2446 726 2483 hujusmodi
755 2446 835 2482 gulce
870 2445 1019 2474 Venetiam

200 2494 390 2529 pervenerint,
409 2493 432 2520 si
449 2501 548 2521 eorum
577 2491 733 2528 imperium
764 2491 887 2519 voluerit
915 2499 965 2519 eas
991 2491 1019 2519 in

201 2537 371 2566 Romaniam
388 2546 505 2565 rursum
523 2536 620 2565 reduci
637 2545 653 2564 θ.
674 2536 827 2571 Veneticis,
843 2536 891 2563 [iet
911 2536 952 2564 sic
969 2545 975 2570 ;
992 2538 1020 2564 et

199 2582 403 2618 unusquisque
418 2590 528 2617 eorum,
546 2580 596 2617 qui
609 2589 657 2609 eas
670 2581 796 2614 reducet,
813 2580 898 2608 debet
913 2580 1019 2609 habere

197 2626 313 2666 proprie
327 2625 468 2654 mercedis
482 2625 671 2662 gr.;tia,quod
687 2629 844 2661 eonpelens
860 2627 903 2652 est
918 2634 1019 2653 secun-

195 2674 266 2702 dum
279 2674 406 2708 tempus.
423 2670 452 2698 Si
464 2673 560 2698 autem
588 2670 743 2706 imperium
772 2678 872 2698 eorum
897 2669 1019 2697 voluerit

196 2728 246 2755 per
261 2717 334 2746 alias
351 2724 492 2753 personas
513 2714 573 2742 sive
598 2723 648 2750 per
667 2714 796 2750 aliquast
822 2714 1018 2750 dispensatio-

197 2772 264 2791 nem
281 2761 476 2792 reversionem
493 2767 592 2788 earum
609 2759 670 2787 fieri
686 2759 715 2786 in
733 2762 838 2787 terram
854 2767 915 2787 suae
939 2758 1021 2787 celsi-

199 2808 322 2841 tudinis,
340 2806 439 2835 licebit
455 2808 483 2833 et
499 2804 552 2832 hoc
568 2804 603 2832 ei.
617 2804 647 2832 Si
663 2812 728 2832 vero
745 2803 879 2832 volluerit
906 2812 955 2832 eas
979 2804 1019 2831 ibi

198 2852 347 2887 custodiri,
367 2850 570 2880 custodiantur
598 2849 633 2877 ad
663 2849 802 2877 honorem
825 2848 941 2885 imperii
970 2856 1019 2878 eo-

1076 1679 1259 1707 cclsitudinis
1273 1688 1384 1714 eorum,
1416 1679 1514 1708 licebit
1542 1681 1571 1707 ct
1598 1679 1652 1707 hoc
1678 1680 1733 1713 eis,
1764 1677 1816 1707 nisi
1842 1677 1884 1705 hoc

1077 1726 1178 1752 contra
1192 1724 1336 1752 Venetiam
1353 1724 1401 1752 sit.
1418 1724 1530 1752 Debent
1542 1726 1639 1752 autem
1676 1723 1802 1752 Venetici
1826 1721 1884 1750 reci-

1078 1776 1143 1804 pere
1168 1768 1302 1796 homines
1326 1771 1355 1797 et
1384 1769 1538 1804 peccunias
1568 1771 1596 1797 et
1621 1769 1759 1797 vestiaris
1787 1766 1885 1803 imperii

1077 1821 1189 1846 eorum,
1205 1815 1233 1841 et
1248 1813 1402 1841 defendere
1422 1817 1450 1841 et
1460 1813 1594 1842 homines
1615 1816 1644 1841 et
1673 1813 1826 1849 peccunias
1846 1819 1884 1839 eo-

1077 1866 1143 1886 rum
1158 1858 1194 1886 ab
1210 1858 1347 1886 omnibus
1361 1857 1500 1886 inimicis.
1519 1860 1730 1886 Verumtamen
1746 1856 1886 1886 clementis

1077 1902 1190 1938 imperii
1205 1911 1306 1930 eorum
1323 1911 1379 1930 non
1394 1903 1478 1930 debet
1494 1903 1617 1931 Venetia
1645 1903 1756 1931 stolum
1781 1902 1884 1930 educere

1078 1946 1290 1975 velexcrcitum
1307 1950 1407 1975 contra
1423 1947 1563 1983 aliquem,
1587 1955 1655 1976 cum
1687 1956 1745 1983 quo
1774 1943 1884 1974 Venetici

1077 1992 1184 2020 habent
1199 1992 1336 2020 unionem
1347 1994 1376 2020 et
1392 2001 1532 2020 amorem.

1113 2053 1125 2066 α
1140 2042 1222 2074 item,
1238 2041 1262 2068 si
1279 2041 1436 2077 imperium
1452 2041 1575 2069 voluerit
1588 2049 1638 2077 per
1664 2043 1763 2077 partes
1785 2038 1883 2068 Venetis

1078 2085 1186 2114 milites
1201 2085 1230 2113 in
1249 2086 1420 2114 Romaniam
1437 2086 1555 2119 ducere,
1572 2086 1672 2114 licebit
1690 2089 1718 2115 et
1732 2086 1784 2114 hoc
1810 2084 1884 2119 impe-

1077 2131 1120 2158 rio
1136 2139 1249 2164 eorum,
1266 2130 1322 2158 nisi
1339 2131 1394 2166 ipsi
1413 2131 1560 2158 manifesti
1576 2131 1688 2158 inimici
1705 2130 1817 2158 Venetie
1827 2128 1881 2159 sint,

1077 2178 1127 2203 aut
1139 2175 1257 2204 Venetia
1272 2175 1414 2211 impedita
1428 2176 1476 2210 sit,
1494 2176 1557 2204 sine
1572 2175 1673 2203 fraude
1703 2178 1732 2204 et
1753 2174 1823 2202 malo
1850 2172 1882 2199 in-

1076 2220 1162 2257 genio
1178 2219 1287 2256 aliquo.
1302 2222 1375 2248 Nam
1392 2222 1538 2248 transacto
1554 2220 1765 2255 impedimento
1788 2218 1881 2246 licitum

1077 2265 1132 2293 erit
1142 2265 1194 2299 eis,
1209 2264 1269 2292 sive
1281 2264 1334 2293 soli
1347 2265 1455 2293 fuerint
1472 2265 1532 2293 sive
1557 2273 1624 2292 cum
1654 2264 1781 2299 familiis,
1808 2265 1882 2290 trans-

1037 2306 1059 2338 D
1076 2308 1126 2336 ire.
1144 2309 1202 2336 Hoc
1227 2311 1326 2336 autem
1356 2309 1474 2337 servitia
1493 2309 1600 2337 debent
1626 2308 1753 2337 Venetici
1781 2304 1880 2342 imperio

1074 2361 1173 2381 eorum
1187 2356 1215 2381 et
1231 2353 1370 2381 Romanis
1385 2353 1503 2387 servire,
1522 2353 1578 2381 nisi
1599 2354 1771 2382 manifestas
1799 2349 1880 2379 inimis

1074 2398 1162 2426 cicias
1177 2398 1282 2426 haheat
1295 2398 1331 2426 ob
1344 2398 1445 2434 aliqua
1459 2401 1598 2426 coronata
1609 2407 1734 2435 persona
1749 2396 1790 2425 vel
1800 2395 1879 2430 aliqua

1075 2451 1182 2479 magna
1199 2446 1284 2475 terra,
1314 2443 1354 2470 ita
1383 2444 1460 2478 quod
1489 2443 1641 2471 servitium
1667 2443 1723 2479 ipsi
1752 2439 1878 2477 nequeunt

1075 2487 1178 2523 facere,
1195 2488 1258 2515 sine
1272 2487 1373 2515 fraude
1388 2489 1416 2515 et
1431 2487 1507 2515 malo
1523 2487 1650 2524 ingenio.

1111 2548 1124 2563 ‹‹
1139 2537 1210 2565 Item
1227 2537 1343 2572 debent,
1362 2537 1410 2573 qui
1428 2546 1479 2573 per
1504 2539 1635 2572 tempora
1656 2537 1749 2564 Duces
1778 2531 1876 2562 Venetia

1074 2581 1296 2618 erunt,imperio
1311 2590 1412 2609 eorum
1436 2583 1464 2609 et
1481 2581 1639 2610 heredibus
1669 2588 1766 2609 eorum
1780 2584 1876 2606 mascu-

1075 2626 1110 2654 lis
1125 2628 1154 2654 et
1170 2626 1344 2654 mulieribus
1370 2625 1569 2662 imperaturis,
1594 2626 1654 2653 sive
1680 2625 1747 2659 hiis,
1776 2622 1820 2659 qui
1849 2626 1874 2647 ex

1074 2674 1208 2708 prccepto
1235 2679 1335 2699 eorum
1364 2670 1488 2707 imperio
1516 2670 1713 2707 imperabunt,
1740 2671 1768 2697 et
1794 2666 1875 2697 fidem,

1073 2715 1231 2744 Servabant
1247 2715 1334 2744 etiam
1351 2723 1415 2743 eam
1431 2717 1532 2743 contra
1548 2723 1666 2743 omnem
1682 2713 1820 2742 hominem
1837 2717 1874 2737 €0-

1074 2762 1223 2796 ronatum,
1239 2763 1267 2788 et
1283 2768 1340 2788 non
1356 2762 1543 2794 conoratum,
1567 2759 1647 2788 salvo
1672 2768 1715 2794 eo,
1741 2756 1810 2794 quod
1836 2760 1876 2790 per

1071 2806 1274 2841 juramentum
1290 2805 1398 2833 debent
1406 2804 1523 2832 Venetis
1531 2805 1692 2832 secundum
1700 2802 1772 2840 quod
1781 2802 1872 2829 etnunc

1075 2851 1133 2879 dux
1149 2849 1263 2879 Venetia
1278 2857 1330 2879 nos
1347 2849 1489 2878 llenricus
1505 2847 1851 2885 Danduius,juravimus.-
