  <div class='ocr_page' id='page_1' title='image "/cluster/home/n/w/nwhite01/storage/ocr_20150623/135/njp.32101077773107/260.png"; bbox 0 0 1973 3154; ppageno 0'>
   <div class='ocr_carea' id='block_1_1' title="bbox 76 179 126 209">
    <p class='ocr_par' dir='ltr' id='par_1_1' title="bbox 76 179 126 209">
     <span class='ocr_line' id='line_1_1' title="bbox 76 179 126 209; baseline 0 0"><span class='ocrx_word' id='word_1_1' title='bbox 76 179 126 209; x_wconf 75' lang='grc'><strong>489</strong></span> 
     </span>
    </p>
   </div>
   <div class='ocr_carea' id='block_1_2' title="bbox 630 173 1195 206">
    <p class='ocr_par' dir='ltr' id='par_1_2' title="bbox 630 173 1195 206">
     <span class='ocr_line' id='line_1_2' title="bbox 630 173 1195 206; baseline 0.004 -2"><span class='ocrx_word' id='word_1_2' title='bbox 630 173 826 206; x_wconf 78' lang='lat' dir='ltr'><strong>NOVELL/E</strong></span> <span class='ocrx_word' id='word_1_3' title='bbox 847 174 1195 206; x_wconf 80' lang='lat' dir='ltr'><strong>CONSTITUTIONES.</strong></span> 
     </span>
    </p>
   </div>
   <div class='ocr_carea' id='block_1_3' title="bbox 1701 182 1763 213">
    <p class='ocr_par' dir='ltr' id='par_1_3' title="bbox 1701 182 1763 213">
     <span class='ocr_line' id='line_1_3' title="bbox 1701 182 1763 213; baseline 0 -1"><span class='ocrx_word' id='word_1_4' title='bbox 1701 182 1763 213; x_wconf 66' lang='lat'><strong>490</strong></span> 
     </span>
    </p>
   </div>
   <div class='ocr_carea' id='block_1_4' title="bbox 103 240 1761 283">
    <p class='ocr_par' dir='ltr' id='par_1_4' title="bbox 103 240 1761 283">
     <span class='ocr_line' id='line_1_4' title="bbox 103 240 1761 283; baseline 0.005 -15"><span class='ocrx_word' id='word_1_5' title='bbox 103 256 112 268; x_wconf 84' lang='lat'><strong><em>.</em></strong></span> <span class='ocrx_word' id='word_1_6' title='bbox 128 244 205 278; x_wconf 84' lang='lat' dir='ltr'><strong>Item,</strong></span> <span class='ocrx_word' id='word_1_7' title='bbox 221 244 247 272; x_wconf 87' lang='lat' dir='ltr'><strong>si</strong></span> <span class='ocrx_word' id='word_1_8' title='bbox 264 243 452 271; x_wconf 79' lang='lat' dir='ltr'><strong>inimicorum</strong></span> <span class='ocrx_word' id='word_1_9' title='bbox 467 243 585 279; x_wconf 88' lang='lat' dir='ltr'><strong>imperii</strong></span> <span class='ocrx_word' id='word_1_10' title='bbox 610 241 719 277; x_wconf 81' lang='lat' dir='ltr'><strong>aliquis</strong></span> <span class='ocrx_word' id='word_1_11' title='bbox 736 240 879 268; x_wconf 84' lang='lat' dir='ltr'><strong>iusultum</strong></span> <span class='ocrx_word' id='word_1_12' title='bbox 897 240 925 274; x_wconf 76' lang='grc' dir='ltr'><strong>Α</strong></span> <span class='ocrx_word' id='word_1_13' title='bbox 939 248 1004 268; x_wconf 90' lang='lat' dir='ltr'><strong>nem</strong></span> <span class='ocrx_word' id='word_1_14' title='bbox 1018 241 1178 276; x_wconf 82' lang='lat' dir='ltr'><strong>habebunt,</strong></span> <span class='ocrx_word' id='word_1_15' title='bbox 1195 245 1224 271; x_wconf 86' lang='lat' dir='ltr'><strong>et</strong></span> <span class='ocrx_word' id='word_1_16' title='bbox 1233 246 1374 280; x_wconf 86' lang='lat' dir='ltr'><strong>tanquam</strong></span> <span class='ocrx_word' id='word_1_17' title='bbox 1389 245 1465 274; x_wconf 83' lang='lat' dir='ltr'><strong>facta</strong></span> <span class='ocrx_word' id='word_1_18' title='bbox 1481 246 1516 274; x_wconf 87' lang='lat' dir='ltr'><strong>ab</strong></span> <span class='ocrx_word' id='word_1_19' title='bbox 1541 247 1664 283; x_wconf 77' lang='lat' dir='ltr'><strong>imperio</strong></span> <span class='ocrx_word' id='word_1_20' title='bbox 1695 257 1761 277; x_wconf 84' lang='lat' dir='ltr'><strong>meo</strong></span> 
     </span>
    </p>
   </div>
   <div class='ocr_carea' id='block_1_5' title="bbox 71 284 881 324">
    <p class='ocr_par' dir='ltr' id='par_1_5' title="bbox 71 284 881 324">
     <span class='ocr_line' id='line_1_5' title="bbox 71 284 881 324; baseline -0.006 -8"><span class='ocrx_word' id='word_1_21' title='bbox 71 288 156 316; x_wconf 86' lang='lat' dir='ltr'><strong>fecerit</strong></span> <span class='ocrx_word' id='word_1_22' title='bbox 170 289 204 315; x_wconf 85' lang='lat' dir='ltr'><strong>ad</strong></span> <span class='ocrx_word' id='word_1_23' title='bbox 222 288 457 323; x_wconf 86' lang='lat' dir='ltr'><strong>impugnandum</strong></span> <span class='ocrx_word' id='word_1_24' title='bbox 475 287 605 324; x_wconf 82' lang='lat' dir='ltr'><strong>aliquam</strong></span> <span class='ocrx_word' id='word_1_25' title='bbox 621 289 766 314; x_wconf 87' lang='lat' dir='ltr'><strong>terrarum</strong></span> <span class='ocrx_word' id='word_1_26' title='bbox 794 284 881 312; x_wconf 89' lang='lat' dir='ltr'><strong>celsi-</strong></span> 
     </span>
    </p>
   </div>
   <div class='ocr_carea' id='block_1_6' title="bbox 69 330 879 368">
    <p class='ocr_par' dir='ltr' id='par_1_6' title="bbox 69 330 879 368">
     <span class='ocr_line' id='line_1_6' title="bbox 69 330 879 368; baseline -0.005 -8"><span class='ocrx_word' id='word_1_27' title='bbox 69 332 168 361; x_wconf 79' lang='lat' dir='ltr'><strong>tudinis</strong></span> <span class='ocrx_word' id='word_1_28' title='bbox 184 340 295 367; x_wconf 87' lang='lat' dir='ltr'><strong>eorum,</strong></span> <span class='ocrx_word' id='word_1_29' title='bbox 312 332 340 360; x_wconf 93' lang='lat' dir='ltr'><strong>in</strong></span> <span class='ocrx_word' id='word_1_30' title='bbox 358 341 416 368; x_wconf 81' lang='lat' dir='ltr'><strong>qua</strong></span> <span class='ocrx_word' id='word_1_31' title='bbox 432 335 501 360; x_wconf 85' lang='lat' dir='ltr'><strong>sunt</strong></span> <span class='ocrx_word' id='word_1_32' title='bbox 515 331 658 365; x_wconf 81' lang='lat' dir='ltr'><strong>Venetici,</strong></span> <span class='ocrx_word' id='word_1_33' title='bbox 681 330 791 357; x_wconf 79' lang='lat' dir='ltr'><strong>debent</strong></span> <span class='ocrx_word' id='word_1_34' title='bbox 815 337 879 357; x_wconf 87' lang='lat' dir='ltr'><strong>eam</strong></span> 
     </span>
    </p>
   </div>
   <div class='ocr_carea' id='block_1_7' title="bbox 69 374 879 410">
    <p class='ocr_par' dir='ltr' id='par_1_7' title="bbox 69 374 879 410">
     <span class='ocr_line' id='line_1_7' title="bbox 69 374 879 410; baseline -0.005 -6"><span class='ocrx_word' id='word_1_35' title='bbox 69 377 207 404; x_wconf 74' lang='lat' dir='ltr'><strong>defendere</strong></span> <span class='ocrx_word' id='word_1_36' title='bbox 224 377 396 409; x_wconf 88' lang='lat' dir='ltr'><strong>Venetici,et</strong></span> <span class='ocrx_word' id='word_1_37' title='bbox 413 377 549 404; x_wconf 88' lang='lat' dir='ltr'><strong>inimicos</strong></span> <span class='ocrx_word' id='word_1_38' title='bbox 565 375 708 410; x_wconf 75' lang='lat' dir='ltr'><strong>expellere</strong></span> <span class='ocrx_word' id='word_1_39' title='bbox 723 375 758 401; x_wconf 90' lang='lat' dir='ltr'><strong>ab</strong></span> <span class='ocrx_word' id='word_1_40' title='bbox 775 374 879 409; x_wconf 86' lang='lat' dir='ltr'><strong>hujus-</strong></span> 
     </span>
    </p>
   </div>
   <div class='ocr_carea' id='block_1_8' title="bbox 68 419 878 457">
    <p class='ocr_par' dir='ltr' id='par_1_8' title="bbox 68 419 878 457">
     <span class='ocr_line' id='line_1_8' title="bbox 68 419 878 457; baseline -0.005 -8"><span class='ocrx_word' id='word_1_41' title='bbox 68 422 134 449; x_wconf 86' lang='lat' dir='ltr'><strong>modi</strong></span> <span class='ocrx_word' id='word_1_42' title='bbox 151 424 326 457; x_wconf 86' lang='lat' dir='ltr'><strong>terra,prout</strong></span> <span class='ocrx_word' id='word_1_43' title='bbox 339 422 554 457; x_wconf 81' lang='lat' dir='ltr'><strong>possunt,boua</strong></span> <span class='ocrx_word' id='word_1_44' title='bbox 571 421 627 447; x_wconf 80' lang='lat' dir='ltr'><strong>ﬁde</strong></span> <span class='ocrx_word' id='word_1_45' title='bbox 642 422 670 447; x_wconf 92' lang='lat' dir='ltr'><strong>et</strong></span> <span class='ocrx_word' id='word_1_46' title='bbox 687 419 750 447; x_wconf 84' lang='lat' dir='ltr'><strong>sine</strong></span> <span class='ocrx_word' id='word_1_47' title='bbox 765 419 878 452; x_wconf 55' lang='lat' dir='ltr'><strong>fraude.</strong></span> 
     </span>
    </p>
   </div>
   <div class='ocr_carea' id='block_1_9' title="bbox 97 463 879 502">
    <p class='ocr_par' dir='ltr' id='par_1_9' title="bbox 97 463 879 502">
     <span class='ocr_line' id='line_1_9' title="bbox 97 463 879 502; baseline -0.005 -8"><span class='ocrx_word' id='word_1_48' title='bbox 97 478 108 490; x_wconf 75' lang='grc' dir='ltr'>ιι</span> <span class='ocrx_word' id='word_1_49' title='bbox 123 466 197 494; x_wconf 86' lang='lat' dir='ltr'><strong>Hanc</strong></span> <span class='ocrx_word' id='word_1_50' title='bbox 213 467 312 502; x_wconf 88' lang='lat' dir='ltr'><strong>itaque</strong></span> <span class='ocrx_word' id='word_1_51' title='bbox 328 466 550 494; x_wconf 74' lang='lat' dir='ltr'><strong>conventionem</strong></span> <span class='ocrx_word' id='word_1_52' title='bbox 567 466 682 493; x_wconf 83' lang='lat' dir='ltr'><strong>ﬁrmam</strong></span> <span class='ocrx_word' id='word_1_53' title='bbox 712 463 879 491; x_wconf 87' lang='lat' dir='ltr'><strong>custodient</strong></span> 
     </span>
    </p>
   </div>
   <div class='ocr_carea' id='block_1_10' title="bbox 66 508 877 542">
    <p class='ocr_par' dir='ltr' id='par_1_10' title="bbox 66 508 877 542">
     <span class='ocr_line' id='line_1_10' title="bbox 66 508 877 542; baseline -0.004 -4"><span class='ocrx_word' id='word_1_54' title='bbox 66 510 190 542; x_wconf 75' lang='lat' dir='ltr'><strong>Venetici,</strong></span> <span class='ocrx_word' id='word_1_55' title='bbox 205 513 235 538; x_wconf 82' lang='lat' dir='ltr'><strong>et</strong></span> <span class='ocrx_word' id='word_1_56' title='bbox 251 511 304 538; x_wconf 89' lang='lat' dir='ltr'><strong>hoc</strong></span> <span class='ocrx_word' id='word_1_57' title='bbox 321 513 540 538; x_wconf 76' lang='lat' dir='ltr'><strong>sacramentum</strong></span> <span class='ocrx_word' id='word_1_58' title='bbox 557 511 687 542; x_wconf 86' lang='lat' dir='ltr'><strong>ﬁrmum,</strong></span> <span class='ocrx_word' id='word_1_59' title='bbox 717 512 746 536; x_wconf 89' lang='lat' dir='ltr'><strong>et</strong></span> <span class='ocrx_word' id='word_1_60' title='bbox 762 516 813 536; x_wconf 86' lang='lat' dir='ltr'><strong>nec</strong></span> <span class='ocrx_word' id='word_1_61' title='bbox 841 508 877 536; x_wconf 88' lang='lat' dir='ltr'><strong>ob</strong></span> 
     </span>
    </p>
   </div>
   <div class='ocr_carea' id='block_1_11' title="bbox 65 552 876 590">
    <p class='ocr_par' dir='ltr' id='par_1_11' title="bbox 65 552 876 590">
     <span class='ocr_line' id='line_1_11' title="bbox 65 552 876 590; baseline -0.004 -8"><span class='ocrx_word' id='word_1_62' title='bbox 65 555 126 582; x_wconf 87' lang='lat' dir='ltr'><strong>iram</strong></span> <span class='ocrx_word' id='word_1_63' title='bbox 141 555 211 590; x_wconf 82' lang='lat' dir='ltr'><strong>ipsis</strong></span> <span class='ocrx_word' id='word_1_64' title='bbox 227 554 340 582; x_wconf 78' lang='lat' dir='ltr'><strong>illatam</strong></span> <span class='ocrx_word' id='word_1_65' title='bbox 357 563 473 590; x_wconf 82' lang='lat' dir='ltr'><strong>semper</strong></span> <span class='ocrx_word' id='word_1_66' title='bbox 490 554 674 582; x_wconf 79' lang='lat' dir='ltr'><strong>memorandi</strong></span> <span class='ocrx_word' id='word_1_67' title='bbox 690 552 876 589; x_wconf 79' lang='lat' dir='ltr'><strong>imperatoris</strong></span> 
     </span>
    </p>
   </div>
   <div class='ocr_carea' id='block_1_12' title="bbox 63 597 876 635">
    <p class='ocr_par' dir='ltr' id='par_1_12' title="bbox 63 597 876 635">
     <span class='ocr_line' id='line_1_12' title="bbox 63 597 876 635; baseline -0.002 -9"><span class='ocrx_word' id='word_1_68' title='bbox 63 599 160 626; x_wconf 88' lang='lat' dir='ltr'><strong>domini</strong></span> <span class='ocrx_word' id='word_1_69' title='bbox 175 599 318 627; x_wconf 86' lang='lat' dir='ltr'><strong>Mauuelis</strong></span> <span class='ocrx_word' id='word_1_70' title='bbox 335 599 588 635; x_wconf 82' lang='lat' dir='ltr'><strong>Porphyrogeniti,</strong></span> <span class='ocrx_word' id='word_1_71' title='bbox 606 607 657 626; x_wconf 87' lang='lat' dir='ltr'><strong>nec</strong></span> <span class='ocrx_word' id='word_1_72' title='bbox 671 599 707 626; x_wconf 89' lang='lat' dir='ltr'><strong>ob</strong></span> <span class='ocrx_word' id='word_1_73' title='bbox 724 598 810 625; x_wconf 87' lang='lat' dir='ltr'><strong>etiam</strong></span> <span class='ocrx_word' id='word_1_74' title='bbox 823 597 876 624; x_wconf 85' lang='lat' dir='ltr'><strong>ali-</strong></span> 
     </span>
    </p>
   </div>
   <div class='ocr_carea' id='block_1_13' title="bbox 63 642 876 679">
    <p class='ocr_par' dir='ltr' id='par_1_13' title="bbox 63 642 876 679">
     <span class='ocr_line' id='line_1_13' title="bbox 63 642 876 679; baseline -0.001 -9"><span class='ocrx_word' id='word_1_75' title='bbox 63 651 137 678; x_wconf 85' lang='lat' dir='ltr'><strong>quam</strong></span> <span class='ocrx_word' id='word_1_76' title='bbox 156 643 340 671; x_wconf 83' lang='lat' dir='ltr'><strong>occasionem</strong></span> <span class='ocrx_word' id='word_1_77' title='bbox 371 644 444 679; x_wconf 84' lang='lat' dir='ltr'><strong>ipsis</strong></span> <span class='ocrx_word' id='word_1_78' title='bbox 474 644 593 678; x_wconf 86' lang='lat' dir='ltr'><strong>factam,</strong></span> <span class='ocrx_word' id='word_1_79' title='bbox 620 651 672 670; x_wconf 86' lang='lat' dir='ltr'><strong>nec</strong></span> <span class='ocrx_word' id='word_1_80' title='bbox 697 651 748 678; x_wconf 92' lang='lat' dir='ltr'><strong>pro</strong></span> <span class='ocrx_word' id='word_1_81' title='bbox 778 642 876 677; x_wconf 88' lang='lat' dir='ltr'><strong>aliquo</strong></span> 
     </span>
    </p>
   </div>
   <div class='ocr_carea' id='block_1_14' title="bbox 61 687 876 723">
    <p class='ocr_par' dir='ltr' id='par_1_14' title="bbox 61 687 876 723">
     <span class='ocr_line' id='line_1_14' title="bbox 61 687 876 723; baseline -0.001 -9"><span class='ocrx_word' id='word_1_82' title='bbox 61 690 180 723; x_wconf 87' lang='lat' dir='ltr'><strong>precepto</strong></span> <span class='ocrx_word' id='word_1_83' title='bbox 211 687 254 715; x_wconf 86' lang='lat' dir='ltr'><strong>vel</strong></span> <span class='ocrx_word' id='word_1_84' title='bbox 301 687 408 715; x_wconf 86' lang='lat' dir='ltr'><strong>timore</strong></span> <span class='ocrx_word' id='word_1_85' title='bbox 436 688 563 722; x_wconf 88' lang='lat' dir='ltr'><strong>alicujus</strong></span> <span class='ocrx_word' id='word_1_86' title='bbox 586 689 724 715; x_wconf 87' lang='lat' dir='ltr'><strong>coronate</strong></span> <span class='ocrx_word' id='word_1_87' title='bbox 753 694 876 722; x_wconf 82' lang='lat' dir='ltr'><strong>persons</strong></span> 
     </span>
    </p>
   </div>
   <div class='ocr_carea' id='block_1_15' title="bbox 60 731 875 768">
    <p class='ocr_par' dir='ltr' id='par_1_15' title="bbox 60 731 875 768">
     <span class='ocr_line' id='line_1_15' title="bbox 60 731 875 768; baseline 0 -11"><span class='ocrx_word' id='word_1_88' title='bbox 60 731 94 757; x_wconf 87' lang='lat' dir='ltr'><strong>vel</strong></span> <span class='ocrx_word' id='word_1_89' title='bbox 108 740 160 758; x_wconf 90' lang='lat' dir='ltr'><strong>non</strong></span> <span class='ocrx_word' id='word_1_90' title='bbox 177 733 328 766; x_wconf 80' lang='lat' dir='ltr'><strong>coronata,</strong></span> <span class='ocrx_word' id='word_1_91' title='bbox 345 731 387 759; x_wconf 86' lang='lat' dir='ltr'><strong>vel</strong></span> <span class='ocrx_word' id='word_1_92' title='bbox 405 732 500 768; x_wconf 83' lang='lat' dir='ltr'><strong>ipsius</strong></span> <span class='ocrx_word' id='word_1_93' title='bbox 516 731 592 767; x_wconf 85' lang='lat' dir='ltr'><strong>regis</strong></span> <span class='ocrx_word' id='word_1_94' title='bbox 617 731 798 763; x_wconf 80' lang='lat' dir='ltr'><strong>Alemannis,</strong></span> <span class='ocrx_word' id='word_1_95' title='bbox 823 738 875 758; x_wconf 88' lang='lat' dir='ltr'><strong>nec</strong></span> 
     </span>
    </p>
   </div>
   <div class='ocr_carea' id='block_1_16' title="bbox 60 774 874 812">
    <p class='ocr_par' dir='ltr' id='par_1_16' title="bbox 60 774 874 812">
     <span class='ocr_line' id='line_1_16' title="bbox 60 774 874 812; baseline -0.001 -9"><span class='ocrx_word' id='word_1_96' title='bbox 60 784 102 812; x_wconf 86' lang='lat' dir='ltr'><strong>pro</strong></span> <span class='ocrx_word' id='word_1_97' title='bbox 114 774 209 811; x_wconf 86' lang='lat' dir='ltr'><strong>aliqua</strong></span> <span class='ocrx_word' id='word_1_98' title='bbox 223 776 531 804; x_wconf 82' lang='lat' dir='ltr'><strong>excommunicatione</strong></span> <span class='ocrx_word' id='word_1_99' title='bbox 546 775 746 804; x_wconf 84' lang='lat' dir='ltr'><strong>ecclesiastica</strong></span> <span class='ocrx_word' id='word_1_100' title='bbox 761 775 803 802; x_wconf 85' lang='lat' dir='ltr'><strong>vel</strong></span> <span class='ocrx_word' id='word_1_101' title='bbox 827 783 874 802; x_wconf 81' lang='lat' dir='ltr'><strong>so~</strong></span> 
     </span>
    </p>
   </div>
   <div class='ocr_carea' id='block_1_17' title="bbox 64 819 874 856">
    <p class='ocr_par' dir='ltr' id='par_1_17' title="bbox 64 819 874 856">
     <span class='ocr_line' id='line_1_17' title="bbox 64 819 874 856; baseline -0.002 -9"><span class='ocrx_word' id='word_1_102' title='bbox 64 819 159 847; x_wconf 82' lang='lat' dir='ltr'><strong>luliene</strong></span> <span class='ocrx_word' id='word_1_103' title='bbox 174 820 301 855; x_wconf 77' lang='lat' dir='ltr'><strong>alicujus</strong></span> <span class='ocrx_word' id='word_1_104' title='bbox 313 821 496 856; x_wconf 77' lang='lat' dir='ltr'><strong>pontiﬁcum,</strong></span> <span class='ocrx_word' id='word_1_105' title='bbox 513 822 563 848; x_wconf 87' lang='lat' dir='ltr'><strong>aut</strong></span> <span class='ocrx_word' id='word_1_106' title='bbox 591 819 686 855; x_wconf 82' lang='lat' dir='ltr'><strong>ipsius</strong></span> <span class='ocrx_word' id='word_1_107' title='bbox 717 826 808 854; x_wconf 81' lang='lat' dir='ltr'><strong>papae</strong></span> <span class='ocrx_word' id='word_1_108' title='bbox 825 827 874 846; x_wconf 91' lang='lat' dir='ltr'><strong>ur-</strong></span> 
     </span>
    </p>
   </div>
   <div class='ocr_carea' id='block_1_18' title="bbox 61 863 872 899">
    <p class='ocr_par' dir='ltr' id='par_1_18' title="bbox 61 863 872 899">
     <span class='ocr_line' id='line_1_18' title="bbox 61 863 872 899; baseline -0.002 -7"><span class='ocrx_word' id='word_1_109' title='bbox 61 864 98 892; x_wconf 97' lang='lat' dir='ltr'><strong>bis</strong></span> <span class='ocrx_word' id='word_1_110' title='bbox 119 866 212 898; x_wconf 83' lang='lat' dir='ltr'><strong>Rome,</strong></span> <span class='ocrx_word' id='word_1_111' title='bbox 243 864 419 899; x_wconf 88' lang='lat' dir='ltr'><strong>hujusmodi</strong></span> <span class='ocrx_word' id='word_1_112' title='bbox 463 863 617 892; x_wconf 84' lang='lat' dir='ltr'><strong>violabunt</strong></span> <span class='ocrx_word' id='word_1_113' title='bbox 651 863 872 891; x_wconf 86' lang='lat' dir='ltr'><strong>conventionem</strong></span> 
     </span>
    </p>
   </div>
   <div class='ocr_carea' id='block_1_19' title="bbox 62 908 874 944">
    <p class='ocr_par' dir='ltr' id='par_1_19' title="bbox 62 908 874 944">
     <span class='ocr_line' id='line_1_19' title="bbox 62 908 874 944; baseline -0.002 -8"><span class='ocrx_word' id='word_1_114' title='bbox 62 908 97 936; x_wconf 90' lang='lat' dir='ltr'><strong>vel</strong></span> <span class='ocrx_word' id='word_1_115' title='bbox 107 909 320 944; x_wconf 84' lang='lat' dir='ltr'><strong>juramentum.</strong></span> <span class='ocrx_word' id='word_1_116' title='bbox 348 911 406 937; x_wconf 87' lang='lat' dir='ltr'><strong>Hec</strong></span> <span class='ocrx_word' id='word_1_117' title='bbox 447 911 545 937; x_wconf 86' lang='lat' dir='ltr'><strong>autem</strong></span> <span class='ocrx_word' id='word_1_118' title='bbox 579 909 679 937; x_wconf 85' lang='lat' dir='ltr'><strong>omnia</strong></span> <span class='ocrx_word' id='word_1_119' title='bbox 707 908 874 936; x_wconf 88' lang='lat' dir='ltr'><strong>custodient</strong></span> 
     </span>
    </p>
   </div>
   <div class='ocr_carea' id='block_1_20' title="bbox 63 952 871 988">
    <p class='ocr_par' dir='ltr' id='par_1_20' title="bbox 63 952 871 988">
     <span class='ocr_line' id='line_1_20' title="bbox 63 952 871 988; baseline -0.001 -8"><span class='ocrx_word' id='word_1_120' title='bbox 63 953 176 981; x_wconf 83' lang='lat' dir='ltr'><strong>Venetici</strong></span> <span class='ocrx_word' id='word_1_121' title='bbox 192 954 269 981; x_wconf 91' lang='lat' dir='ltr'><strong>bona</strong></span> <span class='ocrx_word' id='word_1_122' title='bbox 285 953 352 986; x_wconf 84' lang='lat' dir='ltr'><strong>ﬁde,</strong></span> <span class='ocrx_word' id='word_1_123' title='bbox 370 954 433 981; x_wconf 89' lang='lat' dir='ltr'><strong>sine</strong></span> <span class='ocrx_word' id='word_1_124' title='bbox 450 954 552 981; x_wconf 83' lang='lat' dir='ltr'><strong>fraude</strong></span> <span class='ocrx_word' id='word_1_125' title='bbox 581 955 610 981; x_wconf 90' lang='lat' dir='ltr'><strong>et</strong></span> <span class='ocrx_word' id='word_1_126' title='bbox 637 953 714 981; x_wconf 88' lang='lat' dir='ltr'><strong>malo</strong></span> <span class='ocrx_word' id='word_1_127' title='bbox 743 952 871 988; x_wconf 81' lang='lat' dir='ltr'><strong>ingenio,</strong></span> 
     </span>
    </p>
   </div>
   <div class='ocr_carea' id='block_1_21' title="bbox 64 997 870 1034">
    <p class='ocr_par' dir='ltr' id='par_1_21' title="bbox 64 997 870 1034">
     <span class='ocr_line' id='line_1_21' title="bbox 64 997 870 1034; baseline -0.002 -8"><span class='ocrx_word' id='word_1_128' title='bbox 64 998 186 1033; x_wconf 87' lang='lat' dir='ltr'><strong>quamdiu</strong></span> <span class='ocrx_word' id='word_1_129' title='bbox 204 999 240 1026; x_wconf 87' lang='lat' dir='ltr'><strong>ab</strong></span> <span class='ocrx_word' id='word_1_130' title='bbox 252 998 379 1034; x_wconf 85' lang='lat' dir='ltr'><strong>imperio</strong></span> <span class='ocrx_word' id='word_1_131' title='bbox 391 1006 492 1026; x_wconf 88' lang='lat' dir='ltr'><strong>eorum</strong></span> <span class='ocrx_word' id='word_1_132' title='bbox 509 1001 537 1026; x_wconf 87' lang='lat' dir='ltr'><strong>et</strong></span> <span class='ocrx_word' id='word_1_133' title='bbox 554 998 791 1034; x_wconf 76' lang='lat' dir='ltr'><strong>imperatoribus,</strong></span> <span class='ocrx_word' id='word_1_134' title='bbox 823 997 870 1031; x_wconf 93' lang='lat' dir='ltr'><strong>qui</strong></span> 
     </span>
    </p>
   </div>
   <div class='ocr_carea' id='block_1_22' title="bbox 63 1041 872 1079">
    <p class='ocr_par' dir='ltr' id='par_1_22' title="bbox 63 1041 872 1079">
     <span class='ocr_line' id='line_1_22' title="bbox 63 1041 872 1079; baseline -0.002 -9"><span class='ocrx_word' id='word_1_135' title='bbox 63 1043 183 1079; x_wconf 83' lang='lat' dir='ltr'><strong>deinceps</strong></span> <span class='ocrx_word' id='word_1_136' title='bbox 210 1045 309 1076; x_wconf 83' lang='lat' dir='ltr'><strong>erunt,</strong></span> <span class='ocrx_word' id='word_1_137' title='bbox 326 1043 439 1078; x_wconf 76' lang='lat' dir='ltr'><strong>integre</strong></span> <span class='ocrx_word' id='word_1_138' title='bbox 454 1045 672 1078; x_wconf 84' lang='lat' dir='ltr'><strong>conservantur,</strong></span> <span class='ocrx_word' id='word_1_139' title='bbox 703 1050 760 1078; x_wconf 89' lang='lat' dir='ltr'><strong>que</strong></span> <span class='ocrx_word' id='word_1_140' title='bbox 788 1041 872 1069; x_wconf 91' lang='lat' dir='ltr'><strong>nobis</strong></span> 
     </span>
    </p>
   </div>
   <div class='ocr_carea' id='block_1_23' title="bbox 62 1086 871 1122">
    <p class='ocr_par' dir='ltr' id='par_1_23' title="bbox 62 1086 871 1122">
     <span class='ocr_line' id='line_1_23' title="bbox 62 1086 871 1122; baseline -0.001 -8"><span class='ocrx_word' id='word_1_141' title='bbox 62 1087 190 1122; x_wconf 87' lang='lat' dir='ltr'><strong>promissa</strong></span> <span class='ocrx_word' id='word_1_142' title='bbox 205 1091 275 1115; x_wconf 87' lang='lat' dir='ltr'><strong>sunt</strong></span> <span class='ocrx_word' id='word_1_143' title='bbox 296 1096 313 1115; x_wconf 85' lang='lat' dir='ltr'><strong>a</strong></span> <span class='ocrx_word' id='word_1_144' title='bbox 334 1087 523 1115; x_wconf 84' lang='lat' dir='ltr'><strong>sanctissimo</strong></span> <span class='ocrx_word' id='word_1_145' title='bbox 552 1087 729 1122; x_wconf 86' lang='lat' dir='ltr'><strong>imperatore</strong></span> <span class='ocrx_word' id='word_1_146' title='bbox 754 1086 871 1113; x_wconf 90' lang='lat' dir='ltr'><strong>domino</strong></span> 
     </span>
    </p>
   </div>
   <div class='ocr_carea' id='block_1_24' title="bbox 61 1131 829 1168">
    <p class='ocr_par' dir='ltr' id='par_1_24' title="bbox 61 1131 829 1168">
     <span class='ocr_line' id='line_1_24' title="bbox 61 1131 829 1168; baseline -0.003 -8"><span class='ocrx_word' id='word_1_147' title='bbox 61 1132 145 1160; x_wconf 82' lang='lat' dir='ltr'><strong>Alexio</strong></span> <span class='ocrx_word' id='word_1_148' title='bbox 159 1133 310 1160; x_wconf 87' lang='lat' dir='ltr'><strong>Comnano</strong></span> <span class='ocrx_word' id='word_1_149' title='bbox 326 1140 377 1168; x_wconf 90' lang='lat' dir='ltr'><strong>per</strong></span> <span class='ocrx_word' id='word_1_150' title='bbox 392 1131 574 1160; x_wconf 89' lang='lat' dir='ltr'><strong>crisobulum</strong></span> <span class='ocrx_word' id='word_1_151' title='bbox 591 1131 708 1167; x_wconf 89' lang='lat' dir='ltr'><strong>imperii</strong></span> <span class='ocrx_word' id='word_1_152' title='bbox 725 1132 799 1165; x_wconf 87' lang='lat' dir='ltr'><strong>ejus.</strong></span> <span class='ocrx_word' id='word_1_153' title='bbox 819 1143 829 1155; x_wconf 82' lang='grc' dir='ltr'>ι</span> 
     </span>
    </p>
   </div>
   <div class='ocr_carea' id='block_1_25' title="bbox 89 1176 872 1213">
    <p class='ocr_par' dir='ltr' id='par_1_25' title="bbox 89 1176 872 1213">
     <span class='ocr_line' id='line_1_25' title="bbox 89 1176 872 1213; baseline -0.003 -8"><span class='ocrx_word' id='word_1_154' title='bbox 89 1178 117 1204; x_wconf 83' lang='lat' dir='ltr'><strong>Et</strong></span> <span class='ocrx_word' id='word_1_155' title='bbox 131 1186 184 1213; x_wconf 90' lang='lat' dir='ltr'><strong>que</strong></span> <span class='ocrx_word' id='word_1_156' title='bbox 199 1178 323 1213; x_wconf 89' lang='lat' dir='ltr'><strong>quidem</strong></span> <span class='ocrx_word' id='word_1_157' title='bbox 339 1177 529 1213; x_wconf 87' lang='lat' dir='ltr'><strong>suprascripti</strong></span> <span class='ocrx_word' id='word_1_158' title='bbox 547 1177 770 1213; x_wconf 87' lang='lat' dir='ltr'><strong>prudentissimi</strong></span> <span class='ocrx_word' id='word_1_159' title='bbox 785 1176 872 1212; x_wconf 79' lang='lat' dir='ltr'><strong>legati</strong></span> 
     </span>
    </p>
   </div>
   <div class='ocr_carea' id='block_1_26' title="bbox 62 1220 871 1257">
    <p class='ocr_par' dir='ltr' id='par_1_26' title="bbox 62 1220 871 1257">
     <span class='ocr_line' id='line_1_26' title="bbox 62 1220 871 1257; baseline 0 -9"><span class='ocrx_word' id='word_1_160' title='bbox 62 1222 222 1250; x_wconf 90' lang='lat' dir='ltr'><strong>nobilissimi</strong></span> <span class='ocrx_word' id='word_1_161' title='bbox 232 1225 261 1250; x_wconf 87' lang='lat' dir='ltr'><strong>et</strong></span> <span class='ocrx_word' id='word_1_162' title='bbox 273 1221 450 1249; x_wconf 84' lang='lat' dir='ltr'><strong>lidellissimi</strong></span> <span class='ocrx_word' id='word_1_163' title='bbox 467 1222 590 1257; x_wconf 86' lang='lat' dir='ltr'><strong>imperio</strong></span> <span class='ocrx_word' id='word_1_164' title='bbox 606 1229 669 1249; x_wconf 90' lang='lat' dir='ltr'><strong>meo</strong></span> <span class='ocrx_word' id='word_1_165' title='bbox 682 1220 871 1256; x_wconf 86' lang='lat' dir='ltr'><strong>protosevasti</strong></span> 
     </span>
    </p>
   </div>
   <div class='ocr_carea' id='block_1_27' title="bbox 62 1265 872 1301">
    <p class='ocr_par' dir='ltr' id='par_1_27' title="bbox 62 1265 872 1301">
     <span class='ocr_line' id='line_1_27' title="bbox 62 1265 872 1301; baseline -0.002 -7"><span class='ocrx_word' id='word_1_166' title='bbox 62 1270 84 1294; x_wconf 84' lang='lat' dir='ltr'><strong>et</strong></span> <span class='ocrx_word' id='word_1_167' title='bbox 97 1266 174 1294; x_wconf 85' lang='lat' dir='ltr'><strong>Ducis</strong></span> <span class='ocrx_word' id='word_1_168' title='bbox 192 1267 324 1300; x_wconf 90' lang='lat' dir='ltr'><strong>Venetie,</strong></span> <span class='ocrx_word' id='word_1_169' title='bbox 343 1266 455 1294; x_wconf 89' lang='lat' dir='ltr'><strong>Henrici</strong></span> <span class='ocrx_word' id='word_1_170' title='bbox 481 1266 618 1299; x_wconf 78' lang='lat' dir='ltr'><strong>Danduli,</strong></span> <span class='ocrx_word' id='word_1_171' title='bbox 650 1266 684 1293; x_wconf 85' lang='lat' dir='ltr'><strong>ad</strong></span> <span class='ocrx_word' id='word_1_172' title='bbox 714 1265 872 1301; x_wconf 87' lang='lat' dir='ltr'><strong>imperium</strong></span> 
     </span>
    </p>
   </div>
   <div class='ocr_carea' id='block_1_28' title="bbox 62 1310 874 1347">
    <p class='ocr_par' dir='ltr' id='par_1_28' title="bbox 62 1310 874 1347">
     <span class='ocr_line' id='line_1_28' title="bbox 62 1310 874 1347; baseline -0.002 -8"><span class='ocrx_word' id='word_1_173' title='bbox 62 1319 145 1339; x_wconf 83' lang='lat' dir='ltr'><strong>meum</strong></span> <span class='ocrx_word' id='word_1_174' title='bbox 159 1314 187 1339; x_wconf 89' lang='lat' dir='ltr'><strong>et</strong></span> <span class='ocrx_word' id='word_1_175' title='bbox 203 1311 379 1339; x_wconf 83' lang='lat' dir='ltr'><strong>Romaniam</strong></span> <span class='ocrx_word' id='word_1_176' title='bbox 397 1310 572 1347; x_wconf 85' lang='lat' dir='ltr'><strong>pepigerunt</strong></span> <span class='ocrx_word' id='word_1_177' title='bbox 587 1313 616 1338; x_wconf 87' lang='lat' dir='ltr'><strong>et</strong></span> <span class='ocrx_word' id='word_1_178' title='bbox 628 1311 814 1345; x_wconf 87' lang='lat' dir='ltr'><strong>juraverunt,</strong></span> <span class='ocrx_word' id='word_1_179' title='bbox 844 1312 874 1337; x_wconf 87' lang='lat' dir='ltr'><strong>et</strong></span> 
     </span>
    </p>
   </div>
   <div class='ocr_carea' id='block_1_29' title="bbox 63 1356 872 1393">
    <p class='ocr_par' dir='ltr' id='par_1_29' title="bbox 63 1356 872 1393">
     <span class='ocr_line' id='line_1_29' title="bbox 63 1356 872 1393; baseline 0 -9"><span class='ocrx_word' id='word_1_180' title='bbox 63 1356 86 1384; x_wconf 89' lang='lat' dir='ltr'><strong>in</strong></span> <span class='ocrx_word' id='word_1_181' title='bbox 99 1357 201 1393; x_wconf 84' lang='lat' dir='ltr'><strong>scripto</strong></span> <span class='ocrx_word' id='word_1_182' title='bbox 214 1357 251 1384; x_wconf 87' lang='lat' dir='ltr'><strong>ab</strong></span> <span class='ocrx_word' id='word_1_183' title='bbox 267 1357 313 1384; x_wconf 84' lang='lat' dir='ltr'><strong>eis</strong></span> <span class='ocrx_word' id='word_1_184' title='bbox 325 1356 494 1392; x_wconf 88' lang='lat' dir='ltr'><strong>subscripto</strong></span> <span class='ocrx_word' id='word_1_185' title='bbox 510 1356 793 1392; x_wconf 88' lang='lat' dir='ltr'><strong>comprehendentes</strong></span> <span class='ocrx_word' id='word_1_186' title='bbox 817 1356 872 1383; x_wconf 88' lang='lat' dir='ltr'><strong>im-</strong></span> 
     </span>
    </p>
   </div>
   <div class='ocr_carea' id='block_1_30' title="bbox 65 1400 875 1436">
    <p class='ocr_par' dir='ltr' id='par_1_30' title="bbox 65 1400 875 1436">
     <span class='ocr_line' id='line_1_30' title="bbox 65 1400 875 1436; baseline 0 -8"><span class='ocrx_word' id='word_1_187' title='bbox 65 1401 130 1436; x_wconf 88' lang='lat' dir='ltr'><strong>perio</strong></span> <span class='ocrx_word' id='word_1_188' title='bbox 144 1409 206 1429; x_wconf 91' lang='lat' dir='ltr'><strong>meo</strong></span> <span class='ocrx_word' id='word_1_189' title='bbox 221 1401 539 1436; x_wconf 62' lang='lat' dir='ltr'><strong>tradideruntJurandi</strong></span> <span class='ocrx_word' id='word_1_190' title='bbox 551 1401 607 1436; x_wconf 87' lang='grc'><strong>(57)</strong></span> <span class='ocrx_word' id='word_1_191' title='bbox 623 1403 650 1428; x_wconf 89' lang='lat' dir='ltr'><strong>et</strong></span> <span class='ocrx_word' id='word_1_192' title='bbox 666 1400 702 1428; x_wconf 88' lang='lat' dir='ltr'><strong>ab</strong></span> <span class='ocrx_word' id='word_1_193' title='bbox 717 1400 781 1435; x_wconf 83' lang='lat' dir='ltr'><strong>ipso</strong></span> <span class='ocrx_word' id='word_1_194' title='bbox 796 1400 875 1428; x_wconf 84' lang='lat' dir='ltr'><strong>Duce</strong></span> 
     </span>
    </p>
   </div>
   <div class='ocr_carea' id='block_1_31' title="bbox 65 1445 873 1481">
    <p class='ocr_par' dir='ltr' id='par_1_31' title="bbox 65 1445 873 1481">
     <span class='ocr_line' id='line_1_31' title="bbox 65 1445 873 1481; baseline -0.001 -8"><span class='ocrx_word' id='word_1_195' title='bbox 65 1452 150 1473; x_wconf 84' lang='lat' dir='ltr'><strong>eorum</strong></span> <span class='ocrx_word' id='word_1_196' title='bbox 164 1448 192 1473; x_wconf 88' lang='lat' dir='ltr'><strong>et</strong></span> <span class='ocrx_word' id='word_1_197' title='bbox 206 1447 268 1473; x_wconf 87' lang='lat' dir='ltr'><strong>tota</strong></span> <span class='ocrx_word' id='word_1_198' title='bbox 284 1445 405 1473; x_wconf 83' lang='lat' dir='ltr'><strong>Venetia</strong></span> <span class='ocrx_word' id='word_1_199' title='bbox 420 1445 646 1481; x_wconf 87' lang='lat' dir='ltr'><strong>hec.lmperium</strong></span> <span class='ocrx_word' id='word_1_200' title='bbox 662 1447 758 1473; x_wconf 86' lang='lat' dir='ltr'><strong>autem</strong></span> <span class='ocrx_word' id='word_1_201' title='bbox 774 1453 873 1472; x_wconf 88' lang='lat' dir='ltr'><strong>meum</strong></span> 
     </span>
    </p>
   </div>
   <div class='ocr_carea' id='block_1_32' title="bbox 65 1489 874 1526">
    <p class='ocr_par' dir='ltr' id='par_1_32' title="bbox 65 1489 874 1526">
     <span class='ocr_line' id='line_1_32' title="bbox 65 1489 874 1526; baseline -0.002 -8"><span class='ocrx_word' id='word_1_202' title='bbox 65 1489 108 1518; x_wconf 84' lang='lat' dir='ltr'><strong>hec</strong></span> <span class='ocrx_word' id='word_1_203' title='bbox 119 1490 417 1526; x_wconf 84' lang='lat' dir='ltr'><strong>suscipiens,presens</strong></span> <span class='ocrx_word' id='word_1_204' title='bbox 428 1489 636 1526; x_wconf 85' lang='lat' dir='ltr'><strong>chrysobulum</strong></span> <span class='ocrx_word' id='word_1_205' title='bbox 649 1490 770 1518; x_wconf 88' lang='lat' dir='ltr'><strong>verbum</strong></span> <span class='ocrx_word' id='word_1_206' title='bbox 785 1497 874 1517; x_wconf 90' lang='lat' dir='ltr'><strong>suum</strong></span> 
     </span>
    </p>
   </div>
   <div class='ocr_carea' id='block_1_33' title="bbox 65 1534 874 1570">
    <p class='ocr_par' dir='ltr' id='par_1_33' title="bbox 65 1534 874 1570">
     <span class='ocr_line' id='line_1_33' title="bbox 65 1534 874 1570; baseline 0 -8"><span class='ocrx_word' id='word_1_207' title='bbox 65 1535 213 1563; x_wconf 76' lang='lat' dir='ltr'><strong>transmisit</strong></span> <span class='ocrx_word' id='word_1_208' title='bbox 228 1534 428 1563; x_wconf 87' lang='lat' dir='ltr'><strong>nobillissimo</strong></span> <span class='ocrx_word' id='word_1_209' title='bbox 438 1538 467 1562; x_wconf 90' lang='lat' dir='ltr'><strong>et</strong></span> <span class='ocrx_word' id='word_1_210' title='bbox 478 1534 658 1563; x_wconf 83' lang='lat' dir='ltr'><strong>ﬁdellissims</strong></span> <span class='ocrx_word' id='word_1_211' title='bbox 674 1534 796 1570; x_wconf 91' lang='lat' dir='ltr'><strong>imperio</strong></span> <span class='ocrx_word' id='word_1_212' title='bbox 811 1543 874 1563; x_wconf 91' lang='lat' dir='ltr'><strong>meo</strong></span> 
     </span>
    </p>
   </div>
   <div class='ocr_carea' id='block_1_34' title="bbox 66 1579 875 1614">
    <p class='ocr_par' dir='ltr' id='par_1_34' title="bbox 66 1579 875 1614">
     <span class='ocr_line' id='line_1_34' title="bbox 66 1579 875 1614; baseline 0 -7"><span class='ocrx_word' id='word_1_213' title='bbox 66 1582 247 1614; x_wconf 85' lang='lat' dir='ltr'><strong>protosevasto</strong></span> <span class='ocrx_word' id='word_1_214' title='bbox 263 1582 293 1607; x_wconf 88' lang='lat' dir='ltr'><strong>et</strong></span> <span class='ocrx_word' id='word_1_215' title='bbox 309 1579 378 1607; x_wconf 91' lang='lat' dir='ltr'><strong>Duci</strong></span> <span class='ocrx_word' id='word_1_216' title='bbox 391 1579 511 1607; x_wconf 81' lang='lat' dir='ltr'><strong>Venetis</strong></span> <span class='ocrx_word' id='word_1_217' title='bbox 526 1582 553 1607; x_wconf 88' lang='lat' dir='ltr'><strong>et</strong></span> <span class='ocrx_word' id='word_1_218' title='bbox 582 1580 733 1607; x_wconf 82' lang='lat' dir='ltr'><strong>universae</strong></span> <span class='ocrx_word' id='word_1_219' title='bbox 757 1579 875 1607; x_wconf 89' lang='lat' dir='ltr'><strong>Venetie</strong></span> 
     </span>
    </p>
   </div>
   <div class='ocr_carea' id='block_1_35' title="bbox 66 1623 874 1660">
    <p class='ocr_par' dir='ltr' id='par_1_35' title="bbox 66 1623 874 1660">
     <span class='ocr_line' id='line_1_35' title="bbox 66 1623 874 1660; baseline 0 -9"><span class='ocrx_word' id='word_1_220' title='bbox 66 1623 221 1659; x_wconf 88' lang='lat' dir='ltr'><strong>pleuitudiui</strong></span> <span class='ocrx_word' id='word_1_221' title='bbox 235 1632 287 1660; x_wconf 90' lang='lat' dir='ltr'><strong>per</strong></span> <span class='ocrx_word' id='word_1_222' title='bbox 302 1623 418 1660; x_wconf 89' lang='lat' dir='ltr'><strong>imperii</strong></span> <span class='ocrx_word' id='word_1_223' title='bbox 430 1624 485 1651; x_wconf 89' lang='lat' dir='ltr'><strong>mei</strong></span> <span class='ocrx_word' id='word_1_224' title='bbox 498 1623 626 1660; x_wconf 85' lang='lat' dir='ltr'><strong>legatum</strong></span> <span class='ocrx_word' id='word_1_225' title='bbox 640 1623 711 1651; x_wconf 87' lang='lat' dir='ltr'><strong>illuc</strong></span> <span class='ocrx_word' id='word_1_226' title='bbox 719 1623 874 1651; x_wconf 85' lang='lat' dir='ltr'><strong>directum.</strong></span> 
     </span>
    </p>
   </div>
   <div class='ocr_carea' id='block_1_36' title="bbox 64 1668 877 1703">
    <p class='ocr_par' dir='ltr' id='par_1_36' title="bbox 64 1668 877 1703">
     <span class='ocr_line' id='line_1_36' title="bbox 64 1668 877 1703; baseline -0.001 -7"><span class='ocrx_word' id='word_1_227' title='bbox 64 1676 105 1703; x_wconf 83' lang='lat' dir='ltr'><strong>per</strong></span> <span class='ocrx_word' id='word_1_228' title='bbox 117 1668 417 1697; x_wconf 84' lang='lat' dir='ltr'><strong>honorabillissimum</strong></span> <span class='ocrx_word' id='word_1_229' title='bbox 437 1670 465 1696; x_wconf 87' lang='lat' dir='ltr'><strong>et</strong></span> <span class='ocrx_word' id='word_1_230' title='bbox 474 1668 647 1696; x_wconf 82' lang='lat' dir='ltr'><strong>familiarem</strong></span> <span class='ocrx_word' id='word_1_231' title='bbox 672 1668 795 1703; x_wconf 87' lang='lat' dir='ltr'><strong>imperio</strong></span> <span class='ocrx_word' id='word_1_232' title='bbox 813 1676 877 1696; x_wconf 88' lang='lat' dir='ltr'><strong>meo</strong></span> 
     </span>
    </p>
   </div>
   <div class='ocr_carea' id='block_1_37' title="bbox 63 1712 876 1748">
    <p class='ocr_par' dir='ltr' id='par_1_37' title="bbox 63 1712 876 1748">
     <span class='ocr_line' id='line_1_37' title="bbox 63 1712 876 1748; baseline -0.002 -7"><span class='ocrx_word' id='word_1_233' title='bbox 63 1713 280 1748; x_wconf 83' lang='lat' dir='ltr'><strong>protonotarium</strong></span> <span class='ocrx_word' id='word_1_234' title='bbox 297 1713 352 1748; x_wconf 82' lang='grc'>(58)</span> <span class='ocrx_word' id='word_1_235' title='bbox 364 1712 580 1740; x_wconf 84' lang='lat' dir='ltr'><strong>vicedominum</strong></span> <span class='ocrx_word' id='word_1_236' title='bbox 593 1712 780 1740; x_wconf 86' lang='lat' dir='ltr'><strong>Theodorum</strong></span> <span class='ocrx_word' id='word_1_237' title='bbox 796 1712 876 1739; x_wconf 82' lang='lat' dir='ltr'><strong>Auli-</strong></span> 
     </span>
    </p>
   </div>
   <div class='ocr_carea' id='block_1_38' title="bbox 65 1756 878 1793">
    <p class='ocr_par' dir='ltr' id='par_1_38' title="bbox 65 1756 878 1793">
     <span class='ocr_line' id='line_1_38' title="bbox 65 1756 878 1793; baseline 0 -9"><span class='ocrx_word' id='word_1_238' title='bbox 65 1756 191 1785; x_wconf 79' lang='lat' dir='ltr'><strong>calamum</strong></span> <span class='ocrx_word' id='word_1_239' title='bbox 207 1757 278 1793; x_wconf 81' lang='lat'><strong>(59),</strong></span> <span class='ocrx_word' id='word_1_240' title='bbox 296 1757 374 1793; x_wconf 88' lang='lat' dir='ltr'><strong>quod</strong></span> <span class='ocrx_word' id='word_1_241' title='bbox 391 1756 601 1792; x_wconf 86' lang='lat' dir='ltr'><strong>chrysobulum</strong></span> <span class='ocrx_word' id='word_1_242' title='bbox 617 1756 737 1784; x_wconf 87' lang='lat' dir='ltr'><strong>verbum</strong></span> <span class='ocrx_word' id='word_1_243' title='bbox 767 1756 878 1784; x_wconf 83' lang='lat' dir='ltr'><strong>scilicet</strong></span> 
     </span>
    </p>
   </div>
   <div class='ocr_carea' id='block_1_39' title="bbox 65 1800 877 1838">
    <p class='ocr_par' dir='ltr' id='par_1_39' title="bbox 65 1800 877 1838">
     <span class='ocr_line' id='line_1_39' title="bbox 65 1800 877 1838; baseline -0.001 -8"><span class='ocrx_word' id='word_1_244' title='bbox 65 1802 191 1837; x_wconf 85' lang='lat' dir='ltr'><strong>promittit</strong></span> <span class='ocrx_word' id='word_1_245' title='bbox 205 1802 261 1836; x_wconf 87' lang='lat' dir='ltr'><strong>eis,</strong></span> <span class='ocrx_word' id='word_1_246' title='bbox 280 1801 420 1838; x_wconf 87' lang='lat' dir='ltr'><strong>quoniam</strong></span> <span class='ocrx_word' id='word_1_247' title='bbox 449 1800 647 1829; x_wconf 86' lang='lat' dir='ltr'><strong>nobillissimo</strong></span> <span class='ocrx_word' id='word_1_248' title='bbox 675 1802 749 1829; x_wconf 87' lang='lat' dir='ltr'><strong>duce</strong></span> <span class='ocrx_word' id='word_1_249' title='bbox 777 1809 877 1829; x_wconf 88' lang='lat' dir='ltr'><strong>eorum</strong></span> 
     </span>
    </p>
   </div>
   <div class='ocr_carea' id='block_1_40' title="bbox 66 1845 878 1882">
    <p class='ocr_par' dir='ltr' id='par_1_40' title="bbox 66 1845 878 1882">
     <span class='ocr_line' id='line_1_40' title="bbox 66 1845 878 1882; baseline 0.001 -9"><span class='ocrx_word' id='word_1_250' title='bbox 66 1848 248 1882; x_wconf 81' lang='lat' dir='ltr'><strong>protosevasto</strong></span> <span class='ocrx_word' id='word_1_251' title='bbox 263 1848 295 1874; x_wconf 83' lang='lat' dir='ltr'><strong>et</strong></span> <span class='ocrx_word' id='word_1_252' title='bbox 310 1854 416 1881; x_wconf 81' lang='lat' dir='ltr'><strong>magno</strong></span> <span class='ocrx_word' id='word_1_253' title='bbox 429 1848 458 1874; x_wconf 89' lang='lat' dir='ltr'><strong>et</strong></span> <span class='ocrx_word' id='word_1_254' title='bbox 474 1854 562 1882; x_wconf 88' lang='lat' dir='ltr'><strong>parvo</strong></span> <span class='ocrx_word' id='word_1_255' title='bbox 577 1845 699 1874; x_wconf 89' lang='lat' dir='ltr'><strong>consilio</strong></span> <span class='ocrx_word' id='word_1_256' title='bbox 713 1845 878 1880; x_wconf 88' lang='lat' dir='ltr'><strong>Venetie,ac</strong></span> 
     </span>
    </p>
   </div>
   <div class='ocr_carea' id='block_1_41' title="bbox 68 1889 878 1927">
    <p class='ocr_par' dir='ltr' id='par_1_41' title="bbox 68 1889 878 1927">
     <span class='ocr_line' id='line_1_41' title="bbox 68 1889 878 1927; baseline 0.002 -10"><span class='ocrx_word' id='word_1_257' title='bbox 68 1889 116 1918; x_wconf 80' lang='lat' dir='ltr'><strong>alia</strong></span> <span class='ocrx_word' id='word_1_258' title='bbox 124 1891 183 1927; x_wconf 86' lang='lat' dir='ltr'><strong>ejus</strong></span> <span class='ocrx_word' id='word_1_259' title='bbox 194 1890 380 1927; x_wconf 89' lang='lat' dir='ltr'><strong>plenitudine</strong></span> <span class='ocrx_word' id='word_1_260' title='bbox 390 1889 619 1926; x_wconf 86' lang='lat' dir='ltr'><strong>suscipientibus</strong></span> <span class='ocrx_word' id='word_1_261' title='bbox 625 1890 878 1927; x_wconf 86' lang='lat' dir='ltr'><strong>hoc,secramento</strong></span> 
     </span>
    </p>
   </div>
   <div class='ocr_carea' id='block_1_42' title="bbox 69 1935 879 1972">
    <p class='ocr_par' dir='ltr' id='par_1_42' title="bbox 69 1935 879 1972">
     <span class='ocr_line' id='line_1_42' title="bbox 69 1935 879 1972; baseline 0.002 -10"><span class='ocrx_word' id='word_1_262' title='bbox 69 1943 170 1972; x_wconf 86' lang='lat' dir='ltr'><strong>quoque</strong></span> <span class='ocrx_word' id='word_1_263' title='bbox 184 1935 350 1964; x_wconf 87' lang='lat' dir='ltr'><strong>secundum</strong></span> <span class='ocrx_word' id='word_1_264' title='bbox 361 1943 444 1963; x_wconf 87' lang='lat' dir='ltr'><strong>suam</strong></span> <span class='ocrx_word' id='word_1_265' title='bbox 453 1935 696 1963; x_wconf 77' lang='lat' dir='ltr'><strong>consuetudinem</strong></span> <span class='ocrx_word' id='word_1_266' title='bbox 703 1936 879 1964; x_wconf 84' lang='lat' dir='ltr'><strong>conﬁrman-</strong></span> 
     </span>
    </p>
   </div>
   <div class='ocr_carea' id='block_1_43' title="bbox 70 1979 878 2016">
    <p class='ocr_par' dir='ltr' id='par_1_43' title="bbox 70 1979 878 2016">
     <span class='ocr_line' id='line_1_43' title="bbox 70 1979 878 2016; baseline 0.001 -9"><span class='ocrx_word' id='word_1_267' title='bbox 70 1979 146 2014; x_wconf 83' lang='lat' dir='ltr'><strong>tibus,</strong></span> <span class='ocrx_word' id='word_1_268' title='bbox 162 1980 232 2008; x_wconf 89' lang='lat' dir='ltr'><strong>etin</strong></span> <span class='ocrx_word' id='word_1_269' title='bbox 249 1980 360 2016; x_wconf 88' lang='lat' dir='ltr'><strong>scripto</strong></span> <span class='ocrx_word' id='word_1_270' title='bbox 372 1979 549 2016; x_wconf 87' lang='lat' dir='ltr'><strong>ponentibus</strong></span> <span class='ocrx_word' id='word_1_271' title='bbox 574 1980 626 2008; x_wconf 89' lang='lat' dir='ltr'><strong>hec</strong></span> <span class='ocrx_word' id='word_1_272' title='bbox 657 1981 756 2008; x_wconf 86' lang='lat' dir='ltr'><strong>omnia</strong></span> <span class='ocrx_word' id='word_1_273' title='bbox 785 1981 878 2009; x_wconf 91' lang='lat' dir='ltr'><strong>conti-</strong></span> 
     </span>
    </p>
   </div>
   <div class='ocr_carea' id='block_1_44' title="bbox 70 2024 881 2061">
    <p class='ocr_par' dir='ltr' id='par_1_44' title="bbox 70 2024 881 2061">
     <span class='ocr_line' id='line_1_44' title="bbox 70 2024 881 2061; baseline 0.002 -10"><span class='ocrx_word' id='word_1_274' title='bbox 70 2024 177 2059; x_wconf 87' lang='lat' dir='ltr'><strong>uenti,et</strong></span> <span class='ocrx_word' id='word_1_275' title='bbox 192 2024 378 2061; x_wconf 84' lang='lat' dir='ltr'><strong>propriarum</strong></span> <span class='ocrx_word' id='word_1_276' title='bbox 395 2033 516 2052; x_wconf 87' lang='lat' dir='ltr'><strong>suarum</strong></span> <span class='ocrx_word' id='word_1_277' title='bbox 533 2033 675 2053; x_wconf 90' lang='lat' dir='ltr'><strong>manuum</strong></span> <span class='ocrx_word' id='word_1_278' title='bbox 691 2025 881 2061; x_wconf 88' lang='lat' dir='ltr'><strong>subscriptio-</strong></span> 
     </span>
    </p>
   </div>
   <div class='ocr_carea' id='block_1_45' title="bbox 70 2068 879 2106">
    <p class='ocr_par' dir='ltr' id='par_1_45' title="bbox 70 2068 879 2106">
     <span class='ocr_line' id='line_1_45' title="bbox 70 2068 879 2106; baseline 0.002 -10"><span class='ocrx_word' id='word_1_279' title='bbox 70 2068 144 2097; x_wconf 84' lang='lat' dir='ltr'><strong>nibus</strong></span> <span class='ocrx_word' id='word_1_280' title='bbox 157 2069 185 2097; x_wconf 88' lang='lat' dir='ltr'><strong>id</strong></span> <span class='ocrx_word' id='word_1_281' title='bbox 199 2069 488 2103; x_wconf 85' lang='lat' dir='ltr'><strong>consummantibus,</strong></span> <span class='ocrx_word' id='word_1_282' title='bbox 503 2072 532 2097; x_wconf 87' lang='lat' dir='ltr'><strong>et</strong></span> <span class='ocrx_word' id='word_1_283' title='bbox 546 2078 612 2097; x_wconf 89' lang='lat' dir='ltr'><strong>cum</strong></span> <span class='ocrx_word' id='word_1_284' title='bbox 638 2070 767 2106; x_wconf 87' lang='lat' dir='ltr'><strong>predicto</strong></span> <span class='ocrx_word' id='word_1_285' title='bbox 783 2073 879 2106; x_wconf 82' lang='lat' dir='ltr'><strong>proto-</strong></span> 
     </span>
    </p>
   </div>
   <div class='ocr_carea' id='block_1_46' title="bbox 72 2114 882 2148">
    <p class='ocr_par' dir='ltr' id='par_1_46' title="bbox 72 2114 882 2148">
     <span class='ocr_line' id='line_1_46' title="bbox 72 2114 882 2148; baseline 0.002 -8"><span class='ocrx_word' id='word_1_286' title='bbox 72 2114 170 2142; x_wconf 85' lang='lat' dir='ltr'><strong>notario</strong></span> <span class='ocrx_word' id='word_1_287' title='bbox 184 2114 309 2148; x_wconf 89' lang='lat' dir='ltr'><strong>imperio</strong></span> <span class='ocrx_word' id='word_1_288' title='bbox 335 2122 400 2142; x_wconf 87' lang='lat' dir='ltr'><strong>meo</strong></span> <span class='ocrx_word' id='word_1_289' title='bbox 425 2114 453 2141; x_wconf 91' lang='lat' dir='ltr'><strong>id</strong></span> <span class='ocrx_word' id='word_1_290' title='bbox 470 2114 664 2148; x_wconf 84' lang='lat' dir='ltr'><strong>mittentibus,</strong></span> <span class='ocrx_word' id='word_1_291' title='bbox 680 2115 812 2142; x_wconf 83' lang='lat' dir='ltr'><strong>tradetur</strong></span> <span class='ocrx_word' id='word_1_292' title='bbox 839 2115 882 2143; x_wconf 89' lang='lat' dir='ltr'><strong>eis</strong></span> 
     </span>
    </p>
   </div>
   <div class='ocr_carea' id='block_1_47' title="bbox 72 2157 881 2194">
    <p class='ocr_par' dir='ltr' id='par_1_47' title="bbox 72 2157 881 2194">
     <span class='ocr_line' id='line_1_47' title="bbox 72 2157 881 2194; baseline 0.001 -11"><span class='ocrx_word' id='word_1_293' title='bbox 72 2157 102 2183; x_wconf 87' lang='lat' dir='ltr'><strong>ab</strong></span> <span class='ocrx_word' id='word_1_294' title='bbox 115 2165 145 2184; x_wconf 84' lang='lat' dir='ltr'><strong>eo</strong></span> <span class='ocrx_word' id='word_1_295' title='bbox 159 2165 278 2192; x_wconf 86' lang='lat' dir='ltr'><strong>presens</strong></span> <span class='ocrx_word' id='word_1_296' title='bbox 294 2157 504 2194; x_wconf 80' lang='lat' dir='ltr'><strong>chrysobulum</strong></span> <span class='ocrx_word' id='word_1_297' title='bbox 519 2159 639 2186; x_wconf 88' lang='lat' dir='ltr'><strong>verbum</strong></span> <span class='ocrx_word' id='word_1_298' title='bbox 668 2158 783 2193; x_wconf 89' lang='lat' dir='ltr'><strong>imperii</strong></span> <span class='ocrx_word' id='word_1_299' title='bbox 813 2158 881 2192; x_wconf 88' lang='lat' dir='ltr'><strong>mei,</strong></span> 
     </span>
    </p>
   </div>
   <div class='ocr_carea' id='block_1_48' title="bbox 73 2201 882 2238">
    <p class='ocr_par' dir='ltr' id='par_1_48' title="bbox 73 2201 882 2238">
     <span class='ocr_line' id='line_1_48' title="bbox 73 2201 882 2238; baseline 0.002 -10"><span class='ocrx_word' id='word_1_300' title='bbox 73 2201 249 2230; x_wconf 82' lang='lat' dir='ltr'><strong>corroborans</strong></span> <span class='ocrx_word' id='word_1_301' title='bbox 261 2204 290 2229; x_wconf 87' lang='lat' dir='ltr'><strong>et</strong></span> <span class='ocrx_word' id='word_1_302' title='bbox 300 2201 807 2238; x_wconf 80' lang='lat' dir='ltr'><strong>conﬁrmansﬁdellissimisimperio</strong></span> <span class='ocrx_word' id='word_1_303' title='bbox 818 2210 882 2230; x_wconf 89' lang='lat' dir='ltr'><strong>meo</strong></span> 
     </span>
    </p>
   </div>
   <div class='ocr_carea' id='block_1_49' title="bbox 71 2244 885 2283">
    <p class='ocr_par' dir='ltr' id='par_1_49' title="bbox 71 2244 885 2283">
     <span class='ocr_line' id='line_1_49' title="bbox 71 2244 885 2283; baseline 0.006 -13"><span class='ocrx_word' id='word_1_304' title='bbox 71 2244 202 2274; x_wconf 83' lang='lat' dir='ltr'><strong>Veneticis</strong></span> <span class='ocrx_word' id='word_1_305' title='bbox 231 2246 397 2282; x_wconf 86' lang='lat' dir='ltr'><strong>antiquitus</strong></span> <span class='ocrx_word' id='word_1_306' title='bbox 428 2247 504 2275; x_wconf 83' lang='lat' dir='ltr'><strong>facta</strong></span> <span class='ocrx_word' id='word_1_307' title='bbox 530 2247 706 2283; x_wconf 87' lang='lat' dir='ltr'><strong>chrysobula</strong></span> <span class='ocrx_word' id='word_1_308' title='bbox 734 2255 751 2275; x_wconf 87' lang='lat' dir='ltr'><strong>a</strong></span> <span class='ocrx_word' id='word_1_309' title='bbox 779 2247 885 2282; x_wconf 87' lang='lat' dir='ltr'><strong>sempi-</strong></span> 
     </span>
    </p>
   </div>
   <div class='ocr_carea' id='block_1_50' title="bbox 890 1602 912 1636">
    <p class='ocr_par' dir='ltr' id='par_1_50' title="bbox 890 1602 912 1636">
     <span class='ocr_line' id='line_1_50' title="bbox 890 1602 912 1636; baseline 0 0"><span class='ocrx_word' id='word_1_310' title='bbox 890 1602 912 1636; x_wconf 85' lang='lat' dir='ltr'><strong><em>C</em></strong></span> 
     </span>
    </p>
   </div>
   <div class='ocr_carea' id='block_1_51' title="bbox 935 286 1761 322">
    <p class='ocr_par' dir='ltr' id='par_1_51' title="bbox 935 286 1761 322">
     <span class='ocr_line' id='line_1_51' title="bbox 935 286 1761 322; baseline 0.011 -10"><span class='ocrx_word' id='word_1_311' title='bbox 935 286 1163 321; x_wconf 78' lang='lat' dir='ltr'><strong>deputabuntur.</strong></span> <span class='ocrx_word' id='word_1_312' title='bbox 1193 288 1371 316; x_wconf 82' lang='lat' dir='ltr'><strong>Corroborat</strong></span> <span class='ocrx_word' id='word_1_313' title='bbox 1391 290 1469 318; x_wconf 88' lang='lat' dir='ltr'><strong>enim</strong></span> <span class='ocrx_word' id='word_1_314' title='bbox 1492 293 1520 318; x_wconf 90' lang='lat' dir='ltr'><strong>et</strong></span> <span class='ocrx_word' id='word_1_315' title='bbox 1543 292 1699 320; x_wconf 80' lang='lat' dir='ltr'><strong>conﬁrmat</strong></span> <span class='ocrx_word' id='word_1_316' title='bbox 1727 302 1761 322; x_wconf 87' lang='lat' dir='ltr'><strong>ea</strong></span> 
     </span>
    </p>
   </div>
   <div class='ocr_carea' id='block_1_52' title="bbox 935 330 1758 371">
    <p class='ocr_par' dir='ltr' id='par_1_52' title="bbox 935 330 1758 371">
     <span class='ocr_line' id='line_1_52' title="bbox 935 330 1758 371; baseline 0.01 -14"><span class='ocrx_word' id='word_1_317' title='bbox 935 330 1090 366; x_wconf 87' lang='lat' dir='ltr'><strong>imperium</strong></span> <span class='ocrx_word' id='word_1_318' title='bbox 1108 340 1205 360; x_wconf 90' lang='lat' dir='ltr'><strong>meum</strong></span> <span class='ocrx_word' id='word_1_319' title='bbox 1218 340 1269 367; x_wconf 89' lang='lat' dir='ltr'><strong>per</strong></span> <span class='ocrx_word' id='word_1_320' title='bbox 1278 341 1397 368; x_wconf 86' lang='lat' dir='ltr'><strong>presens</strong></span> <span class='ocrx_word' id='word_1_321' title='bbox 1411 335 1619 371; x_wconf 87' lang='lat' dir='ltr'><strong>chrysobulum</strong></span> <span class='ocrx_word' id='word_1_322' title='bbox 1636 338 1758 366; x_wconf 89' lang='lat' dir='ltr'><strong>verbum</strong></span> 
     </span>
    </p>
   </div>
   <div class='ocr_carea' id='block_1_53' title="bbox 935 376 1759 411">
    <p class='ocr_par' dir='ltr' id='par_1_53' title="bbox 935 376 1759 411">
     <span class='ocr_line' id='line_1_53' title="bbox 935 376 1759 411; baseline 0.012 -10"><span class='ocrx_word' id='word_1_323' title='bbox 935 383 1019 402; x_wconf 90' lang='lat' dir='ltr'><strong>suum</strong></span> <span class='ocrx_word' id='word_1_324' title='bbox 1037 379 1065 402; x_wconf 89' lang='lat' dir='ltr'><strong>et</strong></span> <span class='ocrx_word' id='word_1_325' title='bbox 1087 376 1221 411; x_wconf 82' lang='lat' dir='ltr'><strong>precipit,</strong></span> <span class='ocrx_word' id='word_1_326' title='bbox 1251 386 1299 405; x_wconf 85' lang='lat' dir='ltr'><strong>eos</strong></span> <span class='ocrx_word' id='word_1_327' title='bbox 1324 380 1488 406; x_wconf 81' lang='lat' dir='ltr'><strong>conversari</strong></span> <span class='ocrx_word' id='word_1_328' title='bbox 1517 380 1612 409; x_wconf 85' lang='lat' dir='ltr'><strong>salvos</strong></span> <span class='ocrx_word' id='word_1_329' title='bbox 1637 384 1664 409; x_wconf 89' lang='lat' dir='ltr'><strong>et</strong></span> <span class='ocrx_word' id='word_1_330' title='bbox 1693 382 1759 411; x_wconf 83' lang='lat' dir='ltr'><strong>sine</strong></span> 
     </span>
    </p>
   </div>
   <div class='ocr_carea' id='block_1_54' title="bbox 932 419 1758 462">
    <p class='ocr_par' dir='ltr' id='par_1_54' title="bbox 932 419 1758 462">
     <span class='ocr_line' id='line_1_54' title="bbox 932 419 1758 462; baseline 0.011 -17"><span class='ocrx_word' id='word_1_331' title='bbox 932 419 1036 447; x_wconf 86' lang='lat' dir='ltr'><strong>timore</strong></span> <span class='ocrx_word' id='word_1_332' title='bbox 1052 420 1079 447; x_wconf 94' lang='lat' dir='ltr'><strong>in</strong></span> <span class='ocrx_word' id='word_1_333' title='bbox 1097 421 1233 448; x_wconf 83' lang='lat' dir='ltr'><strong>omnibus</strong></span> <span class='ocrx_word' id='word_1_334' title='bbox 1245 422 1413 457; x_wconf 84' lang='lat' dir='ltr'><strong>regionibus</strong></span> <span class='ocrx_word' id='word_1_335' title='bbox 1429 423 1543 460; x_wconf 90' lang='lat' dir='ltr'><strong>imperii</strong></span> <span class='ocrx_word' id='word_1_336' title='bbox 1561 425 1630 458; x_wconf 84' lang='lat' dir='ltr'><strong>mei,</strong></span> <span class='ocrx_word' id='word_1_337' title='bbox 1647 426 1676 454; x_wconf 91' lang='lat' dir='ltr'><strong>in</strong></span> <span class='ocrx_word' id='word_1_338' title='bbox 1693 435 1758 462; x_wconf 91' lang='lat' dir='ltr'><strong>per-</strong></span> 
     </span>
    </p>
   </div>
   <div class='ocr_carea' id='block_1_55' title="bbox 933 464 1755 501">
    <p class='ocr_par' dir='ltr' id='par_1_55' title="bbox 933 464 1755 501">
     <span class='ocr_line' id='line_1_55' title="bbox 933 464 1755 501; baseline 0.011 -11"><span class='ocrx_word' id='word_1_339' title='bbox 933 464 1014 491; x_wconf 87' lang='lat' dir='ltr'><strong>sonis</strong></span> <span class='ocrx_word' id='word_1_340' title='bbox 1029 467 1056 492; x_wconf 90' lang='lat' dir='ltr'><strong>et</strong></span> <span class='ocrx_word' id='word_1_341' title='bbox 1069 466 1216 499; x_wconf 88' lang='lat' dir='ltr'><strong>peccuniis</strong></span> <span class='ocrx_word' id='word_1_342' title='bbox 1231 475 1344 501; x_wconf 88' lang='lat' dir='ltr'><strong>corum,</strong></span> <span class='ocrx_word' id='word_1_343' title='bbox 1360 469 1420 495; x_wconf 84' lang='lat' dir='ltr'><strong>tam</strong></span> <span class='ocrx_word' id='word_1_344' title='bbox 1435 469 1472 496; x_wconf 89' lang='lat' dir='ltr'><strong>ab</strong></span> <span class='ocrx_word' id='word_1_345' title='bbox 1501 468 1673 498; x_wconf 88' lang='lat' dir='ltr'><strong>hominibus</strong></span> <span class='ocrx_word' id='word_1_346' title='bbox 1699 471 1755 498; x_wconf 90' lang='lat' dir='ltr'><strong>im-</strong></span> 
     </span>
    </p>
   </div>
   <div class='ocr_carea' id='block_1_56' title="bbox 933 509 1755 548">
    <p class='ocr_par' dir='ltr' id='par_1_56' title="bbox 933 509 1755 548">
     <span class='ocr_line' id='line_1_56' title="bbox 933 509 1755 548; baseline 0.011 -14"><span class='ocrx_word' id='word_1_347' title='bbox 933 509 1003 544; x_wconf 86' lang='lat' dir='ltr'><strong>perii</strong></span> <span class='ocrx_word' id='word_1_348' title='bbox 1017 509 1083 544; x_wconf 86' lang='lat' dir='ltr'><strong>mei,</strong></span> <span class='ocrx_word' id='word_1_349' title='bbox 1100 517 1188 544; x_wconf 86' lang='lat' dir='ltr'><strong>quam</strong></span> <span class='ocrx_word' id='word_1_350' title='bbox 1216 513 1244 537; x_wconf 78' lang='lat' dir='ltr'><strong>et</strong></span> <span class='ocrx_word' id='word_1_351' title='bbox 1265 511 1301 539; x_wconf 88' lang='lat' dir='ltr'><strong>ab</strong></span> <span class='ocrx_word' id='word_1_352' title='bbox 1317 512 1380 547; x_wconf 90' lang='lat' dir='ltr'><strong>ipso</strong></span> <span class='ocrx_word' id='word_1_353' title='bbox 1395 512 1517 548; x_wconf 88' lang='lat' dir='ltr'><strong>imperio</strong></span> <span class='ocrx_word' id='word_1_354' title='bbox 1542 522 1616 548; x_wconf 88' lang='lat' dir='ltr'><strong>meo,</strong></span> <span class='ocrx_word' id='word_1_355' title='bbox 1648 515 1755 543; x_wconf 83' lang='lat' dir='ltr'><strong>habere</strong></span> 
     </span>
    </p>
   </div>
   <div class='ocr_carea' id='block_1_57' title="bbox 932 553 1754 593">
    <p class='ocr_par' dir='ltr' id='par_1_57' title="bbox 932 553 1754 593">
     <span class='ocr_line' id='line_1_57' title="bbox 932 553 1754 593; baseline 0.011 -14"><span class='ocrx_word' id='word_1_356' title='bbox 932 561 1046 588; x_wconf 83' lang='lat' dir='ltr'><strong>quoque</strong></span> <span class='ocrx_word' id='word_1_357' title='bbox 1061 553 1140 589; x_wconf 89' lang='lat' dir='ltr'><strong>ipsos</strong></span> <span class='ocrx_word' id='word_1_358' title='bbox 1156 557 1184 582; x_wconf 88' lang='lat' dir='ltr'><strong>et</strong></span> <span class='ocrx_word' id='word_1_359' title='bbox 1196 555 1295 583; x_wconf 85' lang='lat' dir='ltr'><strong>omnia</strong></span> <span class='ocrx_word' id='word_1_360' title='bbox 1310 558 1489 590; x_wconf 77' lang='lat' dir='ltr'><strong>tenumenta,</strong></span> <span class='ocrx_word' id='word_1_361' title='bbox 1519 566 1575 593; x_wconf 90' lang='lat' dir='ltr'><strong>que</strong></span> <span class='ocrx_word' id='word_1_362' title='bbox 1605 559 1754 588; x_wconf 87' lang='lat' dir='ltr'><strong>habebant</strong></span> 
     </span>
    </p>
   </div>
   <div class='ocr_carea' id='block_1_58' title="bbox 930 599 1752 638">
    <p class='ocr_par' dir='ltr' id='par_1_58' title="bbox 930 599 1752 638">
     <span class='ocr_line' id='line_1_58' title="bbox 930 599 1752 638; baseline 0.011 -14"><span class='ocrx_word' id='word_1_363' title='bbox 930 599 1061 633; x_wconf 87' lang='lat' dir='ltr'><strong>tempore</strong></span> <span class='ocrx_word' id='word_1_364' title='bbox 1077 607 1165 634; x_wconf 86' lang='lat' dir='ltr'><strong>super</strong></span> <span class='ocrx_word' id='word_1_365' title='bbox 1179 607 1227 627; x_wconf 88' lang='lat' dir='ltr'><strong>eos</strong></span> <span class='ocrx_word' id='word_1_366' title='bbox 1242 601 1436 635; x_wconf 87' lang='lat' dir='ltr'><strong>prevenientis</strong></span> <span class='ocrx_word' id='word_1_367' title='bbox 1453 602 1494 629; x_wconf 90' lang='lat' dir='ltr'><strong>ire</strong></span> <span class='ocrx_word' id='word_1_368' title='bbox 1511 611 1627 638; x_wconf 89' lang='lat' dir='ltr'><strong>semper</strong></span> <span class='ocrx_word' id='word_1_369' title='bbox 1642 612 1752 632; x_wconf 87' lang='lat' dir='ltr'><strong>memo-</strong></span> 
     </span>
    </p>
   </div>
   <div class='ocr_carea' id='block_1_59' title="bbox 930 642 1753 681">
    <p class='ocr_par' dir='ltr' id='par_1_59' title="bbox 930 642 1753 681">
     <span class='ocr_line' id='line_1_59' title="bbox 930 642 1753 681; baseline 0.01 -13"><span class='ocrx_word' id='word_1_370' title='bbox 930 642 1013 669; x_wconf 86' lang='lat' dir='ltr'><strong>randi</strong></span> <span class='ocrx_word' id='word_1_371' title='bbox 1030 642 1215 678; x_wconf 87' lang='lat' dir='ltr'><strong>imperatoris</strong></span> <span class='ocrx_word' id='word_1_372' title='bbox 1230 645 1327 680; x_wconf 80' lang='lat' dir='ltr'><strong>patrui</strong></span> <span class='ocrx_word' id='word_1_373' title='bbox 1342 645 1457 681; x_wconf 88' lang='lat' dir='ltr'><strong>imperii</strong></span> <span class='ocrx_word' id='word_1_374' title='bbox 1473 647 1541 680; x_wconf 90' lang='lat' dir='ltr'><strong>mei,</strong></span> <span class='ocrx_word' id='word_1_375' title='bbox 1554 647 1665 675; x_wconf 90' lang='lat' dir='ltr'><strong>domini</strong></span> <span class='ocrx_word' id='word_1_376' title='bbox 1692 649 1753 677; x_wconf 77' lang='lat' dir='ltr'><strong>Ma-</strong></span> 
     </span>
    </p>
   </div>
   <div class='ocr_carea' id='block_1_60' title="bbox 930 686 1752 728">
    <p class='ocr_par' dir='ltr' id='par_1_60' title="bbox 930 686 1752 728">
     <span class='ocr_line' id='line_1_60' title="bbox 930 686 1752 728; baseline 0.01 -15"><span class='ocrx_word' id='word_1_377' title='bbox 930 686 1026 714; x_wconf 90' lang='lat' dir='ltr'><strong>nuelis</strong></span> <span class='ocrx_word' id='word_1_378' title='bbox 1040 688 1190 715; x_wconf 84' lang='lat' dir='ltr'><strong>Gomnani.</strong></span> <span class='ocrx_word' id='word_1_379' title='bbox 1206 691 1240 716; x_wconf 86' lang='lat' dir='ltr'><strong>Et</strong></span> <span class='ocrx_word' id='word_1_380' title='bbox 1259 689 1283 716; x_wconf 91' lang='lat' dir='ltr'><strong>si</strong></span> <span class='ocrx_word' id='word_1_381' title='bbox 1298 690 1334 717; x_wconf 93' lang='lat' dir='ltr'><strong>ob</strong></span> <span class='ocrx_word' id='word_1_382' title='bbox 1348 690 1509 720; x_wconf 89' lang='lat' dir='ltr'><strong>servitium.</strong></span> <span class='ocrx_word' id='word_1_383' title='bbox 1526 693 1602 727; x_wconf 82' lang='lat' dir='ltr'><strong>quod</strong></span> <span class='ocrx_word' id='word_1_384' title='bbox 1629 693 1752 728; x_wconf 89' lang='lat' dir='ltr'><strong>imperio</strong></span> 
     </span>
    </p>
   </div>
   <div class='ocr_carea' id='block_1_61' title="bbox 930 731 1753 773">
    <p class='ocr_par' dir='ltr' id='par_1_61' title="bbox 930 731 1753 773">
     <span class='ocr_line' id='line_1_61' title="bbox 930 731 1753 773; baseline 0.01 -16"><span class='ocrx_word' id='word_1_385' title='bbox 930 739 994 758; x_wconf 87' lang='lat' dir='ltr'><strong>meo</strong></span> <span class='ocrx_word' id='word_1_386' title='bbox 1010 731 1129 759; x_wconf 85' lang='lat' dir='ltr'><strong>fecerint</strong></span> <span class='ocrx_word' id='word_1_387' title='bbox 1152 732 1196 759; x_wconf 89' lang='lat' dir='ltr'><strong>vel</strong></span> <span class='ocrx_word' id='word_1_388' title='bbox 1221 733 1420 768; x_wconf 87' lang='lat' dir='ltr'><strong>imperaturis,</strong></span> <span class='ocrx_word' id='word_1_389' title='bbox 1447 738 1534 770; x_wconf 90' lang='lat' dir='ltr'><strong>prout</strong></span> <span class='ocrx_word' id='word_1_390' title='bbox 1557 736 1586 763; x_wconf 90' lang='lat' dir='ltr'><strong>in</strong></span> <span class='ocrx_word' id='word_1_391' title='bbox 1616 737 1753 773; x_wconf 86' lang='lat' dir='ltr'><strong>superius</strong></span> 
     </span>
    </p>
   </div>
   <div class='ocr_carea' id='block_1_62' title="bbox 929 775 1749 816">
    <p class='ocr_par' dir='ltr' id='par_1_62' title="bbox 929 775 1749 816">
     <span class='ocr_line' id='line_1_62' title="bbox 929 775 1749 816; baseline 0.01 -14"><span class='ocrx_word' id='word_1_392' title='bbox 929 775 1178 811; x_wconf 88' lang='lat' dir='ltr'><strong>ordinato_scriplo</strong></span> <span class='ocrx_word' id='word_1_393' title='bbox 1185 777 1350 813; x_wconf 83' lang='lat' dir='ltr'><strong>legatorum</strong></span> <span class='ocrx_word' id='word_1_394' title='bbox 1362 779 1565 807; x_wconf 88' lang='lat' dir='ltr'><strong>Veneticorum</strong></span> <span class='ocrx_word' id='word_1_395' title='bbox 1573 780 1749 816; x_wconf 88' lang='lat' dir='ltr'><strong>declaratur,</strong></span> 
     </span>
    </p>
   </div>
   <div class='ocr_carea' id='block_1_63' title="bbox 928 820 1749 862">
    <p class='ocr_par' dir='ltr' id='par_1_63' title="bbox 928 820 1749 862">
     <span class='ocr_line' id='line_1_63' title="bbox 928 820 1749 862; baseline 0.006 -13"><span class='ocrx_word' id='word_1_396' title='bbox 928 823 956 849; x_wconf 81' lang='lat' dir='ltr'><strong>et</strong></span> <span class='ocrx_word' id='word_1_397' title='bbox 970 820 994 847; x_wconf 89' lang='lat' dir='ltr'><strong>si</strong></span> <span class='ocrx_word' id='word_1_398' title='bbox 1012 822 1260 856; x_wconf 85' lang='lat' dir='ltr'><strong>superveneriteis</strong></span> <span class='ocrx_word' id='word_1_399' title='bbox 1276 831 1292 849; x_wconf 88' lang='lat' dir='ltr'><strong>a</strong></span> <span class='ocrx_word' id='word_1_400' title='bbox 1306 825 1442 851; x_wconf 82' lang='lat' dir='ltr'><strong>coronato</strong></span> <span class='ocrx_word' id='word_1_401' title='bbox 1458 825 1631 859; x_wconf 76' lang='lat' dir='ltr'><strong>personavel</strong></span> <span class='ocrx_word' id='word_1_402' title='bbox 1641 834 1749 862; x_wconf 85' lang='lat' dir='ltr'><strong>magna</strong></span> 
     </span>
    </p>
   </div>
   <div class='ocr_carea' id='block_1_64' title="bbox 928 866 1750 908">
    <p class='ocr_par' dir='ltr' id='par_1_64' title="bbox 928 866 1750 908">
     <span class='ocr_line' id='line_1_64' title="bbox 928 866 1750 908; baseline 0.009 -16"><span class='ocrx_word' id='word_1_403' title='bbox 928 867 1014 908; x_wconf 64' lang='lat' dir='ltr'><strong>gente</strong></span> <span class='ocrx_word' id='word_1_404' title='bbox 1029 873 1145 901; x_wconf 83' lang='lat' dir='ltr'><strong>guerra,</strong></span> <span class='ocrx_word' id='word_1_405' title='bbox 1161 866 1247 894; x_wconf 88' lang='lat' dir='ltr'><strong>debet</strong></span> <span class='ocrx_word' id='word_1_406' title='bbox 1258 867 1417 903; x_wconf 90' lang='lat' dir='ltr'><strong>imperium</strong></span> <span class='ocrx_word' id='word_1_407' title='bbox 1433 876 1531 896; x_wconf 86' lang='lat' dir='ltr'><strong>meum</strong></span> <span class='ocrx_word' id='word_1_408' title='bbox 1547 869 1590 897; x_wconf 89' lang='lat' dir='ltr'><strong>vel</strong></span> <span class='ocrx_word' id='word_1_409' title='bbox 1609 878 1658 905; x_wconf 89' lang='lat' dir='ltr'><strong>per</strong></span> <span class='ocrx_word' id='word_1_410' title='bbox 1673 872 1750 899; x_wconf 88' lang='lat' dir='ltr'><strong>tem-</strong></span> 
     </span>
    </p>
   </div>
   <div class='ocr_carea' id='block_1_65' title="bbox 929 909 1752 948">
    <p class='ocr_par' dir='ltr' id='par_1_65' title="bbox 929 909 1752 948">
     <span class='ocr_line' id='line_1_65' title="bbox 929 909 1752 948; baseline 0.009 -12"><span class='ocrx_word' id='word_1_411' title='bbox 929 917 999 944; x_wconf 86' lang='lat' dir='ltr'><strong>pora</strong></span> <span class='ocrx_word' id='word_1_412' title='bbox 1013 909 1196 945; x_wconf 84' lang='lat' dir='ltr'><strong>imperaturi,</strong></span> <span class='ocrx_word' id='word_1_413' title='bbox 1213 911 1290 938; x_wconf 87' lang='lat' dir='ltr'><strong>sicut</strong></span> <span class='ocrx_word' id='word_1_414' title='bbox 1300 911 1328 938; x_wconf 92' lang='lat' dir='ltr'><strong>in</strong></span> <span class='ocrx_word' id='word_1_415' title='bbox 1341 911 1406 948; x_wconf 87' lang='lat' dir='ltr'><strong>ipsa</strong></span> <span class='ocrx_word' id='word_1_416' title='bbox 1421 913 1612 941; x_wconf 88' lang='lat' dir='ltr'><strong>conventione</strong></span> <span class='ocrx_word' id='word_1_417' title='bbox 1623 915 1752 943; x_wconf 87' lang='lat' dir='ltr'><strong>declara-</strong></span> 
     </span>
    </p>
   </div>
   <div class='ocr_carea' id='block_1_66' title="bbox 926 954 1752 992">
    <p class='ocr_par' dir='ltr' id='par_1_66' title="bbox 926 954 1752 992">
     <span class='ocr_line' id='line_1_66' title="bbox 926 954 1752 992; baseline 0.008 -12"><span class='ocrx_word' id='word_1_418' title='bbox 926 957 984 988; x_wconf 85' lang='lat' dir='ltr'><strong>tur,</strong></span> <span class='ocrx_word' id='word_1_419' title='bbox 1000 962 1049 981; x_wconf 88' lang='lat' dir='ltr'><strong>eos</strong></span> <span class='ocrx_word' id='word_1_420' title='bbox 1065 954 1214 990; x_wconf 86' lang='lat' dir='ltr'><strong>adjuvare,</strong></span> <span class='ocrx_word' id='word_1_421' title='bbox 1227 957 1313 991; x_wconf 87' lang='lat' dir='ltr'><strong>prout</strong></span> <span class='ocrx_word' id='word_1_422' title='bbox 1325 956 1442 985; x_wconf 86' lang='lat' dir='ltr'><strong>deberet</strong></span> <span class='ocrx_word' id='word_1_423' title='bbox 1457 957 1595 992; x_wconf 85' lang='lat' dir='ltr'><strong>adjuvare</strong></span> <span class='ocrx_word' id='word_1_424' title='bbox 1612 967 1700 987; x_wconf 89' lang='lat' dir='ltr'><strong>unam</strong></span> <span class='ocrx_word' id='word_1_425' title='bbox 1716 960 1752 987; x_wconf 90' lang='lat' dir='ltr'><strong>de</strong></span> 
     </span>
    </p>
   </div>
   <div class='ocr_carea' id='block_1_67' title="bbox 926 998 1750 1038">
    <p class='ocr_par' dir='ltr' id='par_1_67' title="bbox 926 998 1750 1038">
     <span class='ocr_line' id='line_1_67' title="bbox 926 998 1750 1038; baseline 0.006 -13"><span class='ocrx_word' id='word_1_426' title='bbox 926 998 1040 1033; x_wconf 84' lang='lat' dir='ltr'><strong>magnis</strong></span> <span class='ocrx_word' id='word_1_427' title='bbox 1050 998 1215 1027; x_wconf 84' lang='lat' dir='ltr'><strong>civitatibus</strong></span> <span class='ocrx_word' id='word_1_428' title='bbox 1230 1000 1542 1036; x_wconf 81' lang='lat' dir='ltr'><strong>Romanie.lnsuper,si</strong></span> <span class='ocrx_word' id='word_1_429' title='bbox 1555 1004 1582 1029; x_wconf 87' lang='lat' dir='ltr'><strong>et</strong></span> <span class='ocrx_word' id='word_1_430' title='bbox 1592 1002 1750 1038; x_wconf 90' lang='lat' dir='ltr'><strong>imperium</strong></span> 
     </span>
    </p>
   </div>
   <div class='ocr_carea' id='block_1_68' title="bbox 927 1043 1750 1082">
    <p class='ocr_par' dir='ltr' id='par_1_68' title="bbox 927 1043 1750 1082">
     <span class='ocr_line' id='line_1_68' title="bbox 927 1043 1750 1082; baseline 0.007 -13"><span class='ocrx_word' id='word_1_431' title='bbox 927 1050 1026 1070; x_wconf 88' lang='lat' dir='ltr'><strong>meum</strong></span> <span class='ocrx_word' id='word_1_432' title='bbox 1042 1044 1092 1070; x_wconf 84' lang='lat' dir='ltr'><strong>aut</strong></span> <span class='ocrx_word' id='word_1_433' title='bbox 1108 1043 1277 1078; x_wconf 88' lang='lat' dir='ltr'><strong>imperaturi</strong></span> <span class='ocrx_word' id='word_1_434' title='bbox 1294 1044 1394 1072; x_wconf 87' lang='lat' dir='ltr'><strong>fecerit</strong></span> <span class='ocrx_word' id='word_1_435' title='bbox 1410 1053 1538 1073; x_wconf 85' lang='lat' dir='ltr'><strong>amorem</strong></span> <span class='ocrx_word' id='word_1_436' title='bbox 1550 1048 1601 1074; x_wconf 89' lang='lat' dir='ltr'><strong>aut</strong></span> <span class='ocrx_word' id='word_1_437' title='bbox 1615 1049 1750 1082; x_wconf 86' lang='lat' dir='ltr'><strong>treguem</strong></span> 
     </span>
    </p>
   </div>
   <div class='ocr_carea' id='block_1_69' title="bbox 927 1086 1752 1125">
    <p class='ocr_par' dir='ltr' id='par_1_69' title="bbox 927 1086 1752 1125">
     <span class='ocr_line' id='line_1_69' title="bbox 927 1086 1752 1125; baseline 0.006 -11"><span class='ocrx_word' id='word_1_438' title='bbox 927 1095 994 1115; x_wconf 92' lang='lat' dir='ltr'><strong>cum</strong></span> <span class='ocrx_word' id='word_1_439' title='bbox 1011 1086 1107 1123; x_wconf 89' lang='lat' dir='ltr'><strong>aliquo</strong></span> <span class='ocrx_word' id='word_1_440' title='bbox 1124 1087 1253 1121; x_wconf 89' lang='lat' dir='ltr'><strong>inimico,</strong></span> <span class='ocrx_word' id='word_1_441' title='bbox 1268 1091 1369 1116; x_wconf 89' lang='lat' dir='ltr'><strong>contra</strong></span> <span class='ocrx_word' id='word_1_442' title='bbox 1384 1090 1479 1125; x_wconf 80' lang='lat' dir='ltr'><strong>Iquem</strong></span> <span class='ocrx_word' id='word_1_443' title='bbox 1513 1090 1666 1119; x_wconf 82' lang='lat' dir='ltr'><strong>servierint</strong></span> <span class='ocrx_word' id='word_1_444' title='bbox 1693 1092 1752 1119; x_wconf 90' lang='lat' dir='ltr'><strong>im-</strong></span> 
     </span>
    </p>
   </div>
   <div class='ocr_carea' id='block_1_70' title="bbox 927 1132 1753 1169">
    <p class='ocr_par' dir='ltr' id='par_1_70' title="bbox 927 1132 1753 1169">
     <span class='ocr_line' id='line_1_70' title="bbox 927 1132 1753 1169; baseline 0.007 -11"><span class='ocrx_word' id='word_1_445' title='bbox 927 1132 1006 1166; x_wconf 89' lang='lat' dir='ltr'><strong>perio</strong></span> <span class='ocrx_word' id='word_1_446' title='bbox 1022 1134 1132 1166; x_wconf 89' lang='lat' dir='ltr'><strong>nostro,</strong></span> <span class='ocrx_word' id='word_1_447' title='bbox 1146 1132 1230 1160; x_wconf 83' lang='lat' dir='ltr'><strong>debet</strong></span> <span class='ocrx_word' id='word_1_448' title='bbox 1246 1133 1403 1169; x_wconf 83' lang='lat' dir='ltr'><strong>imperium</strong></span> <span class='ocrx_word' id='word_1_449' title='bbox 1428 1137 1562 1162; x_wconf 89' lang='lat' dir='ltr'><strong>nostrum</strong></span> <span class='ocrx_word' id='word_1_450' title='bbox 1589 1144 1639 1164; x_wconf 89' lang='lat' dir='ltr'><strong>eos</strong></span> <span class='ocrx_word' id='word_1_451' title='bbox 1666 1135 1753 1164; x_wconf 85' lang='lat' dir='ltr'><strong>indu-</strong></span> 
     </span>
    </p>
   </div>
   <div class='ocr_carea' id='block_1_71' title="bbox 927 1176 1606 1215">
    <p class='ocr_par' dir='ltr' id='par_1_71' title="bbox 927 1176 1606 1215">
     <span class='ocr_line' id='line_1_71' title="bbox 927 1176 1606 1215; baseline 0.006 -12"><span class='ocrx_word' id='word_1_452' title='bbox 927 1184 991 1204; x_wconf 87' lang='lat' dir='ltr'><strong>cere</strong></span> <span class='ocrx_word' id='word_1_453' title='bbox 1008 1177 1037 1203; x_wconf 90' lang='lat' dir='ltr'><strong>in</strong></span> <span class='ocrx_word' id='word_1_454' title='bbox 1052 1177 1140 1204; x_wconf 86' lang='lat' dir='ltr'><strong>talem</strong></span> <span class='ocrx_word' id='word_1_455' title='bbox 1155 1176 1238 1204; x_wconf 90' lang='lat' dir='ltr'><strong>illum</strong></span> <span class='ocrx_word' id='word_1_456' title='bbox 1256 1185 1384 1205; x_wconf 89' lang='lat' dir='ltr'><strong>amorem</strong></span> <span class='ocrx_word' id='word_1_457' title='bbox 1402 1178 1445 1206; x_wconf 92' lang='lat' dir='ltr'><strong>vel</strong></span> <span class='ocrx_word' id='word_1_458' title='bbox 1462 1181 1606 1215; x_wconf 83' lang='lat' dir='ltr'><strong>treguam.</strong></span> 
     </span>
    </p>
   </div>
   <div class='ocr_carea' id='block_1_72' title="bbox 963 1221 1750 1253">
    <p class='ocr_par' dir='ltr' id='par_1_72' title="bbox 963 1221 1750 1253">
     <span class='ocr_line' id='line_1_72' title="bbox 963 1221 1750 1253; baseline 0.008 -6"><span class='ocrx_word' id='word_1_459' title='bbox 963 1221 1149 1248; x_wconf 89' lang='lat' dir='ltr'><strong>Promittitet</strong></span> <span class='ocrx_word' id='word_1_460' title='bbox 1164 1221 1207 1248; x_wconf 87' lang='lat' dir='ltr'><strong>eis</strong></span> <span class='ocrx_word' id='word_1_461' title='bbox 1237 1221 1388 1250; x_wconf 85' lang='lat' dir='ltr'><strong>licentiam</strong></span> <span class='ocrx_word' id='word_1_462' title='bbox 1417 1223 1525 1251; x_wconf 88' lang='lat' dir='ltr'><strong>habere</strong></span> <span class='ocrx_word' id='word_1_463' title='bbox 1551 1224 1579 1251; x_wconf 92' lang='lat' dir='ltr'><strong>in</strong></span> <span class='ocrx_word' id='word_1_464' title='bbox 1611 1225 1750 1253; x_wconf 85' lang='lat' dir='ltr'><strong>omnibus</strong></span> 
     </span>
    </p>
   </div>
   <div class='ocr_carea' id='block_1_73' title="bbox 927 1265 1753 1304">
    <p class='ocr_par' dir='ltr' id='par_1_73' title="bbox 927 1265 1753 1304">
     <span class='ocr_line' id='line_1_73' title="bbox 927 1265 1753 1304; baseline 0.006 -12"><span class='ocrx_word' id='word_1_465' title='bbox 927 1265 1095 1301; x_wconf 81' lang='lat' dir='ltr'><strong>regionibus</strong></span> <span class='ocrx_word' id='word_1_466' title='bbox 1111 1265 1226 1300; x_wconf 89' lang='lat' dir='ltr'><strong>imperii</strong></span> <span class='ocrx_word' id='word_1_467' title='bbox 1243 1266 1312 1300; x_wconf 89' lang='lat' dir='ltr'><strong>mei,</strong></span> <span class='ocrx_word' id='word_1_468' title='bbox 1328 1269 1389 1294; x_wconf 87' lang='lat' dir='ltr'><strong>tam</strong></span> <span class='ocrx_word' id='word_1_469' title='bbox 1418 1267 1448 1294; x_wconf 93' lang='lat' dir='ltr'><strong>in</strong></span> <span class='ocrx_word' id='word_1_470' title='bbox 1476 1267 1544 1303; x_wconf 85' lang='lat' dir='ltr'><strong>hiis,</strong></span> <span class='ocrx_word' id='word_1_471' title='bbox 1573 1276 1630 1304; x_wconf 88' lang='lat' dir='ltr'><strong>que</strong></span> <span class='ocrx_word' id='word_1_472' title='bbox 1655 1270 1753 1297; x_wconf 87' lang='lat' dir='ltr'><strong>circha</strong></span> 
     </span>
    </p>
   </div>
   <div class='ocr_carea' id='block_1_74' title="bbox 927 1309 1752 1346">
    <p class='ocr_par' dir='ltr' id='par_1_74' title="bbox 927 1309 1752 1346">
     <span class='ocr_line' id='line_1_74' title="bbox 927 1309 1752 1346; baseline 0.007 -10"><span class='ocrx_word' id='word_1_473' title='bbox 927 1309 998 1337; x_wconf 87' lang='lat' dir='ltr'><strong>litus</strong></span> <span class='ocrx_word' id='word_1_474' title='bbox 1013 1312 1092 1343; x_wconf 87' lang='lat' dir='ltr'><strong>sunt,</strong></span> <span class='ocrx_word' id='word_1_475' title='bbox 1109 1318 1197 1344; x_wconf 88' lang='lat' dir='ltr'><strong>quam</strong></span> <span class='ocrx_word' id='word_1_476' title='bbox 1213 1312 1242 1337; x_wconf 90' lang='lat' dir='ltr'><strong>et</strong></span> <span class='ocrx_word' id='word_1_477' title='bbox 1253 1310 1280 1337; x_wconf 93' lang='lat' dir='ltr'><strong>in</strong></span> <span class='ocrx_word' id='word_1_478' title='bbox 1295 1310 1363 1342; x_wconf 89' lang='lat' dir='ltr'><strong>hiis,</strong></span> <span class='ocrx_word' id='word_1_479' title='bbox 1379 1319 1435 1346; x_wconf 90' lang='lat' dir='ltr'><strong>que</strong></span> <span class='ocrx_word' id='word_1_480' title='bbox 1452 1312 1529 1340; x_wconf 86' lang='lat' dir='ltr'><strong>infra</strong></span> <span class='ocrx_word' id='word_1_481' title='bbox 1543 1314 1663 1346; x_wconf 85' lang='lat' dir='ltr'><strong>terram,</strong></span> <span class='ocrx_word' id='word_1_482' title='bbox 1680 1314 1752 1342; x_wconf 87' lang='lat' dir='ltr'><strong>etin</strong></span> 
     </span>
    </p>
   </div>
   <div class='ocr_carea' id='block_1_75' title="bbox 927 1353 1755 1395">
    <p class='ocr_par' dir='ltr' id='par_1_75' title="bbox 927 1353 1755 1395">
     <span class='ocr_line' id='line_1_75' title="bbox 927 1353 1755 1395; baseline 0.008 -15"><span class='ocrx_word' id='word_1_483' title='bbox 927 1354 1001 1390; x_wconf 81' lang='lat' dir='ltr'><strong>ipsis</strong></span> <span class='ocrx_word' id='word_1_484' title='bbox 1014 1353 1162 1387; x_wconf 86' lang='lat' dir='ltr'><strong>insulis,et</strong></span> <span class='ocrx_word' id='word_1_485' title='bbox 1175 1354 1348 1390; x_wconf 87' lang='lat' dir='ltr'><strong>simpliciter</strong></span> <span class='ocrx_word' id='word_1_486' title='bbox 1357 1356 1386 1383; x_wconf 91' lang='lat' dir='ltr'><strong>in</strong></span> <span class='ocrx_word' id='word_1_487' title='bbox 1402 1357 1540 1385; x_wconf 89' lang='lat' dir='ltr'><strong>omnibus</strong></span> <span class='ocrx_word' id='word_1_488' title='bbox 1551 1358 1755 1395; x_wconf 85' lang='lat' dir='ltr'><strong>partibus,que</strong></span> 
     </span>
    </p>
   </div>
   <div class='ocr_carea' id='block_1_76' title="bbox 928 1399 1753 1437">
    <p class='ocr_par' dir='ltr' id='par_1_76' title="bbox 928 1399 1753 1437">
     <span class='ocr_line' id='line_1_76' title="bbox 928 1399 1753 1437; baseline 0.006 -11"><span class='ocrx_word' id='word_1_489' title='bbox 928 1399 983 1427; x_wconf 87' lang='lat' dir='ltr'><strong>sub</strong></span> <span class='ocrx_word' id='word_1_490' title='bbox 994 1401 1138 1434; x_wconf 86' lang='lat' dir='ltr'><strong>potestate</strong></span> <span class='ocrx_word' id='word_1_491' title='bbox 1149 1401 1247 1427; x_wconf 87' lang='lat' dir='ltr'><strong>nostre</strong></span> <span class='ocrx_word' id='word_1_492' title='bbox 1261 1399 1307 1435; x_wconf 87' lang='lat' dir='ltr'><strong>pie</strong></span> <span class='ocrx_word' id='word_1_493' title='bbox 1317 1402 1388 1428; x_wconf 90' lang='lat' dir='ltr'><strong>sunt</strong></span> <span class='ocrx_word' id='word_1_494' title='bbox 1398 1401 1753 1437; x_wconf 84' lang='lat' dir='ltr'><strong>tranquillitatis,omnem</strong></span> 
     </span>
    </p>
   </div>
   <div class='ocr_carea' id='block_1_77' title="bbox 930 1443 1754 1482">
    <p class='ocr_par' dir='ltr' id='par_1_77' title="bbox 930 1443 1754 1482">
     <span class='ocr_line' id='line_1_77' title="bbox 930 1443 1754 1482; baseline 0.007 -12"><span class='ocrx_word' id='word_1_495' title='bbox 930 1443 1138 1479; x_wconf 86' lang='lat' dir='ltr'><strong>mercationem</strong></span> <span class='ocrx_word' id='word_1_496' title='bbox 1168 1451 1310 1478; x_wconf 83' lang='lat' dir='ltr'><strong>exercere,</strong></span> <span class='ocrx_word' id='word_1_497' title='bbox 1339 1447 1368 1471; x_wconf 86' lang='lat' dir='ltr'><strong>et</strong></span> <span class='ocrx_word' id='word_1_498' title='bbox 1396 1453 1492 1474; x_wconf 89' lang='lat' dir='ltr'><strong>emere</strong></span> <span class='ocrx_word' id='word_1_499' title='bbox 1520 1448 1608 1482; x_wconf 88' lang='lat' dir='ltr'><strong>atque</strong></span> <span class='ocrx_word' id='word_1_500' title='bbox 1628 1448 1754 1476; x_wconf 88' lang='lat' dir='ltr'><strong>vendere</strong></span> 
     </span>
    </p>
   </div>
   <div class='ocr_carea' id='block_1_78' title="bbox 930 1487 1755 1526">
    <p class='ocr_par' dir='ltr' id='par_1_78' title="bbox 930 1487 1755 1526">
     <span class='ocr_line' id='line_1_78' title="bbox 930 1487 1755 1526; baseline 0.006 -11"><span class='ocrx_word' id='word_1_501' title='bbox 930 1495 1047 1516; x_wconf 88' lang='lat' dir='ltr'><strong>omnem</strong></span> <span class='ocrx_word' id='word_1_502' title='bbox 1063 1488 1188 1523; x_wconf 84' lang='lat' dir='ltr'><strong>speciem</strong></span> <span class='ocrx_word' id='word_1_503' title='bbox 1205 1487 1234 1515; x_wconf 89' lang='lat' dir='ltr'><strong>in</strong></span> <span class='ocrx_word' id='word_1_504' title='bbox 1251 1488 1419 1524; x_wconf 84' lang='lat' dir='ltr'><strong>regionibus</strong></span> <span class='ocrx_word' id='word_1_505' title='bbox 1435 1489 1549 1526; x_wconf 90' lang='lat' dir='ltr'><strong>imperii</strong></span> <span class='ocrx_word' id='word_1_506' title='bbox 1565 1491 1621 1518; x_wconf 90' lang='lat' dir='ltr'><strong>mei</strong></span> <span class='ocrx_word' id='word_1_507' title='bbox 1635 1500 1755 1520; x_wconf 85' lang='lat' dir='ltr'><strong>nascen-</strong></span> 
     </span>
    </p>
   </div>
   <div class='ocr_carea' id='block_1_79' title="bbox 929 1532 1756 1572">
    <p class='ocr_par' dir='ltr' id='par_1_79' title="bbox 929 1532 1756 1572">
     <span class='ocr_line' id='line_1_79' title="bbox 929 1532 1756 1572; baseline 0.005 -12"><span class='ocrx_word' id='word_1_508' title='bbox 929 1534 1000 1564; x_wconf 86' lang='lat' dir='ltr'><strong>tem,</strong></span> <span class='ocrx_word' id='word_1_509' title='bbox 1015 1534 1044 1560; x_wconf 88' lang='lat' dir='ltr'><strong>et</strong></span> <span class='ocrx_word' id='word_1_510' title='bbox 1059 1541 1093 1560; x_wconf 86' lang='lat' dir='ltr'><strong>ex</strong></span> <span class='ocrx_word' id='word_1_511' title='bbox 1109 1532 1174 1560; x_wconf 89' lang='lat' dir='ltr'><strong>aliis</strong></span> <span class='ocrx_word' id='word_1_512' title='bbox 1191 1532 1358 1567; x_wconf 68' lang='lat' dir='ltr'><strong>regionibus</strong></span> <span class='ocrx_word' id='word_1_513' title='bbox 1373 1533 1402 1561; x_wconf 90' lang='lat' dir='ltr'><strong>in</strong></span> <span class='ocrx_word' id='word_1_514' title='bbox 1417 1542 1467 1562; x_wconf 87' lang='lat' dir='ltr'><strong>eas</strong></span> <span class='ocrx_word' id='word_1_515' title='bbox 1483 1534 1600 1562; x_wconf 83' lang='lat' dir='ltr'><strong>allatam</strong></span> <span class='ocrx_word' id='word_1_516' title='bbox 1621 1535 1681 1564; x_wconf 84' lang='lat' dir='ltr'><strong>sive</strong></span> <span class='ocrx_word' id='word_1_517' title='bbox 1704 1544 1756 1572; x_wconf 85' lang='lat' dir='ltr'><strong>per</strong></span> 
     </span>
    </p>
   </div>
   <div class='ocr_carea' id='block_1_80' title="bbox 932 1577 1757 1616">
    <p class='ocr_par' dir='ltr' id='par_1_80' title="bbox 932 1577 1757 1616">
     <span class='ocr_line' id='line_1_80' title="bbox 932 1577 1757 1616; baseline 0.006 -13"><span class='ocrx_word' id='word_1_518' title='bbox 932 1585 1020 1604; x_wconf 84' lang='lat' dir='ltr'><strong>naves</strong></span> <span class='ocrx_word' id='word_1_519' title='bbox 1035 1585 1087 1612; x_wconf 88' lang='lat' dir='ltr'><strong>per</strong></span> <span class='ocrx_word' id='word_1_520' title='bbox 1101 1584 1193 1610; x_wconf 80' lang='lat' dir='ltr'><strong>mare,</strong></span> <span class='ocrx_word' id='word_1_521' title='bbox 1210 1577 1270 1604; x_wconf 85' lang='lat' dir='ltr'><strong>sive</strong></span> <span class='ocrx_word' id='word_1_522' title='bbox 1287 1585 1338 1612; x_wconf 92' lang='lat' dir='ltr'><strong>per</strong></span> <span class='ocrx_word' id='word_1_523' title='bbox 1352 1578 1480 1605; x_wconf 85' lang='lat' dir='ltr'><strong>samaria</strong></span> <span class='ocrx_word' id='word_1_524' title='bbox 1494 1579 1537 1606; x_wconf 87' lang='lat' dir='ltr'><strong>vel</strong></span> <span class='ocrx_word' id='word_1_525' title='bbox 1554 1579 1687 1614; x_wconf 84' lang='lat' dir='ltr'><strong>plaustra</strong></span> <span class='ocrx_word' id='word_1_526' title='bbox 1703 1588 1757 1616; x_wconf 87' lang='lat' dir='ltr'><strong>per</strong></span> 
     </span>
    </p>
   </div>
   <div class='ocr_carea' id='block_1_81' title="bbox 932 1622 1757 1660">
    <p class='ocr_par' dir='ltr' id='par_1_81' title="bbox 932 1622 1757 1660">
     <span class='ocr_line' id='line_1_81' title="bbox 932 1622 1757 1660; baseline 0.004 -10"><span class='ocrx_word' id='word_1_527' title='bbox 932 1623 1083 1653; x_wconf 82' lang='lat' dir='ltr'><strong>terram;et</strong></span> <span class='ocrx_word' id='word_1_528' title='bbox 1094 1629 1146 1649; x_wconf 88' lang='lat' dir='ltr'><strong>nec</strong></span> <span class='ocrx_word' id='word_1_529' title='bbox 1161 1622 1339 1649; x_wconf 87' lang='lat' dir='ltr'><strong>comercium</strong></span> <span class='ocrx_word' id='word_1_530' title='bbox 1355 1625 1407 1649; x_wconf 86' lang='lat' dir='ltr'><strong>aut</strong></span> <span class='ocrx_word' id='word_1_531' title='bbox 1422 1622 1578 1658; x_wconf 85' lang='lat' dir='ltr'><strong>pedagium</strong></span> <span class='ocrx_word' id='word_1_532' title='bbox 1594 1624 1640 1652; x_wconf 91' lang='lat' dir='ltr'><strong>vel</strong></span> <span class='ocrx_word' id='word_1_533' title='bbox 1653 1633 1757 1660; x_wconf 87' lang='lat' dir='ltr'><strong>passa-</strong></span> 
     </span>
    </p>
   </div>
   <div class='ocr_carea' id='block_1_82' title="bbox 932 1665 1759 1702">
    <p class='ocr_par' dir='ltr' id='par_1_82' title="bbox 932 1665 1759 1702">
     <span class='ocr_line' id='line_1_82' title="bbox 932 1665 1759 1702; baseline 0.006 -10"><span class='ocrx_word' id='word_1_534' title='bbox 932 1666 1013 1702; x_wconf 84' lang='lat' dir='ltr'><strong>gium</strong></span> <span class='ocrx_word' id='word_1_535' title='bbox 1028 1668 1078 1693; x_wconf 88' lang='lat' dir='ltr'><strong>aut</strong></span> <span class='ocrx_word' id='word_1_536' title='bbox 1093 1665 1298 1693; x_wconf 84' lang='lat' dir='ltr'><strong>samariaticon</strong></span> <span class='ocrx_word' id='word_1_537' title='bbox 1311 1666 1354 1693; x_wconf 91' lang='lat' dir='ltr'><strong>vel</strong></span> <span class='ocrx_word' id='word_1_538' title='bbox 1371 1667 1553 1702; x_wconf 88' lang='lat' dir='ltr'><strong>pertunticon</strong></span> <span class='ocrx_word' id='word_1_539' title='bbox 1570 1670 1620 1696; x_wconf 90' lang='lat' dir='ltr'><strong>aut</strong></span> <span class='ocrx_word' id='word_1_540' title='bbox 1635 1677 1759 1698; x_wconf 85' lang='lat' dir='ltr'><strong>savura-</strong></span> 
     </span>
    </p>
   </div>
   <div class='ocr_carea' id='block_1_83' title="bbox 931 1711 1758 1747">
    <p class='ocr_par' dir='ltr' id='par_1_83' title="bbox 931 1711 1758 1747">
     <span class='ocr_line' id='line_1_83' title="bbox 931 1711 1758 1747; baseline 0.006 -10"><span class='ocrx_word' id='word_1_541' title='bbox 931 1711 1008 1738; x_wconf 84' lang='lat' dir='ltr'><strong>ticon</strong></span> <span class='ocrx_word' id='word_1_542' title='bbox 1026 1712 1076 1738; x_wconf 86' lang='lat' dir='ltr'><strong>aut</strong></span> <span class='ocrx_word' id='word_1_543' title='bbox 1103 1718 1193 1738; x_wconf 84' lang='lat' dir='ltr'><strong>causa</strong></span> <span class='ocrx_word' id='word_1_544' title='bbox 1230 1711 1372 1738; x_wconf 85' lang='lat' dir='ltr'><strong>onerandi</strong></span> <span class='ocrx_word' id='word_1_545' title='bbox 1407 1714 1459 1739; x_wconf 86' lang='lat' dir='ltr'><strong>aut</strong></span> <span class='ocrx_word' id='word_1_546' title='bbox 1491 1712 1674 1747; x_wconf 85' lang='lat' dir='ltr'><strong>scalatioum,</strong></span> <span class='ocrx_word' id='word_1_547' title='bbox 1705 1722 1758 1742; x_wconf 92' lang='lat' dir='ltr'><strong>nec</strong></span> 
     </span>
    </p>
   </div>
   <div class='ocr_carea' id='block_1_84' title="bbox 932 1753 1756 1791">
    <p class='ocr_par' dir='ltr' id='par_1_84' title="bbox 932 1753 1756 1791">
     <span class='ocr_line' id='line_1_84' title="bbox 932 1753 1756 1791; baseline 0.005 -9"><span class='ocrx_word' id='word_1_548' title='bbox 932 1755 1021 1783; x_wconf 85' lang='lat' dir='ltr'><strong>aliam</strong></span> <span class='ocrx_word' id='word_1_549' title='bbox 1037 1755 1166 1791; x_wconf 86' lang='lat' dir='ltr'><strong>aliquam</strong></span> <span class='ocrx_word' id='word_1_550' title='bbox 1182 1762 1289 1783; x_wconf 85' lang='lat' dir='ltr'><strong>census</strong></span> <span class='ocrx_word' id='word_1_551' title='bbox 1303 1756 1517 1791; x_wconf 78' lang='lat' dir='ltr'><strong>appeticionsm</strong></span> <span class='ocrx_word' id='word_1_552' title='bbox 1533 1753 1554 1785; x_wconf 46' lang='lat' dir='ltr'><strong>&#39;a</strong></span> <span class='ocrx_word' id='word_1_553' title='bbox 1577 1758 1702 1787; x_wconf 88' lang='lat' dir='ltr'><strong>navibus</strong></span> <span class='ocrx_word' id='word_1_554' title='bbox 1726 1759 1756 1786; x_wconf 88' lang='lat' dir='ltr'><strong>in</strong></span> 
     </span>
    </p>
   </div>
   <div class='ocr_carea' id='block_1_85' title="bbox 932 1799 1756 1839">
    <p class='ocr_par' dir='ltr' id='par_1_85' title="bbox 932 1799 1756 1839">
     <span class='ocr_line' id='line_1_85' title="bbox 932 1799 1756 1839; baseline 0.004 -11"><span class='ocrx_word' id='word_1_555' title='bbox 932 1800 1104 1828; x_wconf 77' lang='lat' dir='ltr'><strong>Romaniam</strong></span> <span class='ocrx_word' id='word_1_556' title='bbox 1130 1799 1314 1828; x_wconf 88' lang='lat' dir='ltr'><strong>venientibus</strong></span> <span class='ocrx_word' id='word_1_557' title='bbox 1335 1800 1381 1828; x_wconf 84' lang='lat' dir='ltr'><strong>vel</strong></span> <span class='ocrx_word' id='word_1_558' title='bbox 1407 1809 1424 1828; x_wconf 87' lang='lat' dir='ltr'><strong>a</strong></span> <span class='ocrx_word' id='word_1_559' title='bbox 1443 1801 1580 1830; x_wconf 86' lang='lat' dir='ltr'><strong>samariis</strong></span> <span class='ocrx_word' id='word_1_560' title='bbox 1598 1803 1643 1831; x_wconf 88' lang='lat' dir='ltr'><strong>vel</strong></span> <span class='ocrx_word' id='word_1_561' title='bbox 1673 1803 1756 1839; x_wconf 87' lang='lat' dir='ltr'><strong>plau-</strong></span> 
     </span>
    </p>
   </div>
   <div class='ocr_carea' id='block_1_86' title="bbox 932 1844 1757 1880">
    <p class='ocr_par' dir='ltr' id='par_1_86' title="bbox 932 1844 1757 1880">
     <span class='ocr_line' id='line_1_86' title="bbox 932 1844 1757 1880; baseline 0.004 -7"><span class='ocrx_word' id='word_1_562' title='bbox 932 1845 1000 1873; x_wconf 86' lang='lat' dir='ltr'><strong>stris</strong></span> <span class='ocrx_word' id='word_1_563' title='bbox 1015 1853 1068 1880; x_wconf 90' lang='lat' dir='ltr'><strong>per</strong></span> <span class='ocrx_word' id='word_1_564' title='bbox 1079 1852 1181 1872; x_wconf 87' lang='lat' dir='ltr'><strong>omnes</strong></span> <span class='ocrx_word' id='word_1_565' title='bbox 1193 1844 1326 1880; x_wconf 84' lang='lat' dir='ltr'><strong>regiones</strong></span> <span class='ocrx_word' id='word_1_566' title='bbox 1338 1845 1454 1880; x_wconf 86' lang='lat' dir='ltr'><strong>imperii</strong></span> <span class='ocrx_word' id='word_1_567' title='bbox 1465 1846 1523 1874; x_wconf 91' lang='lat' dir='ltr'><strong>mei</strong></span> <span class='ocrx_word' id='word_1_568' title='bbox 1534 1847 1757 1876; x_wconf 87' lang='lat' dir='ltr'><strong>transeuntibus</strong></span> 
     </span>
    </p>
   </div>
   <div class='ocr_carea' id='block_1_87' title="bbox 931 1888 1578 1928">
    <p class='ocr_par' dir='ltr' id='par_1_87' title="bbox 931 1888 1578 1928">
     <span class='ocr_line' id='line_1_87' title="bbox 931 1888 1578 1928; baseline 0.003 -10"><span class='ocrx_word' id='word_1_569' title='bbox 931 1899 966 1918; x_wconf 81' lang='lat' dir='ltr'><strong>ex</strong></span> <span class='ocrx_word' id='word_1_570' title='bbox 980 1888 1192 1918; x_wconf 80' lang='lat' dir='ltr'><strong>consuetudine</strong></span> <span class='ocrx_word' id='word_1_571' title='bbox 1205 1891 1338 1918; x_wconf 84' lang='lat' dir='ltr'><strong>exactum</strong></span> <span class='ocrx_word' id='word_1_572' title='bbox 1348 1890 1404 1926; x_wconf 86' lang='lat'><strong>(60)</strong></span> <span class='ocrx_word' id='word_1_573' title='bbox 1415 1891 1578 1928; x_wconf 78' lang='lat' dir='ltr'><strong>exigantur.</strong></span> 
     </span>
    </p>
   </div>
   <div class='ocr_carea' id='block_1_88' title="bbox 969 1934 1757 1973">
    <p class='ocr_par' dir='ltr' id='par_1_88' title="bbox 969 1934 1757 1973">
     <span class='ocr_line' id='line_1_88' title="bbox 969 1934 1757 1973; baseline 0.005 -12"><span class='ocrx_word' id='word_1_574' title='bbox 969 1935 1092 1970; x_wconf 84' lang='lat' dir='ltr'><strong>Insuper</strong></span> <span class='ocrx_word' id='word_1_575' title='bbox 1106 1936 1145 1968; x_wconf 86' lang='lat' dir='ltr'><strong>et,</strong></span> <span class='ocrx_word' id='word_1_576' title='bbox 1160 1934 1300 1969; x_wconf 87' lang='lat' dir='ltr'><strong>quoniam</strong></span> <span class='ocrx_word' id='word_1_577' title='bbox 1327 1935 1357 1962; x_wconf 93' lang='lat' dir='ltr'><strong>in</strong></span> <span class='ocrx_word' id='word_1_578' title='bbox 1384 1934 1564 1970; x_wconf 88' lang='lat' dir='ltr'><strong>quibusdam</strong></span> <span class='ocrx_word' id='word_1_579' title='bbox 1586 1937 1757 1973; x_wconf 85' lang='lat' dir='ltr'><strong>regionibus</strong></span> 
     </span>
    </p>
   </div>
   <div class='ocr_carea' id='block_1_89' title="bbox 934 1978 1755 2018">
    <p class='ocr_par' dir='ltr' id='par_1_89' title="bbox 934 1978 1755 2018">
     <span class='ocr_line' id='line_1_89' title="bbox 934 1978 1755 2018; baseline 0.004 -11"><span class='ocrx_word' id='word_1_580' title='bbox 934 1978 1049 2015; x_wconf 89' lang='lat' dir='ltr'><strong>imperii</strong></span> <span class='ocrx_word' id='word_1_581' title='bbox 1066 1978 1122 2006; x_wconf 87' lang='lat' dir='ltr'><strong>mei</strong></span> <span class='ocrx_word' id='word_1_582' title='bbox 1139 1978 1304 2007; x_wconf 88' lang='lat' dir='ltr'><strong>molestiam</strong></span> <span class='ocrx_word' id='word_1_583' title='bbox 1320 1981 1348 2006; x_wconf 88' lang='lat' dir='ltr'><strong>et</strong></span> <span class='ocrx_word' id='word_1_584' title='bbox 1369 1979 1586 2008; x_wconf 84' lang='lat' dir='ltr'><strong>infestationem</strong></span> <span class='ocrx_word' id='word_1_585' title='bbox 1612 1990 1669 2009; x_wconf 88' lang='lat' dir='ltr'><strong>non</strong></span> <span class='ocrx_word' id='word_1_586' title='bbox 1688 1990 1755 2018; x_wconf 78' lang='lat' dir='ltr'><strong>par-</strong></span> 
     </span>
    </p>
   </div>
   <div class='ocr_carea' id='block_1_90' title="bbox 933 2023 1755 2061">
    <p class='ocr_par' dir='ltr' id='par_1_90' title="bbox 933 2023 1755 2061">
     <span class='ocr_line' id='line_1_90' title="bbox 933 2023 1755 2061; baseline 0.002 -9"><span class='ocrx_word' id='word_1_587' title='bbox 933 2032 999 2052; x_wconf 87' lang='lat' dir='ltr'><strong>vam</strong></span> <span class='ocrx_word' id='word_1_588' title='bbox 1011 2023 1161 2051; x_wconf 87' lang='lat' dir='ltr'><strong>Veneticos</strong></span> <span class='ocrx_word' id='word_1_589' title='bbox 1176 2023 1300 2058; x_wconf 86' lang='lat' dir='ltr'><strong>imperio</strong></span> <span class='ocrx_word' id='word_1_590' title='bbox 1329 2031 1394 2052; x_wconf 88' lang='lat' dir='ltr'><strong>meo</strong></span> <span class='ocrx_word' id='word_1_591' title='bbox 1423 2024 1595 2053; x_wconf 86' lang='lat' dir='ltr'><strong>ﬁdelissimo</strong></span> <span class='ocrx_word' id='word_1_592' title='bbox 1618 2026 1675 2061; x_wconf 77' lang='lat'><strong>(61)</strong></span> <span class='ocrx_word' id='word_1_593' title='bbox 1690 2027 1755 2061; x_wconf 75' lang='lat' dir='ltr'><strong>jam</strong></span> 
     </span>
    </p>
   </div>
   <div class='ocr_carea' id='block_1_91' title="bbox 935 2066 1756 2103">
    <p class='ocr_par' dir='ltr' id='par_1_91' title="bbox 935 2066 1756 2103">
     <span class='ocr_line' id='line_1_91' title="bbox 935 2066 1756 2103; baseline 0.001 -7"><span class='ocrx_word' id='word_1_594' title='bbox 935 2068 1005 2096; x_wconf 86' lang='lat' dir='ltr'><strong>dicti</strong></span> <span class='ocrx_word' id='word_1_595' title='bbox 1021 2067 1243 2103; x_wconf 85' lang='lat' dir='ltr'><strong>prudentissimi</strong></span> <span class='ocrx_word' id='word_1_596' title='bbox 1260 2066 1348 2103; x_wconf 85' lang='lat' dir='ltr'><strong>legati</strong></span> <span class='ocrx_word' id='word_1_597' title='bbox 1359 2067 1489 2103; x_wconf 82' lang='lat' dir='ltr'><strong>Venetis,</strong></span> <span class='ocrx_word' id='word_1_598' title='bbox 1507 2069 1610 2097; x_wconf 86' lang='lat' dir='ltr'><strong>Petrus</strong></span> <span class='ocrx_word' id='word_1_599' title='bbox 1634 2069 1756 2097; x_wconf 86' lang='lat' dir='ltr'><strong>Michael</strong></span> 
     </span>
    </p>
   </div>
   <div class='ocr_carea' id='block_1_92' title="bbox 936 2110 1758 2149">
    <p class='ocr_par' dir='ltr' id='par_1_92' title="bbox 936 2110 1758 2149">
     <span class='ocr_line' id='line_1_92' title="bbox 936 2110 1758 2149; baseline 0.002 -9"><span class='ocrx_word' id='word_1_600' title='bbox 936 2115 963 2140; x_wconf 84' lang='lat' dir='ltr'><strong>et</strong></span> <span class='ocrx_word' id='word_1_601' title='bbox 973 2112 1148 2139; x_wconf 85' lang='lat' dir='ltr'><strong>Octavianus</strong></span> <span class='ocrx_word' id='word_1_602' title='bbox 1163 2110 1383 2144; x_wconf 87' lang='lat' dir='ltr'><strong>Quirinus,meo</strong></span> <span class='ocrx_word' id='word_1_603' title='bbox 1399 2120 1572 2147; x_wconf 74' lang='lat' dir='ltr'><strong>suggessere</strong></span> <span class='ocrx_word' id='word_1_604' title='bbox 1586 2113 1758 2149; x_wconf 89' lang='lat' dir='ltr'><strong>imperio,eo</strong></span> 
     </span>
    </p>
   </div>
   <div class='ocr_carea' id='block_1_93' title="bbox 937 2155 1758 2194">
    <p class='ocr_par' dir='ltr' id='par_1_93' title="bbox 937 2155 1758 2194">
     <span class='ocr_line' id='line_1_93' title="bbox 937 2155 1758 2194; baseline 0.001 -10"><span class='ocrx_word' id='word_1_605' title='bbox 937 2157 1014 2193; x_wconf 91' lang='lat' dir='ltr'><strong>quod</strong></span> <span class='ocrx_word' id='word_1_606' title='bbox 1030 2155 1106 2183; x_wconf 86' lang='lat' dir='ltr'><strong>clare</strong></span> <span class='ocrx_word' id='word_1_607' title='bbox 1122 2155 1150 2182; x_wconf 92' lang='lat' dir='ltr'><strong>in</strong></span> <span class='ocrx_word' id='word_1_608' title='bbox 1167 2155 1359 2191; x_wconf 80' lang='lat' dir='ltr'><strong>cbrysoboliis</strong></span> <span class='ocrx_word' id='word_1_609' title='bbox 1375 2156 1457 2191; x_wconf 89' lang='lat' dir='ltr'><strong>prius</strong></span> <span class='ocrx_word' id='word_1_610' title='bbox 1470 2156 1511 2184; x_wconf 89' lang='lat' dir='ltr'><strong>eis</strong></span> <span class='ocrx_word' id='word_1_611' title='bbox 1528 2157 1610 2185; x_wconf 85' lang='lat' dir='ltr'><strong>factis</strong></span> <span class='ocrx_word' id='word_1_612' title='bbox 1626 2157 1689 2194; x_wconf 86' lang='lat' dir='ltr'><strong>ipse</strong></span> <span class='ocrx_word' id='word_1_613' title='bbox 1700 2165 1758 2186; x_wconf 90' lang='lat' dir='ltr'><strong>non</strong></span> 
     </span>
    </p>
   </div>
   <div class='ocr_carea' id='block_1_94' title="bbox 937 2199 1761 2235">
    <p class='ocr_par' dir='ltr' id='par_1_94' title="bbox 937 2199 1761 2235">
     <span class='ocr_line' id='line_1_94' title="bbox 937 2199 1761 2235; baseline 0.001 -6"><span class='ocrx_word' id='word_1_614' title='bbox 937 2201 997 2229; x_wconf 88' lang='lat' dir='ltr'><strong>sint</strong></span> <span class='ocrx_word' id='word_1_615' title='bbox 1011 2199 1143 2228; x_wconf 84' lang='lat' dir='ltr'><strong>ordinate</strong></span> <span class='ocrx_word' id='word_1_616' title='bbox 1160 2208 1167 2227; x_wconf 86' lang='lat'>:</span> <span class='ocrx_word' id='word_1_617' title='bbox 1185 2199 1339 2235; x_wconf 87' lang='lat' dir='ltr'><strong>imperium</strong></span> <span class='ocrx_word' id='word_1_618' title='bbox 1353 2208 1451 2228; x_wconf 89' lang='lat' dir='ltr'><strong>meum</strong></span> <span class='ocrx_word' id='word_1_619' title='bbox 1467 2203 1495 2228; x_wconf 90' lang='lat' dir='ltr'><strong>et</strong></span> <span class='ocrx_word' id='word_1_620' title='bbox 1509 2209 1526 2229; x_wconf 89' lang='lat' dir='ltr'><strong>a</strong></span> <span class='ocrx_word' id='word_1_621' title='bbox 1547 2201 1602 2229; x_wconf 88' lang='lat' dir='ltr'><strong>tati</strong></span> <span class='ocrx_word' id='word_1_622' title='bbox 1625 2201 1761 2230; x_wconf 85' lang='lat' dir='ltr'><strong>molestia</strong></span> 
     </span>
    </p>
   </div>
   <div class='ocr_carea' id='block_1_95' title="bbox 937 2243 1760 2280">
    <p class='ocr_par' dir='ltr' id='par_1_95' title="bbox 937 2243 1760 2280">
     <span class='ocr_line' id='line_1_95' title="bbox 937 2243 1760 2280; baseline 0.001 -7"><span class='ocrx_word' id='word_1_623' title='bbox 937 2245 1038 2273; x_wconf 90' lang='lat' dir='ltr'><strong>volens</strong></span> <span class='ocrx_word' id='word_1_624' title='bbox 1054 2243 1239 2272; x_wconf 85' lang='lat' dir='ltr'><strong>ﬁdelissimos</strong></span> <span class='ocrx_word' id='word_1_625' title='bbox 1255 2247 1284 2272; x_wconf 89' lang='lat' dir='ltr'><strong>et</strong></span> <span class='ocrx_word' id='word_1_626' title='bbox 1298 2244 1454 2273; x_wconf 89' lang='lat' dir='ltr'><strong>Veneticos</strong></span> <span class='ocrx_word' id='word_1_627' title='bbox 1469 2245 1602 2280; x_wconf 88' lang='lat' dir='ltr'><strong>liberare,</strong></span> <span class='ocrx_word' id='word_1_628' title='bbox 1619 2248 1648 2274; x_wconf 89' lang='lat' dir='ltr'><strong>et</strong></span> <span class='ocrx_word' id='word_1_629' title='bbox 1662 2246 1760 2274; x_wconf 87' lang='lat' dir='ltr'><strong>nomi-</strong></span> 
     </span>
    </p>
   </div>
   <div class='ocr_carea' id='block_1_96' title="bbox 73 2289 1761 2328">
    <p class='ocr_par' dir='ltr' id='par_1_96' title="bbox 73 2289 1761 2328">
     <span class='ocr_line' id='line_1_96' title="bbox 73 2289 1761 2328; baseline 0.001 -11"><span class='ocrx_word' id='word_1_630' title='bbox 73 2290 142 2317; x_wconf 80' lang='lat' dir='ltr'><strong>terne</strong></span> <span class='ocrx_word' id='word_1_631' title='bbox 155 2291 294 2318; x_wconf 86' lang='lat' dir='ltr'><strong>memorie</strong></span> <span class='ocrx_word' id='word_1_632' title='bbox 310 2291 486 2327; x_wconf 90' lang='lat' dir='ltr'><strong>imperatore</strong></span> <span class='ocrx_word' id='word_1_633' title='bbox 502 2294 530 2320; x_wconf 91' lang='lat' dir='ltr'><strong>et</strong></span> <span class='ocrx_word' id='word_1_634' title='bbox 541 2300 648 2327; x_wconf 89' lang='lat' dir='ltr'><strong>proavo</strong></span> <span class='ocrx_word' id='word_1_635' title='bbox 675 2291 790 2328; x_wconf 89' lang='lat' dir='ltr'><strong>imperii</strong></span> <span class='ocrx_word' id='word_1_636' title='bbox 815 2292 884 2327; x_wconf 85' lang='lat' dir='ltr'><strong>mei,</strong></span> <span class='ocrx_word' id='word_1_637' title='bbox 902 2289 924 2321; x_wconf 90' lang='lat' dir='ltr'><strong>D</strong></span> <span class='ocrx_word' id='word_1_638' title='bbox 940 2289 1031 2318; x_wconf 86' lang='lat' dir='ltr'><strong>natim</strong></span> <span class='ocrx_word' id='word_1_639' title='bbox 1043 2297 1146 2317; x_wconf 87' lang='lat' dir='ltr'><strong>omnes</strong></span> <span class='ocrx_word' id='word_1_640' title='bbox 1161 2289 1304 2325; x_wconf 81' lang='lat' dir='ltr'><strong>regiones,</strong></span> <span class='ocrx_word' id='word_1_641' title='bbox 1320 2297 1377 2324; x_wconf 87' lang='lat' dir='ltr'><strong>que</strong></span> <span class='ocrx_word' id='word_1_642' title='bbox 1393 2290 1448 2317; x_wconf 89' lang='lat' dir='ltr'><strong>sub</strong></span> <span class='ocrx_word' id='word_1_643' title='bbox 1463 2290 1606 2318; x_wconf 81' lang='lat' dir='ltr'><strong>Romanis</strong></span> <span class='ocrx_word' id='word_1_644' title='bbox 1625 2293 1705 2324; x_wconf 87' lang='lat' dir='ltr'><strong>sunt,</strong></span> <span class='ocrx_word' id='word_1_645' title='bbox 1729 2291 1761 2318; x_wconf 91' lang='lat' dir='ltr'><strong>in</strong></span> 
     </span>
    </p>
   </div>
   <div class='ocr_carea' id='block_1_97' title="bbox 74 2333 884 2371">
    <p class='ocr_par' dir='ltr' id='par_1_97' title="bbox 74 2333 884 2371">
     <span class='ocr_line' id='line_1_97' title="bbox 74 2333 884 2371; baseline 0.001 -10"><span class='ocrx_word' id='word_1_646' title='bbox 74 2333 176 2362; x_wconf 87' lang='lat' dir='ltr'><strong>domino</strong></span> <span class='ocrx_word' id='word_1_647' title='bbox 189 2335 290 2363; x_wconf 77' lang='lat' dir='ltr'><strong>Alexio</strong></span> <span class='ocrx_word' id='word_1_648' title='bbox 305 2337 453 2363; x_wconf 88' lang='lat' dir='ltr'><strong>Comnano</strong></span> <span class='ocrx_word' id='word_1_649' title='bbox 478 2339 507 2363; x_wconf 86' lang='lat' dir='ltr'><strong>et</strong></span> <span class='ocrx_word' id='word_1_650' title='bbox 522 2335 581 2364; x_wconf 84' lang='lat' dir='ltr'><strong>filio</strong></span> <span class='ocrx_word' id='word_1_651' title='bbox 597 2337 660 2371; x_wconf 88' lang='lat' dir='ltr'><strong>ejus</strong></span> <span class='ocrx_word' id='word_1_652' title='bbox 690 2336 884 2371; x_wconf 86' lang='lat' dir='ltr'><strong>imperatoris,</strong></span> 
     </span>
    </p>
   </div>
   <div class='ocr_carea' id='block_1_98' title="bbox 75 2377 885 2417">
    <p class='ocr_par' dir='ltr' id='par_1_98' title="bbox 75 2377 885 2417">
     <span class='ocr_line' id='line_1_98' title="bbox 75 2377 885 2417; baseline 0.005 -13"><span class='ocrx_word' id='word_1_653' title='bbox 75 2377 179 2407; x_wconf 85' lang='lat' dir='ltr'><strong>domino</strong></span> <span class='ocrx_word' id='word_1_654' title='bbox 192 2379 330 2413; x_wconf 82' lang='lat' dir='ltr'><strong>Johanni,</strong></span> <span class='ocrx_word' id='word_1_655' title='bbox 348 2382 376 2408; x_wconf 90' lang='lat' dir='ltr'><strong>et</strong></span> <span class='ocrx_word' id='word_1_656' title='bbox 391 2380 496 2408; x_wconf 89' lang='lat' dir='ltr'><strong>dilecto</strong></span> <span class='ocrx_word' id='word_1_657' title='bbox 512 2385 614 2417; x_wconf 83' lang='lat' dir='ltr'><strong>patruo</strong></span> <span class='ocrx_word' id='word_1_658' title='bbox 631 2380 885 2417; x_wconf 67' lang='lat' dir='ltr'><strong>imperii,jdomino</strong></span> 
     </span>
    </p>
   </div>
   <div class='ocr_carea' id='block_1_99' title="bbox 75 2420 887 2461">
    <p class='ocr_par' dir='ltr' id='par_1_99' title="bbox 75 2420 887 2461">
     <span class='ocr_line' id='line_1_99' title="bbox 75 2420 887 2461; baseline 0.004 -12"><span class='ocrx_word' id='word_1_659' title='bbox 75 2420 193 2451; x_wconf 77' lang='lat' dir='ltr'><strong>Manuale</strong></span> <span class='ocrx_word' id='word_1_660' title='bbox 207 2424 356 2452; x_wconf 86' lang='lat' dir='ltr'><strong>Comnano</strong></span> <span class='ocrx_word' id='word_1_661' title='bbox 372 2425 505 2461; x_wconf 83' lang='lat' dir='ltr'><strong>;insuper</strong></span> <span class='ocrx_word' id='word_1_662' title='bbox 519 2428 548 2452; x_wconf 89' lang='lat' dir='ltr'><strong>et</strong></span> <span class='ocrx_word' id='word_1_663' title='bbox 565 2425 640 2453; x_wconf 86' lang='lat' dir='ltr'><strong>facta</strong></span> <span class='ocrx_word' id='word_1_664' title='bbox 653 2425 695 2453; x_wconf 89' lang='lat' dir='ltr'><strong>eis</strong></span> <span class='ocrx_word' id='word_1_665' title='bbox 710 2425 887 2461; x_wconf 81' lang='lat' dir='ltr'><strong>chrysobula</strong></span> 
     </span>
    </p>
   </div>
   <div class='ocr_carea' id='block_1_100' title="bbox 77 2466 886 2505">
    <p class='ocr_par' dir='ltr' id='par_1_100' title="bbox 77 2466 886 2505">
     <span class='ocr_line' id='line_1_100' title="bbox 77 2466 886 2505; baseline 0.004 -11"><span class='ocrx_word' id='word_1_666' title='bbox 77 2466 270 2503; x_wconf 81' lang='lat' dir='ltr'><strong>abimperante</strong></span> <span class='ocrx_word' id='word_1_667' title='bbox 285 2469 478 2497; x_wconf 87' lang='lat' dir='ltr'><strong>dilectissimo</strong></span> <span class='ocrx_word' id='word_1_668' title='bbox 495 2469 581 2498; x_wconf 87' lang='lat' dir='ltr'><strong>fratre</strong></span> <span class='ocrx_word' id='word_1_669' title='bbox 596 2469 711 2505; x_wconf 89' lang='lat' dir='ltr'><strong>imperii</strong></span> <span class='ocrx_word' id='word_1_670' title='bbox 738 2470 804 2503; x_wconf 89' lang='lat' dir='ltr'><strong>mei,</strong></span> <span class='ocrx_word' id='word_1_671' title='bbox 833 2469 886 2497; x_wconf 88' lang='lat' dir='ltr'><strong>d0-</strong></span> 
     </span>
    </p>
   </div>
   <div class='ocr_carea' id='block_1_101' title="bbox 78 2511 888 2550">
    <p class='ocr_par' dir='ltr' id='par_1_101' title="bbox 78 2511 888 2550">
     <span class='ocr_line' id='line_1_101' title="bbox 78 2511 888 2550; baseline 0.004 -12"><span class='ocrx_word' id='word_1_672' title='bbox 78 2511 146 2539; x_wconf 88' lang='lat' dir='ltr'><strong>mino</strong></span> <span class='ocrx_word' id='word_1_673' title='bbox 163 2513 273 2540; x_wconf 85' lang='lat' dir='ltr'><strong>lsaakio</strong></span> <span class='ocrx_word' id='word_1_674' title='bbox 289 2513 397 2549; x_wconf 83' lang='lat' dir='ltr'><strong>Angelo</strong></span> <span class='ocrx_word' id='word_1_675' title='bbox 414 2521 503 2550; x_wconf 88' lang='lat' dir='ltr'><strong>super</strong></span> <span class='ocrx_word' id='word_1_676' title='bbox 517 2513 644 2550; x_wconf 87' lang='lat' dir='ltr'><strong>hiis,que</strong></span> <span class='ocrx_word' id='word_1_677' title='bbox 660 2514 806 2549; x_wconf 83' lang='lat' dir='ltr'><strong>promissa</strong></span> <span class='ocrx_word' id='word_1_678' title='bbox 817 2516 888 2541; x_wconf 86' lang='lat' dir='ltr'><strong>sunt</strong></span> 
     </span>
    </p>
   </div>
   <div class='ocr_carea' id='block_1_102' title="bbox 77 2553 887 2595">
    <p class='ocr_par' dir='ltr' id='par_1_102' title="bbox 77 2553 887 2595">
     <span class='ocr_line' id='line_1_102' title="bbox 77 2553 887 2595; baseline 0.006 -14"><span class='ocrx_word' id='word_1_679' title='bbox 77 2553 112 2582; x_wconf 90' lang='lat' dir='ltr'><strong>eis</strong></span> <span class='ocrx_word' id='word_1_680' title='bbox 125 2563 172 2591; x_wconf 88' lang='lat' dir='ltr'><strong>per</strong></span> <span class='ocrx_word' id='word_1_681' title='bbox 185 2565 228 2591; x_wconf 82' lang='lat' dir='ltr'><strong>ea,</strong></span> <span class='ocrx_word' id='word_1_682' title='bbox 254 2559 314 2585; x_wconf 88' lang='lat' dir='ltr'><strong>tam</strong></span> <span class='ocrx_word' id='word_1_683' title='bbox 338 2558 510 2594; x_wconf 86' lang='lat' dir='ltr'><strong>complectis</strong></span> <span class='ocrx_word' id='word_1_684' title='bbox 537 2567 625 2595; x_wconf 85' lang='lat' dir='ltr'><strong>quam</strong></span> <span class='ocrx_word' id='word_1_685' title='bbox 648 2561 677 2586; x_wconf 90' lang='lat' dir='ltr'><strong>et</strong></span> <span class='ocrx_word' id='word_1_686' title='bbox 704 2566 762 2586; x_wconf 92' lang='lat' dir='ltr'><strong>non</strong></span> <span class='ocrx_word' id='word_1_687' title='bbox 791 2558 887 2586; x_wconf 87' lang='lat' dir='ltr'><strong>adhuc</strong></span> 
     </span>
    </p>
   </div>
   <div class='ocr_carea' id='block_1_103' title="bbox 77 2598 887 2636">
    <p class='ocr_par' dir='ltr' id='par_1_103' title="bbox 77 2598 887 2636">
     <span class='ocr_line' id='line_1_103' title="bbox 77 2598 887 2636; baseline 0.002 -10"><span class='ocrx_word' id='word_1_688' title='bbox 77 2598 153 2627; x_wconf 77' lang='lat' dir='ltr'><strong>ﬁnem</strong></span> <span class='ocrx_word' id='word_1_689' title='bbox 167 2601 360 2636; x_wconf 83' lang='lat' dir='ltr'><strong>capientibus,</strong></span> <span class='ocrx_word' id='word_1_690' title='bbox 376 2604 406 2630; x_wconf 88' lang='lat' dir='ltr'><strong>et</strong></span> <span class='ocrx_word' id='word_1_691' title='bbox 420 2603 578 2632; x_wconf 83' lang='lat' dir='ltr'><strong>efﬁcatiam</strong></span> <span class='ocrx_word' id='word_1_692' title='bbox 594 2611 627 2631; x_wconf 87' lang='lat' dir='ltr'><strong>ac</strong></span> <span class='ocrx_word' id='word_1_693' title='bbox 649 2601 887 2630; x_wconf 83' lang='lat' dir='ltr'><strong>incommutatio-</strong></span> 
     </span>
    </p>
   </div>
   <div class='ocr_carea' id='block_1_104' title="bbox 109 2688 504 2728">
    <p class='ocr_par' dir='ltr' id='par_1_104' title="bbox 109 2688 504 2728">
     <span class='ocr_line' id='line_1_104' title="bbox 109 2688 504 2728; baseline 0.018 -13"><span class='ocrx_word' id='word_1_694' title='bbox 172 2690 305 2728; x_wconf 63' lang='lat' dir='ltr'><strong>fortasse</strong></span> <span class='ocrx_word' id='word_1_695' title='bbox 319 2693 504 2728; x_wconf 75' lang='lat' dir='ltr'><strong>jurahuntur.</strong></span> 
     </span>
    </p>
   </div>
   <div class='ocr_carea' id='block_1_105' title="bbox 111 2724 888 2765">
    <p class='ocr_par' dir='ltr' id='par_1_105' title="bbox 111 2724 888 2765">
     <span class='ocr_line' id='line_1_105' title="bbox 111 2724 888 2765; baseline 0.004 -13"><span class='ocrx_word' id='word_1_696' title='bbox 111 2724 300 2765; x_wconf 67' lang='lat' dir='ltr'><strong>Editores</strong></span> <span class='ocrx_word' id='word_1_697' title='bbox 317 2724 417 2756; x_wconf 78' lang='lat' dir='ltr'><strong>notant</strong></span> <span class='ocrx_word' id='word_1_698' title='bbox 431 2738 437 2757; x_wconf 86' lang='lat'><strong>:</strong></span> <span class='ocrx_word' id='word_1_699' title='bbox 453 2741 466 2754; x_wconf 81' lang='grc' dir='ltr'><strong><em>ιι</em></strong></span> <span class='ocrx_word' id='word_1_700' title='bbox 483 2730 529 2757; x_wconf 76' lang='lat' dir='ltr'><strong>Sic</strong></span> <span class='ocrx_word' id='word_1_701' title='bbox 545 2738 599 2758; x_wconf 88' lang='lat' dir='ltr'><strong>nos</strong></span> <span class='ocrx_word' id='word_1_702' title='bbox 612 2738 647 2757; x_wconf 75' lang='lat' dir='ltr'><strong>rx</strong></span> <span class='ocrx_word' id='word_1_703' title='bbox 662 2728 834 2765; x_wconf 87' lang='lat' dir='ltr'><strong>compendio</strong></span> <span class='ocrx_word' id='word_1_704' title='bbox 853 2727 888 2755; x_wconf 91' lang='lat' dir='ltr'><strong>li-</strong></span> 
     </span>
    </p>
   </div>
   <div class='ocr_carea' id='block_1_106' title="bbox 83 2755 566 2802">
    <p class='ocr_par' dir='ltr' id='par_1_106' title="bbox 83 2755 566 2802">
     <span class='ocr_line' id='line_1_106' title="bbox 83 2755 566 2802; baseline -0.019 -3"><span class='ocrx_word' id='word_1_705' title='bbox 83 2755 197 2802; x_wconf 31' lang='lat' dir='ltr'><strong>mbi-PE;</strong></span> <span class='ocrx_word' id='word_1_706' title='bbox 209 2755 446 2802; x_wconf 33' lang='lat' dir='ltr'><strong>prwcoaz‘uhi&#39;lib.</strong></span> <span class='ocrx_word' id='word_1_707' title='bbox 459 2755 535 2802; x_wconf 65' lang='lat' dir='ltr'><strong>paci.</strong></span> <span class='ocrx_word' id='word_1_708' title='bbox 545 2755 566 2790; x_wconf 63' lang='grc' dir='ltr'><strong>ἶι</strong></span> 
     </span>
    </p>
   </div>
   <div class='ocr_carea' id='block_1_107' title="bbox 113 2794 600 2835">
    <p class='ocr_par' dir='ltr' id='par_1_107' title="bbox 113 2794 600 2835">
     <span class='ocr_line' id='line_1_107' title="bbox 113 2794 600 2835; baseline 0.021 -15"><span class='ocrx_word' id='word_1_709' title='bbox 177 2794 264 2835; x_wconf 60' lang='lat' dir='ltr'><strong>tidem</strong></span> <span class='ocrx_word' id='word_1_710' title='bbox 279 2818 287 2826; x_wconf 96' lang='lat'><strong>.</strong></span> <span class='ocrx_word' id='word_1_711' title='bbox 305 2801 375 2835; x_wconf 73' lang='lat' dir='ltr'><strong>Lege</strong></span> <span class='ocrx_word' id='word_1_712' title='bbox 391 2794 600 2830; x_wconf 66' lang='lat' dir='ltr'><strong>Auriculanum.</strong></span> 
     </span>
    </p>
   </div>
   <div class='ocr_carea' id='block_1_108' title="bbox 116 2831 387 2867">
    <p class='ocr_par' dir='ltr' id='par_1_108' title="bbox 116 2831 387 2867">
     <span class='ocr_line' id='line_1_108' title="bbox 116 2831 387 2867; baseline 0.004 -3"><span class='ocrx_word' id='word_1_713' title='bbox 116 2831 164 2865; x_wconf 78' lang='grc'>(60)</span> <span class='ocrx_word' id='word_1_714' title='bbox 178 2831 246 2867; x_wconf 79' lang='lat' dir='ltr'><strong>Lege</strong></span> <span class='ocrx_word' id='word_1_715' title='bbox 256 2831 387 2865; x_wconf 59' lang='lat' dir='ltr'><strong>exactam.</strong></span> 
     </span>
    </p>
   </div>
   <div class='ocr_carea' id='block_1_109' title="bbox 231 2897 610 2934">
    <p class='ocr_par' dir='ltr' id='par_1_109' title="bbox 231 2897 610 2934">
     <span class='ocr_line' id='line_1_109' title="bbox 231 2897 610 2934; baseline 0.011 -4"><span class='ocrx_word' id='word_1_716' title='bbox 231 2897 359 2932; x_wconf 66' lang='lat' dir='ltr'><strong>Panos.</strong></span> <span class='ocrx_word' id='word_1_717' title='bbox 382 2902 437 2932; x_wconf 81' lang='lat' dir='ltr'><strong>Gn.</strong></span> <span class='ocrx_word' id='word_1_718' title='bbox 463 2902 610 2934; x_wconf 83' lang='lat' dir='ltr'><strong>CXXXV.</strong></span> 
     </span>
    </p>
   </div>
   <div class='ocr_carea' id='block_1_110' title="bbox 940 2333 1762 2371">
    <p class='ocr_par' dir='ltr' id='par_1_110' title="bbox 940 2333 1762 2371">
     <span class='ocr_line' id='line_1_110' title="bbox 940 2333 1762 2371; baseline 0 -9"><span class='ocrx_word' id='word_1_719' title='bbox 940 2334 1048 2371; x_wconf 87' lang='lat' dir='ltr'><strong>quibus</strong></span> <span class='ocrx_word' id='word_1_720' title='bbox 1067 2333 1189 2361; x_wconf 86' lang='lat' dir='ltr'><strong>mercari</strong></span> <span class='ocrx_word' id='word_1_721' title='bbox 1205 2333 1321 2367; x_wconf 86' lang='lat' dir='ltr'><strong>debent,</strong></span> <span class='ocrx_word' id='word_1_722' title='bbox 1338 2334 1473 2361; x_wconf 89' lang='lat' dir='ltr'><strong>ordinare</strong></span> <span class='ocrx_word' id='word_1_723' title='bbox 1490 2335 1519 2361; x_wconf 93' lang='lat' dir='ltr'><strong>in</strong></span> <span class='ocrx_word' id='word_1_724' title='bbox 1532 2335 1660 2370; x_wconf 85' lang='lat' dir='ltr'><strong>presenti</strong></span> <span class='ocrx_word' id='word_1_725' title='bbox 1675 2335 1762 2371; x_wconf 82' lang='lat' dir='ltr'><strong>chry-</strong></span> 
     </span>
    </p>
   </div>
   <div class='ocr_carea' id='block_1_111' title="bbox 941 2377 1761 2414">
    <p class='ocr_par' dir='ltr' id='par_1_111' title="bbox 941 2377 1761 2414">
     <span class='ocr_line' id='line_1_111' title="bbox 941 2377 1761 2414; baseline -0.001 -6"><span class='ocrx_word' id='word_1_726' title='bbox 941 2379 1044 2408; x_wconf 91' lang='lat' dir='ltr'><strong>sobulo</strong></span> <span class='ocrx_word' id='word_1_727' title='bbox 1061 2386 1124 2405; x_wconf 89' lang='lat' dir='ltr'><strong>meo</strong></span> <span class='ocrx_word' id='word_1_728' title='bbox 1140 2377 1250 2413; x_wconf 86' lang='lat' dir='ltr'><strong>placuit</strong></span> <span class='ocrx_word' id='word_1_729' title='bbox 1265 2378 1461 2414; x_wconf 87' lang='lat' dir='ltr'><strong>imperio.Que</strong></span> <span class='ocrx_word' id='word_1_730' title='bbox 1478 2379 1607 2407; x_wconf 84' lang='lat' dir='ltr'><strong>suntiste</strong></span> <span class='ocrx_word' id='word_1_731' title='bbox 1617 2379 1761 2408; x_wconf 86' lang='lat' dir='ltr'><strong>videlicet:</strong></span> 
     </span>
    </p>
   </div>
   <div class='ocr_carea' id='block_1_112' title="bbox 942 2422 1765 2459">
    <p class='ocr_par' dir='ltr' id='par_1_112' title="bbox 942 2422 1765 2459">
     <span class='ocr_line' id='line_1_112' title="bbox 942 2422 1765 2459; baseline 0 -7"><span class='ocrx_word' id='word_1_732' title='bbox 942 2423 1088 2452; x_wconf 84' lang='lat' dir='ltr'><strong>Provintia</strong></span> <span class='ocrx_word' id='word_1_733' title='bbox 1105 2422 1245 2450; x_wconf 86' lang='lat' dir='ltr'><strong>Dirrachii</strong></span> <span class='ocrx_word' id='word_1_734' title='bbox 1260 2422 1314 2457; x_wconf 78' lang='lat'><strong>(62)</strong></span> <span class='ocrx_word' id='word_1_735' title='bbox 1331 2431 1397 2450; x_wconf 89' lang='lat' dir='ltr'><strong>cum</strong></span> <span class='ocrx_word' id='word_1_736' title='bbox 1422 2423 1491 2457; x_wconf 91' lang='lat' dir='ltr'><strong>illis,</strong></span> <span class='ocrx_word' id='word_1_737' title='bbox 1504 2431 1560 2459; x_wconf 89' lang='lat' dir='ltr'><strong>quo</strong></span> <span class='ocrx_word' id='word_1_738' title='bbox 1575 2423 1604 2451; x_wconf 89' lang='lat' dir='ltr'><strong>in</strong></span> <span class='ocrx_word' id='word_1_739' title='bbox 1632 2432 1666 2452; x_wconf 89' lang='lat' dir='ltr'><strong>ea</strong></span> <span class='ocrx_word' id='word_1_740' title='bbox 1693 2426 1765 2452; x_wconf 88' lang='lat' dir='ltr'><strong>sunt</strong></span> 
     </span>
    </p>
   </div>
   <div class='ocr_carea' id='block_1_113' title="bbox 942 2466 1765 2505">
    <p class='ocr_par' dir='ltr' id='par_1_113' title="bbox 942 2466 1765 2505">
     <span class='ocr_line' id='line_1_113' title="bbox 942 2466 1765 2505; baseline 0.001 -10"><span class='ocrx_word' id='word_1_741' title='bbox 942 2475 1132 2505; x_wconf 88' lang='lat' dir='ltr'><strong>personarum</strong></span> <span class='ocrx_word' id='word_1_742' title='bbox 1148 2469 1176 2495; x_wconf 85' lang='lat' dir='ltr'><strong>et</strong></span> <span class='ocrx_word' id='word_1_743' title='bbox 1191 2466 1380 2495; x_wconf 85' lang='lat' dir='ltr'><strong>ecclesiarum</strong></span> <span class='ocrx_word' id='word_1_744' title='bbox 1395 2467 1765 2497; x_wconf 57' lang='lat' dir='ltr'><strong>immobilibusprovincia</strong></span> 
     </span>
    </p>
   </div>
   <div class='ocr_carea' id='block_1_114' title="bbox 940 2511 1764 2541">
    <p class='ocr_par' dir='ltr' id='par_1_114' title="bbox 940 2511 1764 2541">
     <span class='ocr_line' id='line_1_114' title="bbox 940 2511 1764 2541; baseline 0.001 -1"><span class='ocrx_word' id='word_1_745' title='bbox 940 2512 1055 2541; x_wconf 84' lang='lat' dir='ltr'><strong>Jericho</strong></span> <span class='ocrx_word' id='word_1_746' title='bbox 1072 2514 1100 2540; x_wconf 90' lang='lat' dir='ltr'><strong>et</strong></span> <span class='ocrx_word' id='word_1_747' title='bbox 1112 2511 1242 2539; x_wconf 75' lang='lat' dir='ltr'><strong>Caninon</strong></span> <span class='ocrx_word' id='word_1_748' title='bbox 1252 2520 1319 2539; x_wconf 89' lang='lat' dir='ltr'><strong>cum</strong></span> <span class='ocrx_word' id='word_1_749' title='bbox 1328 2512 1466 2539; x_wconf 91' lang='lat' dir='ltr'><strong>omnibus</strong></span> <span class='ocrx_word' id='word_1_750' title='bbox 1474 2512 1503 2539; x_wconf 92' lang='lat' dir='ltr'><strong>in</strong></span> <span class='ocrx_word' id='word_1_751' title='bbox 1513 2520 1544 2540; x_wconf 88' lang='lat' dir='ltr'><strong>ee</strong></span> <span class='ocrx_word' id='word_1_752' title='bbox 1562 2513 1764 2541; x_wconf 87' lang='lat' dir='ltr'><strong>immobilibus</strong></span> 
     </span>
    </p>
   </div>
   <div class='ocr_carea' id='block_1_115' title="bbox 941 2556 1767 2586">
    <p class='ocr_par' dir='ltr' id='par_1_115' title="bbox 941 2556 1767 2586">
     <span class='ocr_line' id='line_1_115' title="bbox 941 2556 1767 2586; baseline 0 -1"><span class='ocrx_word' id='word_1_753' title='bbox 941 2557 1144 2585; x_wconf 82' lang='lat' dir='ltr'><strong>existentibus.</strong></span> <span class='ocrx_word' id='word_1_754' title='bbox 1196 2556 1348 2584; x_wconf 78' lang='lat' dir='ltr'><strong>Provincia</strong></span> <span class='ocrx_word' id='word_1_755' title='bbox 1395 2556 1551 2584; x_wconf 80' lang='lat' dir='ltr'><strong>Joaninon.</strong></span> <span class='ocrx_word' id='word_1_756' title='bbox 1614 2557 1767 2586; x_wconf 88' lang='lat' dir='ltr'><strong>Provincia</strong></span> 
     </span>
    </p>
   </div>
   <div class='ocr_carea' id='block_1_116' title="bbox 943 2601 1766 2638">
    <p class='ocr_par' dir='ltr' id='par_1_116' title="bbox 943 2601 1766 2638">
     <span class='ocr_line' id='line_1_116' title="bbox 943 2601 1766 2638; baseline 0 -8"><span class='ocrx_word' id='word_1_757' title='bbox 943 2601 1152 2638; x_wconf 87' lang='lat' dir='ltr'><strong>Drynupoleos.</strong></span> <span class='ocrx_word' id='word_1_758' title='bbox 1198 2601 1340 2628; x_wconf 89' lang='lat' dir='ltr'><strong>Similiter</strong></span> <span class='ocrx_word' id='word_1_759' title='bbox 1387 2601 1536 2637; x_wconf 85' lang='lat' dir='ltr'><strong>provincia</strong></span> <span class='ocrx_word' id='word_1_760' title='bbox 1597 2602 1766 2638; x_wconf 86' lang='lat' dir='ltr'><strong>Dyavoleos,</strong></span> 
     </span>
    </p>
   </div>
   <div class='ocr_carea' id='block_1_117' title="bbox 978 2690 1768 2727">
    <p class='ocr_par' dir='ltr' id='par_1_117' title="bbox 978 2690 1768 2727">
     <span class='ocr_line' id='line_1_117' title="bbox 978 2690 1768 2727; baseline 0 -10"><span class='ocrx_word' id='word_1_761' title='bbox 978 2691 1035 2727; x_wconf 86' lang='grc'>(61)</span> <span class='ocrx_word' id='word_1_762' title='bbox 1050 2691 1183 2718; x_wconf 83' lang='lat' dir='ltr'><strong>Editores</strong></span> <span class='ocrx_word' id='word_1_763' title='bbox 1197 2690 1318 2718; x_wconf 89' lang='lat' dir='ltr'><strong>volunt:</strong></span> <span class='ocrx_word' id='word_1_764' title='bbox 1338 2691 1571 2719; x_wconf 76' lang='lat' dir='ltr'><strong>Veneticorum—</strong></span> <span class='ocrx_word' id='word_1_765' title='bbox 1595 2691 1768 2727; x_wconf 74' lang='lat' dir='ltr'><strong>ﬁdelissimo-</strong></span> 
     </span>
    </p>
   </div>
   <div class='ocr_carea' id='block_1_118' title="bbox 943 2736 1769 2803">
    <p class='ocr_par' dir='ltr' id='par_1_118' title="bbox 943 2736 1769 2803">
     <span class='ocr_line' id='line_1_118' title="bbox 943 2736 1769 2803; baseline -0.002 -13"><span class='ocrx_word' id='word_1_766' title='bbox 1050 2761 1250 2803; x_wconf 14' lang='lat' dir='ltr'><strong>G‘eographica</strong></span> <span class='ocrx_word' id='word_1_767' title='bbox 1264 2761 1373 2797; x_wconf 87' lang='lat' dir='ltr'><strong>optime</strong></span> <span class='ocrx_word' id='word_1_768' title='bbox 1388 2762 1547 2803; x_wconf 82' lang='lat' dir='ltr'><strong>illustravit</strong></span> <span class='ocrx_word' id='word_1_769' title='bbox 1567 2761 1695 2791; x_wconf 85' lang='lat' dir='ltr'><strong>&#39;l‘afelius</strong></span> <span class='ocrx_word' id='word_1_770' title='bbox 1713 2760 1769 2789; x_wconf 87' lang='lat'><strong>1.1.</strong></span> 
     </span>
    </p>
   </div>
   <div class='ocr_carea' id='block_1_119' title="bbox 943 2799 1477 2833">
    <p class='ocr_par' dir='ltr' id='par_1_119' title="bbox 943 2799 1477 2833">
     <span class='ocr_line' id='line_1_119' title="bbox 943 2799 1477 2833; baseline -0.002 -6"><span class='ocrx_word' id='word_1_771' title='bbox 943 2799 973 2827; x_wconf 88' lang='lat' dir='ltr'><strong>in</strong></span> <span class='ocrx_word' id='word_1_772' title='bbox 991 2799 1241 2832; x_wconf 83' lang='lat' dir='ltr'><strong>adnotationibus,</strong></span> <span class='ocrx_word' id='word_1_773' title='bbox 1258 2806 1333 2833; x_wconf 84' lang='lat' dir='ltr'><strong>quas</strong></span> <span class='ocrx_word' id='word_1_774' title='bbox 1347 2799 1477 2827; x_wconf 85' lang='lat' dir='ltr'><strong>consule.</strong></span> 
     </span>
    </p>
   </div>
   <div class='ocr_carea' id='block_1_120' title="bbox 1592 2897 1632 2928">
    <p class='ocr_par' dir='ltr' id='par_1_120' title="bbox 1592 2897 1632 2928">
     <span class='ocr_line' id='line_1_120' title="bbox 1592 2897 1632 2928; baseline 0 0"><span class='ocrx_word' id='word_1_775' title='bbox 1592 2897 1632 2928; x_wconf 81' lang='grc'><strong>16</strong></span> 
     </span>
    </p>
   </div>
  </div>
