1973 3154
206 179 265 212 491

207 245 359 275 Provincla
393 244 521 275 Colonis.

205 291 302 319 vincia
330 291 446 325 Prespe.
500 287 650 315 Provincia
696 287 833 314 Castoris.
881 284 1032 312 Provincia

207 335 336 364 Servion.
363 333 515 362 Provincia
536 332 667 360 Triadice
695 333 723 359 et
743 329 935 359 Vvelcvusdii.
963 329 1032 357 Pro-

207 380 304 409 vincia
316 379 377 408 Nisi
392 381 421 407 et
450 377 616 407 Vranisove.
654 375 806 403 Provincia
835 374 936 410 Scopie
965 381 1031 401 cum

209 424 358 461 episkepsi
378 423 506 452 Goriton.
530 420 680 449 Provincia
706 420 856 455 Sagorion.
883 418 1033 446 Provincia

210 469 359 498 Malesovii
374 470 403 496 et
429 465 605 494 Morovisdii.
627 464 775 492 Provincia
797 463 940 491 Btrunice.
965 464 1033 490 Pro-

209 514 304 541 vincia
343 512 450 548 Prilapi
478 513 507 538 et
531 509 684 545 Pelagonie
718 516 752 536 ac
787 507 935 544 Molyscii,
978 515 1031 535 nec

209 567 268 587 non
295 560 324 587 et
351 557 498 593 Mogrono.
527 553 679 582 Provincia
718 553 820 581 Varias
849 561 917 582 eum
956 555 1031 580 cate-

209 603 328 640 panikio
340 601 424 630 Cetri.
443 599 590 629 Provincia
602 598 708 633 Voleri,
725 598 887 626 Strimonus
902 599 931 625 et
945 596 1034 624 Thes-

209 648 363 677 salonices.
384 645 532 674 Provincia
547 643 706 679 Nicopolon
731 651 799 670 cum
829 641 1032 677 episkepsibus

208 694 239 721 in
255 701 288 720 ea
301 690 495 719 existentibus
521 687 737 725 personalibus,
772 685 978 714 ecclesiasticis
1006 688 1034 712 et

209 736 478 770 monasterialibus,
492 736 600 763 etcum
616 733 689 769 ipsis
699 732 904 768 episkepsibus
931 731 1032 765 subje-

859 170 988 204 ISAACI
1010 169 1152 205 ANGELI
1174 171 1256 206 1MP.

569 241 722 271 Provincia
764 241 923 277 Aobrydos.
960 240 1031 267 Pro-
1046 238 1073 274 Α
1088 239 1125 267 ab
1140 240 1165 268 is
1179 240 1290 277 aliquid
1307 241 1343 269 ab
1359 241 1459 278 aliquo
1476 242 1746 279 requiretur.Immo
1762 243 1845 279 quiete
1857 247 1882 272 et

1831 179 1882 209 ιω

1085 284 1148 312 sine
1163 285 1262 319 aliqua
1272 286 1390 314 datione
1402 287 1496 314 omnis
1523 286 1684 323 [regiones]
1707 286 1814 323 imperii
1836 289 1884 316 mei

1084 329 1265 364 transibunt,
1282 333 1309 357 et
1325 337 1378 358 nec
1393 337 1450 366 que
1465 330 1501 358 ab
1515 331 1558 358 eis
1569 331 1765 359 conducentur
1777 333 1885 359 samaria

1085 373 1129 400 vel
1146 373 1287 409 plaustra,
1308 374 1350 401 vel
1368 375 1417 410 qui
1443 376 1485 402 eis
1510 375 1676 404 servierunt
1695 375 1829 411 agogiale,
1849 383 1884 404 re-

1086 417 1239 453 quirentur
1256 418 1363 453 aliquid
1377 427 1384 452 ;
1410 427 1461 447 nec
1478 418 1529 455 qui
1558 419 1600 447 eis
1617 419 1745 455 aliquam
1777 420 1885 455 speciem

1086 462 1272 490 vendiderint
1285 463 1329 490 vel
1345 464 1381 490 ub
1393 464 1435 491 eis
1448 463 1582 497 emerint,
1599 464 1750 500 exigantur
1764 472 1886 492 commer-

1086 506 1164 534 cium
1181 515 1232 542 pro
1248 507 1297 535 illa
1310 507 1360 535 taii
1376 508 1487 543 nspecie
1505 508 1549 536 vel
1570 509 1738 544 pratikium,
1763 509 1832 544 quod
1847 509 1888 537 de-

1087 551 1168 579 beret
1182 551 1312 587 accipere
1332 552 1420 580 ﬁscus
1434 552 1477 580 vel
1493 556 1609 588 praetor
1624 553 1703 581 illius
1724 552 1852 589 regionis,
1864 553 1888 581 in

1088 604 1146 631 qua
1161 595 1194 623 ﬁt
1213 596 1423 629 mercatio,nisi
1438 597 1585 625 Veneticis
1601 597 1654 625 hoc
1669 597 1887 633 venderetur,sed

1087 641 1257 668 hominibus
1271 642 1474 669 commertium
1498 642 1569 670 dare
1597 642 1782 670 debentibus.
1809 643 1890 671 Placet

1087 685 1165 712 enim
1182 686 1306 722 imperio
1321 694 1396 721 meo,
1414 685 1531 714 nullum
1547 695 1660 721 eorum,
1678 687 1731 723 qui
1745 688 1798 715 sub
1824 690 1890 723 pote-

1087 732 1162 757 state
1179 730 1293 766 imperii
1309 731 1506 759 Romanorum
1521 734 1592 759 sunt
1606 734 1636 759 et
1660 740 1728 759 cum
1759 732 1888 760 Veneticis

208 782 343 811 cantibus
358 780 471 808 intimis
484 776 1035 813 consanguineisimperiimei,semper
1088 777 1267 808 mercantur,
1294 774 1322 802 in
1343 775 1483 803 omnibus
1504 775 1675 811 regionibus
1695 776 1808 812 imperii
1833 777 1888 809 mei,

209 825 388 854 felicissimis
402 822 681 851 sevastocratoribus
705 820 860 848 Cesaribus
875 822 903 848 et
918 819 1034 847 dilectis
1088 818 1148 846 sive
1163 826 1229 846 cum
1241 819 1283 846 eis
1300 820 1464 847 vendiderit
1478 822 1529 848 aut
1545 820 1616 848 adeo
1632 829 1701 848 eum
1729 821 1822 856 aliquo
1847 821 1889 849 ali-

208 869 325 906 imperii
340 868 397 896 mei
414 867 540 901 ﬁliabus,
565 874 598 893 ac
617 864 866 893 desideratissime
890 863 946 900 ipsi
971 871 1038 905 me;
1088 863 1158 898 quid
1174 863 1287 898 emerit,
1312 864 1382 891 dare
1406 864 1564 900 quicquam
1588 872 1639 900 pro
1669 865 1838 893 commercio
1856 865 1890 894 vel

211 916 351 950 Auguste.
382 912 481 940 Insula
505 910 650 947 Corypby,
684 909 850 945 Kepbalini,
884 908 1032 943 Zakintos,
1050 927 1073 950 η
1089 915 1140 943 pro
1160 907 1259 943 aliqua
1286 907 1343 936 alia
1371 908 1539 943 exactione;
1555 909 1607 937 sed
1629 917 1680 937 eos
1698 917 1764 938 esse
1791 910 1889 945 liberos,

211 960 335 994 Leukas,
351 957 456 986 Ithaki.
473 956 560 984 Orion
586 955 690 983 Patron
706 956 735 982 et
761 953 916 982 Methonis.
946 952 1033 980 Orion
1049 952 1073 960 ”
1088 953 1240 988 tamquam
1257 955 1286 980 et
1301 953 1421 988 ipsi,qui
1432 953 1642 981 commercium
1651 954 1722 981 dare
1737 954 1891 982 debentibus

211 1003 362 1037 Corinthii,
379 1005 475 1037 Argus
490 1002 519 1029 et
541 999 669 1036 Nauplii.
699 998 784 1027 Orion
814 998 979 1026 Thebarum
1004 999 1033 1025 et
1089 998 1267 1025 mereantUr.
1284 997 1314 1025 Si
1330 997 1396 1033 quis
1410 1005 1477 1025 vero
1492 1005 1584 1026 ausus
1598 998 1688 1026 fuerit
1703 998 1734 1026 in
1756 999 1891 1036 aliquoeos

211 1048 333 1085 Euripii,
349 1056 415 1076 cum
427 1046 534 1074 insulis
554 1047 651 1073 Andro
667 1046 694 1073 et
722 1043 845 1077 Caristo,
867 1045 937 1077 Keo,
966 1042 1033 1071 Milo
1086 1041 1262 1076 inquietare,
1277 1042 1321 1069 vel
1337 1041 1447 1077 aliquid
1463 1042 1499 1070 ab
1515 1043 1556 1070 eis
1571 1043 1698 1077 auferre,
1728 1052 1783 1079 qua
1802 1051 1891 1080 magna

212 1095 241 1121 et
255 1093 286 1120 in
301 1091 406 1121 ceteris
420 1090 537 1125 insulis,
552 1097 608 1124 que
618 1089 673 1117 sub
690 1090 777 1116 Antro
788 1089 858 1115 sunt
867 1089 896 1115 et
909 1087 1031 1115 Caristo.

211 1136 434 1166 Dodeconissos.
464 1133 624 1162 Mitilinim.
650 1133 746 1160 Chios.
781 1132 895 1160 Samos.
925 1131 1031 1159 Rodos.

210 1183 279 1210 Kos.
305 1179 455 1208 Strovilos.
480 1179 564 1206 Kriti.
590 1177 704 1213 Kipros.
729 1177 816 1204 Orion
838 1176 1031 1204 Athenarum.

210 1225 361 1254 Provincia
389 1223 583 1251 Velecbative.
618 1221 770 1249 Provincia
792 1220 935 1248 Valaebie.
966 1219 1032 1256 Epi-

209 1269 324 1306 skepsis
341 1268 541 1297 liimitriados.
568 1267 632 1294 Duo
647 1265 766 1294 Almeri.
787 1264 957 1301 Episkepsis
965 1265 1034 1292 Cre-

207 1314 348 1343 vennicon
365 1315 394 1341 et
409 1311 556 1340 Fersalon.
582 1309 751 1346 Episkeosis
776 1312 903 1337 Domocu
925 1310 953 1337 et
977 1309 1032 1337 Ve-

207 1359 296 1388 senis.
312 1356 516 1387 Chartularata
530 1356 645 1389 Ezeros,
663 1353 909 1390 Dobrocbuvysta,
925 1355 954 1381 et
976 1361 1033 1390 que

207 1405 262 1432 sub
278 1403 343 1439 ipsa
371 1403 441 1430 sunt
468 1400 545 1428 villo.
575 1399 697 1428 Tricala.
713 1398 876 1434 :Provinoia
905 1398 1030 1426 Larisae.

206 1447 377 1485 Episkepsis
392 1446 589 1474 Platamonos.
604 1443 764 1472 ’Provinoia
791 1442 892 1471 Trakis
916 1445 945 1471 et
973 1444 1032 1470 Ma-

208 1492 339 1526 cedonis,
353 1493 383 1520 et
397 1499 454 1527 que
470 1491 499 1518 in
515 1498 549 1518 ea
564 1491 633 1517 sunt
657 1489 848 1525 [episkepses]
879 1487 1032 1524 pbyscales

207 1541 234 1564 et
263 1534 442 1572 personales.
471 1533 640 1570 Episkepsis
682 1531 863 1560 Kerovachii.
903 1530 1030 1559 Silivria.

1087 1086 1132 1113 ira
1146 1086 1262 1122 imperii
1279 1086 1334 1114 mei
1350 1086 1405 1114 erit
1420 1086 1647 1121 infestandus,et
1659 1088 1738 1124 quod
1754 1089 1890 1116 auferetur.

1087 1130 1117 1158 in
1141 1131 1341 1167 quadruplum
1368 1131 1548 1160 redditurus.
1578 1132 1613 1160 Et
1638 1132 1695 1160 beo
1723 1133 1834 1168 quidem
1853 1133 1891 1168 Ide

1087 1174 1222 1203 libertate
1236 1175 1453 1203 ﬁdellissimoru
1460 1185 1487 1203 m
1494 1176 1533 1203 im
1539 1177 1618 1212 perio
1624 1185 1691 1205 meo
1699 1177 1893 1212 Veneticorum,

1087 1227 1175 1255 quam
1192 1219 1221 1247 in
1237 1221 1316 1247 omni
1332 1222 1501 1248 tenumento
1514 1220 1629 1257 imperii
1644 1222 1705 1249 mei
1720 1221 1865 1250 habebunt.

1122 1266 1258 1300 Insuper,
1274 1265 1412 1300 quoniam
1430 1265 1548 1301 quidem
1561 1265 1622 1300 jam
1640 1265 1713 1294 dicti
1734 1265 1816 1301 legati
1836 1274 1890 1302 pru-

1087 1308 1253 1336 dentissimi
1271 1309 1398 1342 Venetis,
1415 1309 1516 1337 Petrus
1532 1309 1655 1337 Michael
1678 1313 1707 1338 et
1735 1310 1891 1338 Octavianus

1087 1353 1236 1386 Quirinus,
1255 1353 1418 1381 retulerunt
1445 1353 1568 1389 imperio
1585 1361 1662 1387 meo,
1693 1354 1765 1390 quia
1791 1363 1822 1382 ex
1846 1362 1891 1381 non

1087 1398 1195 1433 scripto
1212 1406 1306 1433 usque
1321 1400 1350 1426 et
1362 1406 1440 1426 nunc
1454 1398 1554 1427 causis
1582 1398 1715 1427 inductis
1745 1399 1779 1427 ab
1807 1398 1888 1434 aliquo

1086 1441 1245 1470 Grecorum
1272 1445 1374 1471 contra
1403 1443 1530 1479 aliquem
1563 1443 1754 1480 'Veneticum,
1777 1453 1793 1472 a
1817 1444 1892 1480 legato

1085 1487 1205 1515 Venetis
1221 1495 1271 1523 per
1280 1489 1414 1523 tempore
1427 1488 1457 1515 in
1473 1496 1581 1524 magna
1590 1488 1663 1516 urbe
1678 1489 1817 1518 existente
1830 1489 1891 1523 iudi-

1085 1531 1158 1559 catis
1174 1534 1204 1559 et
1217 1532 1333 1564 solutis,
1353 1532 1503 1560 interdum
1518 1533 1639 1568 quidam
1661 1533 1818 1561 Grecorum
1837 1532 1890 1569 qui-

207 1579 378 1618 Episkepsis
405 1578 493 1606 Zurlii
522 1580 550 1606 et
574 1575 822 1613 Theodorupleos.
861 1575 1031 1612 Episkepsis
1050 1612 1068 1618 Α.
1085 1576 1211 1604 busdam
1228 1576 1357 1605 civilium
1366 1577 1503 1613 judicum
1526 1577 1570 1605 vel
1599 1578 1628 1605 in
1655 1578 1766 1613 palatio
1784 1577 1889 1614 'imperii

208 1612 353 1658 Mlessinis,
371 1622 603 1658 Arcbadiupleos
613 1620 1030 1658 etVulgaropbigi,Provincia
1046 1612 1068 1646 (ἶ
1089 1620 1144 1648 mei
1159 1621 1387 1649 custodientium
1403 1622 1574 1650 accedentes
1589 1612 1786 1651 adtractiones
1799 1612 1889 1659 gravis-

207 1668 384 1697 Cberonissi.
400 1667 551 1696 Provincia
562 1665 773 1702 Adrianupleos
781 1667 810 1693 et
826 1664 1029 1701 Didymotichi.

204 1713 357 1742 Provincia
364 1709 1029 1746 Branchialii,Provincianylipulsos,Veroys,

205 1759 300 1787 Maras
315 1760 343 1786 et
358 1755 669 1785 Archridii.Provinoia
678 1754 850 1781 Mesotbinie
860 1753 1030 1790 Episkepsis

203 1797 1030 1834 Damatrios.ProvinciaNicomedie,EpiskepsisPillarum

205 1850 235 1875 ct
250 1847 375 1874 Pitbion.
393 1843 542 1872 Provinciu
553 1843 673 1878 Opsikin
685 1845 713 1871 et
736 1843 831 1878 Eegeu
862 1850 930 1870 cum
963 1843 1030 1879 epi-

204 1890 305 1926 skepsi
319 1889 447 1925 Lopadiu
462 1890 490 1916 et
505 1887 871 1923 Appoloniade.Provincia
885 1887 1027 1916 Acberau.

205 1934 357 1963 Provincla
372 1931 679 1968 Atramyti.Provincia
694 1931 806 1959 Milasis
816 1934 845 1959 et
859 1931 1025 1960 Melanudii.

206 1978 360 2007 Provincia
374 1976 516 2005 Meandri.
543 1976 694 2004 Provincia
722 1976 932 2004 Neochastron.
958 1978 1028 2004 Pro-

205 2023 301 2052 vinoia
315 2022 541 2059 Phyladelpbye.
570 2021 722 2049 Pr0vincia
745 2021 862 2055 Attalis,
883 2018 1026 2057 Seleukie,

205 2068 387 2103 Antiochiae,
405 2067 557 2101 Laudikie;
574 2068 602 2095 et
613 2074 706 2102 usque
721 2066 816 2102 ipsam
832 2066 1025 2100 Antiochiam;

204 2116 233 2143 et
248 2113 423 2150 simpliciter
438 2112 467 2139 in
483 2112 562 2140 omni
577 2113 759 2145 tenumento,
785 2111 863 2148 quod
882 2112 937 2140 sub
963 2120 1026 2140 meo

203 2162 248 2188 est
263 2158 398 2195 imperio,
411 2157 471 2185 sive
483 2164 568 2184 secus
585 2156 654 2184 litus
670 2157 721 2184 aut
747 2155 825 2183 inl‘ra
839 2157 960 2185 terram.
993 2158 1026 2184 In

204 2204 343 2233 omnibus
358 2202 436 2231 enim
451 2201 558 2230 talibus
577 2201 745 2237 regionibus
771 2200 888 2236 imperii
917 2201 974 2229 mei
999 2202 1027 2229 et

203 2249 356 2281 Romanis,
369 2248 414 2276 vel
431 2246 577 2284 phiscales
597 2246 657 2274 sint
685 2248 736 2274 aut
755 2245 953 2274 ecclesiastica
981 2245 1025 2273 vel

203 2295 334 2330 subjects
349 2293 470 2321 secretis
485 2299 634 2319 sacrarum
648 2291 788 2318 domuum
805 2293 855 2318 aut
870 2290 943 2326 ipsis
958 2290 1026 2318 inti-
1041 2299 1064 2332 D

204 2339 262 2367 mis
275 2338 407 2375 cognatis
423 2336 539 2373 imperii
556 2335 623 2368 mei,
641 2344 692 2371 per
708 2335 807 2363 omnia
832 2334 1022 2363 fellicissimis

204 2381 486 2411 sevastooratoribus
501 2383 530 2408 et
549 2380 715 2412 Cesaribus,
732 2379 805 2415 ipsis
819 2379 931 2407 dilectis
946 2378 1022 2407 [ilia-

203 2427 260 2455 bus
275 2426 389 2462 imperii
407 2426 476 2459 mei,
492 2433 544 2453 nec
558 2433 615 2452 non
631 2426 660 2452 et
675 2423 730 2459 ipsi
747 2431 809 2451 mee
834 2423 1024 2452 dilectissime

203 2471 340 2505 Auguste,
352 2470 414 2498 sine
424 2469 635 2505 impedimento
651 2472 736 2496 erunt
751 2470 925 2503 marcentes,
951 2463 979 2495 et
994 2469 1023 2496 in

203 2515 268 2551 ipsa
284 2515 370 2542 etiam
388 2514 504 2541 urbium
521 2513 622 2550 regina
643 2512 754 2541 nullam
784 2512 961 2540 mollestiam
987 2513 1023 2541 ab

202 2559 300 2594 alique
315 2558 503 2592 sustinentes,
520 2566 573 2585 nec
588 2557 675 2585 etiam
691 2565 725 2585 ex
747 2558 807 2584 toto
822 2565 916 2593 usque
931 2566 1023 2585 unum

201 2603 318 2634 obolum
334 2602 565 2639 procommcrcio
577 2602 620 2630 vel
638 2601 772 2638 passagio
787 2601 829 2629 vel
839 2602 1024 2630 samariatico

198 2650 243 2679 vel
276 2648 424 2677 scaliatico
448 2647 493 2676 vel
516 2648 678 2683 portuatico
701 2647 745 2675 vel
770 2655 821 2683 pro
836 2647 934 2683 aliquo
967 2646 1023 2676 alio

197 2695 325 2732 capitulo
341 2693 484 2729 requisiti:
501 2693 622 2719 eandem
638 2693 726 2720 etiam
743 2692 908 2720 libertatem
935 2692 1024 2720 habe-

197 2741 273 2769 bunt
287 2741 315 2768 et
330 2739 365 2768 ab
382 2737 423 2766 eis
440 2737 585 2765 conducta
597 2736 724 2765 samaria
740 2738 768 2765 et
783 2736 957 2772 plaustra,et
971 2744 1024 2765 nee

1085 1663 1176 1691 simas
1192 1663 1381 1692 ﬂdellissimis
1397 1665 1522 1701 imperio
1536 1673 1602 1694 meo
1617 1666 1763 1694 Veneticis
1774 1666 1888 1702 superin-

1085 1708 1207 1744 ducunt,
1223 1711 1252 1736 et
1266 1709 1295 1736 in
1308 1717 1454 1738 carcerem
1465 1710 1577 1737 retrudi
1592 1718 1641 1739 eos
1656 1711 1777 1745 faciunt,
1789 1713 1815 1738 et
1839 1718 1888 1738 om-

1085 1753 1174 1780 nibus
1198 1753 1263 1780 aliis
1292 1753 1482 1782 dedecoribus
1516 1754 1632 1789 subici;
1666 1755 1811 1792 deprecati
1833 1755 1888 1782 sunt

1084 1797 1174 1833 igitur
1189 1798 1344 1834 imperium
1361 1807 1470 1833 meum,
1489 1801 1564 1827 utet
1587 1800 1644 1828 tale
1668 1800 1826 1837 capitulum
1847 1807 1887 1835 per

1084 1850 1204 1878 presens
1219 1842 1427 1878 cbrysobulum
1439 1844 1559 1872 verbum
1570 1844 1688 1881 imperii
1700 1845 1755 1873 mei
1767 1845 1885 1876 solvatur,

1083 1889 1111 1914 et
1121 1888 1298 1915 concedatur
1312 1887 1364 1921 eis,
1381 1888 1458 1923 quod
1474 1888 1564 1916 Greco
1578 1889 1709 1925 lquidem
1733 1892 1827 1917 contra
1846 1887 1887 1915 Ve-

1083 1931 1211 1959 neticum
1228 1935 1331 1968 agente
1345 1932 1375 1960 in
1392 1933 1554 1968 pecouniali
1569 1940 1690 1966 causa,a
1706 1935 1797 1970 legato
1811 1935 1885 1961 Vene-

1081 1977 1130 2010 tis,
1147 1977 1198 2012 qui
1213 1979 1284 2004 tunc
1299 1977 1328 2004 in
1343 1984 1449 2013 magna
1478 1978 1532 2005 erit
1555 1978 1638 2014 urbe,
1663 1979 1808 2014 judicium
1835 1976 1883 2004 fieri

1082 2021 1209 2055 debeat;
1235 2021 1372 2049 Venetico
1391 2030 1458 2050 vero
1488 2026 1589 2050 contra
1612 2023 1738 2051 Grecum
1766 2022 1882 2051 similiter

1082 2068 1194 2100 agente,
1210 2065 1234 2093 si
1260 2066 1391 2100 quidem,
1416 2067 1467 2102 qui
1497 2069 1566 2094 tunc
1598 2067 1685 2095 fuerit
1713 2066 1882 2096 cancellarius

1081 2110 1125 2137 vie
1141 2110 1248 2145 (63),in
1265 2118 1372 2146 magus.
1396 2111 1468 2139 urbe
1496 2111 1592 2145 iverit,
1616 2112 1694 2147 apud
1725 2121 1789 2140 eum
1810 2117 1882 2139 causa

1082 2155 1189 2182 moveri
1208 2155 1372 2190 etjudicari
1389 2155 1492 2183 debeat
1509 2164 1516 2184 :
1545 2156 1570 2183 si
1601 2164 1667 2184 vero
1685 2158 1757 2185 forte
1784 2156 1838 2193 ipse
1859 2155 1882 2181 in

1082 2207 1187 2235 magna
1204 2201 1275 2227 urbe
1291 2208 1348 2228 non
1366 2199 1462 2235 fuerit,
1473 2203 1543 2228 tunc
1558 2202 1636 2237 apud
1658 2209 1796 2238 magnum
1818 2200 1880 2235 loga-

1081 2243 1198 2272 riastam
1215 2251 1302 2272 cause
1315 2244 1486 2279 judicentur
1501 2254 1508 2273 :
1525 2246 1651 2282 graviter
1671 2247 1782 2282 quidem
1808 2245 1879 2279 impe-

1082 2288 1156 2315 rium
1174 2296 1272 2316 meum
1288 2289 1374 2317 talem
1391 2297 1490 2318 eorum
1508 2290 1620 2326 accepit
1635 2292 1664 2318 et
1679 2291 1840 2327 peticionem
1859 2289 1881 2314 et

1079 2341 1113 2360 ex
1127 2334 1187 2361 toto
1208 2333 1243 2361 ab
1259 2333 1323 2369 ejus
1339 2333 1586 2370 complementum
1615 2343 1745 2363 annuere
1772 2333 1877 2362 nolebat.

1076 2378 1130 2406 Sed
1146 2377 1286 2414 quoniam
1310 2377 1403 2406 multa
1430 2378 1575 2407 instaneia
1603 2379 1789 2415 predeclarali
1810 2375 1878 2413 legati

1077 2423 1113 2450 ad
1130 2423 1286 2459 imperium
1303 2431 1401 2451 meum
1418 2424 1564 2459 fecerunt,
1587 2426 1614 2452 et
1638 2432 1674 2453 ne
1703 2424 1768 2452 talis
1795 2428 1876 2451 eorum

1077 2468 1242 2504 deprecatio
1258 2476 1315 2495 non
1327 2467 1525 2501 exaudiretur,
1542 2469 1658 2505 magnis
1677 2469 1806 2505 precibus
1819 2473 1875 2501 sup-

1078 2512 1304 2548 plicaverunt,ut
1319 2512 1373 2540 hoc
1384 2514 1445 2540 solo
1456 2513 1585 2549 capitulo
1601 2521 1736 2550 separare
1748 2511 1875 2541 Venetiam

1078 2567 1095 2586 a
1111 2557 1252 2585 Romanis.
1265 2557 1389 2589 valente,
1403 2558 1560 2594 imperium
1577 2567 1674 2587 meum
1696 2566 1795 2595 puram
1806 2556 1874 2584 iidem

1078 2604 1107 2630 et
1125 2603 1231 2629 bonam
1252 2602 1351 2629 circha
1373 2602 1545 2630 Romaniam
1574 2603 1693 2632 Venetie
1722 2601 1875 2632 voluntatem

1079 2655 1135 2674 non
1146 2646 1428 2682 ignorans,insuper
1446 2649 1475 2674 et
1490 2648 1752 2683 predeclaratorum
1774 2644 1876 2683 pruden-

1077 2692 1260 2727 tissimorqm
1277 2691 1395 2719 chetie
1412 2691 1583 2727 legatorum,
1601 2692 1676 2720 Petri
1696 2690 1830 2720 Michaelis
1852 2686 1872 2714 ei

1078 2736 1226 2764 Octaviani
1260 2735 1383 2772 Quirini,
1414 2737 1673 2773 mugnoinstantie
1700 2746 1732 2766 ac
1750 2733 1871 2770 supplica-

234 2846 288 2881 (63)
305 2845 462 2882 Logotbela
483 2842 579 2873 dsomi
605 2842 728 2871 iudicari
758 2842 881 2871 videtur.
908 2842 986 2870 Infra
1001 2853 1016 2868 ‹‹
1031 2841 1082 2871 Vis
1098 2841 1256 2879 logotheta.
1276 2853 1286 2867 ι

1945 1411 1949 1499 l
