1973 3154
84 183 131 213 493

625 177 819 210 ΝονΕιιιΕ
838 175 1186 208 CONBTITUTIONES.

1700 180 1760 210 491

83 247 141 276 tioni
152 246 291 280 inﬂexum,
318 245 441 282 precipit
451 246 526 283 [per]
536 253 657 282 presens
672 242 881 281 chrysobulum
896 241 925 275 Α
937 242 1017 270 tione
1031 242 1108 271 inter
1119 243 1244 273 Grecum
1259 245 1287 273 et
1301 245 1471 273 Veneticum
1486 245 1628 274 existente
1643 252 1763 274 movea-

80 293 192 325 verbum,
209 291 281 326 quod
297 292 388 319 Greco
404 291 521 327 quidem
538 293 640 319 contra
663 289 834 317 Veneticum
851 288 881 315 in

81 335 242 374 peccuniaria
252 343 340 363 causa
347 335 643 372 agente,lcgatus,qui
651 343 702 371 per
711 337 843 370 tempora
853 333 881 359 in

80 389 168 416 magna
186 380 253 407 urbe
268 380 333 412 erit,
351 379 408 408 tale
430 379 578 415 judicium
603 382 825 415 perscrutetur;
854 379 882 405 et

78 425 169 461 scripto
180 424 292 460 quidem
304 424 504 453 demonstrato
514 433 530 452 a
540 425 638 452 Graeco
649 422 790 451 tavulario
802 429 880 450 com-

78 469 165 505 posito,
176 468 331 497 certiﬁcato
343 469 431 497 etiam
439 469 474 497 ab
487 468 723 505 aliquojudicum
735 467 789 496 veli
798 469 825 495 et
834 467 882 502 epi

77 513 273 549 tuyppodromi
288 513 331 541 vel
350 513 522 541 semiomate
537 513 664 549 alicujus
680 513 879 549 predictorum

73 559 200 594 judicum,
216 559 265 586 aut
280 560 308 586 et
323 558 358 586 ab
374 557 472 594 aliquo
487 558 657 594 pontiﬁcum
671 557 714 585 vel
731 558 766 585 ab
782 557 880 593 aliquo

77 602 197 630 tsvulario
218 602 260 630 vel
289 603 395 638 judice,
426 611 477 638 per
505 611 592 638 quem
620 602 697 638 apud
722 602 880 629 Veneticos

76 647 181 684 dignum
196 647 250 674 fide
266 647 420 683 habeatur,
438 648 601 676 secundum
615 647 787 682 hujusmodi
807 645 879 674 scri-

76 694 107 729 pti
114 692 393 728 comprehensionem
401 693 578 721 decisionem
585 701 672 721 cause
678 701 711 720 su
717 691 878 728 perinduci.

75 738 110 765 Sic
123 737 202 764 etiam
219 737 298 772 quod
314 745 367 773 per
395 737 611 773 qualecumque
635 740 749 773 tempus
766 745 782 765 δ.
795 737 878 765 nobi-

74 781 169 810 lissimo
180 781 205 809 ei
223 781 346 817 imperio
363 790 426 810 meo
442 781 614 810 fidelissimo
630 784 828 817 protosevnsto
850 784 879 810 et

74 827 132 854 duce
145 825 258 853 Venetia
275 826 312 853 ad
329 833 466 862 magnam
482 826 583 854 urbem
601 827 734 854 mittetur
753 826 877 863 legatus,

73 870 143 907 etqui
154 870 206 898 sub
216 870 385 906 eojudices,
399 871 499 899 statim
512 873 576 907 post
587 871 617 899 in
629 879 764 907 magnam
774 871 875 899 urbem

75 923 157 942 eorum
182 914 336 942 introitum
364 915 479 942 ostendi
508 915 634 943 debeant
661 915 697 950 ei,
728 914 778 951 qui
806 917 876 943 tunc

73 960 117 987 erit
129 959 168 986 vis
183 958 388 994 cancellarius,
404 961 455 987 aut
470 960 494 988 si
510 959 574 996 ipse
589 961 660 988 tunc
683 959 876 988 cancellarius

74 1006 130 1030 tunc
143 1003 170 1030 in
189 1003 442 1039 Constantinopoli
467 1012 523 1031 non
549 1004 647 1038 fuerit,
670 1004 707 1038 ei,
731 1004 782 1039 qui
805 1007 876 1032 tunc

72 1047 115 1075 erit
128 1056 246 1084 magnus
262 1048 440 1084 logariasta;
457 1050 485 1076 et
500 1049 535 1076 ab
552 1057 584 1076 eo
609 1049 714 1076 debeat
737 1049 813 1077 mitti
839 1049 875 1077 ad

71 1092 201 1120 ecclesiam
215 1092 422 1120 Veneticorum
437 1101 488 1129 per
504 1101 645 1129 magnum
675 1093 875 1129 interpretem,

69 1137 106 1164 vel
121 1137 142 1164 si
158 1137 210 1173 ipsi
227 1145 284 1164 non
311 1137 409 1171 fuerit,
439 1146 491 1173 per
518 1137 646 1173 aliquem
675 1138 755 1166 curis
783 1137 875 1166 alium

71 1181 248 1217 interpretem,
264 1183 294 1210 et
310 1189 361 1217 per
375 1190 467 1209 unum
493 1190 604 1216 eorum,
629 1182 678 1218 qui
703 1182 875 1210 cancellarie

69 1226 170 1262 scriptis
186 1226 368 1260 deserviunt,
386 1229 437 1254 aut
466 1235 518 1262 per
546 1235 639 1254 unum
667 1227 874 1255 secreticorum

69 1270 149 1305 magni
163 1269 349 1307 loguriastae,
363 1270 388 1298 si
405 1270 471 1299 talis
483 1271 662 1307 gramaticus
672 1274 741 1299 tunc
754 1279 875 1308 presens

68 1323 114 1342 non
128 1315 209 1343 fuerit
223 1324 230 1349 ;
247 1318 276 1343 et
292 1315 322 1342 in
341 1315 435 1343 medio
450 1315 543 1352 ipsius
560 1315 763 1344 Veneticorum
779 1316 872 1345 eccle-

68 1359 100 1386 sie
112 1359 137 1386 in
151 1359 332 1387 audientiam
349 1360 445 1387 tocius
461 1360 654 1396 plenitudinis
666 1361 872 1389 Veneticorum

65 1407 121 1431 tunc
130 1404 157 1432 in
165 1404 418 1440 Constantinopoli
430 1405 618 1433 existentium
630 1405 872 1441 debeantjurare,

66 1449 127 1484 quod
141 1451 214 1476 recte
226 1452 253 1476 et
262 1450 347 1484 juste
356 1452 385 1476 et
395 1449 460 1476 sine
482 1450 668 1485 susceptione
679 1458 871 1486 personarum

65 1493 99 1520 vel
112 1493 228 1529 alicujus
244 1493 316 1521 doni
331 1493 391 1521 dati
406 1494 449 1521 vel
460 1494 872 1531 promissijuditia,queinter

66 1537 154 1565 Greene
175 1541 287 1566 actores
313 1540 342 1566 et
364 1537 517 1566 Veneticos
542 1547 607 1567 reos
631 1542 726 1572 erunt,
754 1539 870 1574 facient,

66 1590 106 1610 nec
115 1582 225 1618 aliquod
238 1582 420 1618 adjutorium
433 1583 576 1611 Veneticis
586 1583 782 1619 tribuent,sed
797 1592 872 1620 equa

65 1626 131 1655 lance
141 1627 293 1664 utriusque
305 1635 426 1655 causam
438 1629 497 1655 tam
509 1628 592 1655 Greci
608 1636 696 1664 quam
708 1630 736 1656 et
747 1628 872 1656 Venetici

65 1671 212 1700 diseernent
225 1674 256 1700 et
267 1672 464 1707 judicabant:
483 1672 616 1700 Venetico
633 1681 681 1700 reo
697 1673 806 1701 donare
821 1674 872 1701 de-

63 1716 133 1744 bente
152 1717 241 1744 Greco
257 1718 356 1744 actore
371 1717 538 1752 calumpnie
563 1720 794 1751 sacramentum,
806 1718 870 1754 ipso

62 1760 180 1789 Venetico
191 1760 253 1789 solo
260 1761 365 1797 jurare
376 1761 499 1789 debente
510 1762 667 1790 decisionis
676 1770 764 1791 cause
773 1771 871 1791 sacra-

63 1808 189 1840 mentum,
203 1806 257 1839 ita,
275 1806 356 1842 quod
372 1805 486 1842 integre
502 1806 659 1835 decisionis
675 1815 762 1835 cause
774 1815 870 1836 sacra-

62 1853 174 1878 mentum
185 1851 345 1879 Veneticus
352 1850 443 1878 Greco
455 1851 550 1887 possit
559 1851 780 1887 referre,sivult,
787 1855 873 1888 prout

62 1896 83 1921 et
95 1894 126 1922 de
139 1895 190 1923 hoc
206 1895 432 1931 prudentissimi
447 1894 534 1931 legati
550 1895 757 1924 Veneticorum
771 1905 870 1925 meum

62 1938 187 1975 deprecati
203 1941 276 1968 sunt
292 1939 461 1976 imperium.
484 1939 519 1967 Et
542 1940 596 1968 hec
621 1941 753 1977 quidem,
780 1941 870 1970 Greco

61 1986 145 2012 contra
157 1984 331 2013 Veneticum
346 1985 460 2020 agente.
476 1984 505 2012 Si
529 1993 597 2013 vero
619 1985 775 2014 Veneticus
799 1995 870 2014 con-

63 2029 98 2056 trs
106 2028 223 2057 Grecam
234 2029 340 2065 egerit,
351 2029 430 2064 apud
441 2030 513 2057 tunc
526 2029 733 2058 cancellarium
745 2030 800 2065 vis,
824 2031 870 2059 vel

62 2079 111 2100 eos
124 2081 227 2110 magna
243 2073 318 2101 urbe
334 2073 465 2107 absente,
482 2074 558 2109 apud
576 2082 716 2110 magnum
744 2075 870 2111 legaris-

63 2119 123 2145 stam
139 2117 298 2154 querellam
314 2118 418 2146 debeat
433 2126 605 2154 proponere,
620 2121 648 2147 et
672 2119 781 2155 scripto
805 2119 870 2155 qui-

62 2161 116 2190 dem
126 2162 178 2191 ﬂde
191 2163 282 2199 digno
295 2162 438 2191 existente
453 2163 543 2191 actori
558 2163 705 2198 Venetico,
736 2163 871 2200 quamvis

62 2213 76 2233 a
84 2205 162 2235 Greco
172 2207 316 2236 tavulario
328 2207 486 2242 autjudice
497 2207 552 2236 veli
563 2210 592 2235 et
601 2208 870 2245 epituyppodromi,

63 2252 282 2288 autopontiﬁce
295 2251 338 2279 vel
363 2251 499 2280 Venetico
528 2252 673 2281 tabulario
701 2253 745 2281 vel
769 2253 871 2288 judice

937 288 986 314 tur
1001 295 1099 322 causa,
1128 297 1233 325 magna
1258 289 1377 326 quidem
1403 289 1545 318 existente
1567 289 1711 318 seditione
1732 291 1763 319 et

937 331 972 358 ad
989 332 1207 362 multitudinem
1220 335 1344 362 deventa
1359 337 1386 362 et
1403 336 1437 362 ad
1468 335 1659 363 homicidium
1686 335 1762 364 forte

936 378 1121 412 perveniente
1136 382 1187 406 aut
1203 387 1325 415 magnas
1341 379 1452 415 plagas,
1468 381 1540 407 tunc
1568 379 1759 409 cancellarius

935 420 989 455 vis,
1006 421 1047 448 vel
1066 430 1098 449 eo
1115 431 1131 450 n
1147 431 1253 459 magna
1278 424 1349 451 urbe
1379 425 1509 459 absente,
1541 429 1610 452 tunc
1638 433 1757 460 presens

936 465 991 501 (64)
1010 467 1038 493 in
1069 466 1175 502 palatio
1204 468 1432 496 Vlachernarum
1463 469 1698 505 primiceriorum
1728 471 1757 497 et

934 510 1147 539 strattiotarum
1157 512 1328 548 hujusmodi
1340 514 1570 549 perscrutabitur
1579 522 1710 549 causam,
1727 516 1756 542 et

936 556 967 581 ut
983 555 1017 582 ab
1033 563 1066 585 eo
1081 559 1282 592 cognoscetur,
1300 557 1392 585 solvet
1411 560 1439 585 et
1465 558 1638 593 ulciscctur;
1663 567 1752 594 parva

934 607 1001 627 vero
1016 602 1045 627 et
1060 601 1095 628 ad
1112 609 1203 628 unum
1218 602 1263 630 vel
1279 602 1313 630 ad
1329 602 1404 630 duos
1431 603 1565 637 deducta,
1591 603 1615 630 si
1637 603 1755 638 quidem

933 643 1103 673 vulneratus
1116 645 1230 681 plagam
1247 647 1422 675 mediocrem
1445 647 1596 675 sustinens
1611 649 1662 675 aut
1677 648 1754 684 inju-

934 688 1007 716 riam
1024 688 1177 718 Veneticus
1193 691 1377 727 fuerit,apud
1395 693 1464 719 tunc
1476 691 1684 720 cancellarium
1700 693 1754 728 vie,

932 732 977 760 vel
994 741 1026 761 eo
1042 742 1058 761 a
1074 742 1180 771 magna
1196 735 1267 764 urbe
1282 736 1416 770 absente,
1436 737 1513 772 apud
1530 739 1599 764 tunc
1614 745 1756 773 magnum

931 776 1120 813 logariestam
1137 779 1297 815 querellam
1307 784 1459 817 proponat,
1471 783 1498 809 et
1505 782 1668 810 secundum
1679 782 1756 818 leges

931 821 1089 850 vindictam
1105 823 1235 852 habebit.
1252 825 1281 852 Si
1306 833 1374 853 vero
1403 825 1512 853 Grecus
1541 826 1629 854 fuerit
1656 826 1755 862 ydiota

931 865 1060 901 quidem,
1077 869 1105 894 et
1120 876 1177 895 non
1194 877 1227 896 ex
1242 871 1362 897 senatus
1379 869 1512 897 consulto
1529 872 1579 898 aut
1595 870 1630 898 de
1645 870 1752 899 clario-

931 909 1012 938 ribus
1036 911 1207 940 hominibus
1235 914 1315 941 curis
1345 913 1459 950 imperii
1490 915 1546 942 mei
1575 915 1750 950 consistens,

931 955 1009 990 apud
1024 955 1154 992 legatum
1170 957 1377 986 Veneticorum
1392 961 1420 986 et
1443 959 1498 986 sub
1523 967 1556 987 eo
1575 960 1693 995 judices
1714 961 1749 988 de

929 998 1039 1035 injuria
1053 1003 1081 1028 et
1096 1002 1236 1030 dedecore
1251 1003 1410 1031 movebunt
1425 1011 1558 1039 causam,
1573 1007 1600 1032 et
1624 1003 1661 1031 ab
1685 1004 1751 1033 istis

930 1044 1071 1080 suscipiet
1097 1046 1270 1074 vindictam.
1295 1047 1454 1084 Diligenter
1482 1048 1560 1076 enim
1593 1048 1751 1085 imperium

930 1096 1028 1117 meum
1045 1090 1174 1125 confidit,
1192 1092 1269 1127 quod
1300 1100 1389 1128 super
1416 1092 1588 1128 hujusmodi
1615 1094 1753 1130 capitulis

929 1136 1113 1162 sacramenta
1138 1144 1189 1171 pro
1210 1136 1333 1172 justicia
1361 1137 1583 1166 intervenientia
1610 1138 1752 1174 Venetici,

930 1178 1037 1213 quibus
1049 1179 1195 1214 judicium
1211 1183 1256 1208 est
1271 1182 1475 1216 commissum,
1492 1190 1550 1210 non
1578 1183 1753 1219 despicient,

929 1222 1020 1251 immo
1035 1224 1171 1252 similiter
1185 1227 1213 1253 et
1227 1226 1256 1253 in
1279 1226 1449 1262 hujusmodi
1476 1227 1574 1255 causis
1598 1227 1752 1263 justiciam

928 1268 1104 1303 custodiant,
1122 1270 1371 1305 quemadmodum
1388 1273 1416 1298 et
1443 1271 1472 1299 in
1497 1271 1701 1308 peccuniariis,
1724 1275 1752 1302 et

928 1318 986 1338 non
1002 1313 1116 1340 tantum
1135 1313 1272 1342 honorem
1288 1314 1333 1342 vel
1349 1315 1477 1344 dedecus
1501 1315 1562 1344 sive
1585 1317 1750 1352 proficuum

926 1355 970 1382 vel
991 1357 1152 1393 dampnum
1182 1359 1388 1387 Veneticorum
1420 1361 1576 1396 curabunt,
1606 1363 1748 1397 quantum

927 1408 1027 1428 eorum
1044 1406 1240 1438 sacramenta,
1256 1412 1312 1440 que
1326 1405 1362 1432 ob
1379 1405 1420 1432 eis
1450 1413 1500 1441 pro
1521 1406 1641 1441 justicia
1667 1406 1747 1442 fient,

926 1445 956 1472 in
972 1447 1109 1475 omnibus
1123 1448 1197 1476 bene
1210 1449 1363 1477 custodire
1374 1453 1401 1477 et
1415 1449 1576 1478 observare.
1594 1451 1634 1478 Ns
1649 1453 1748 1479 autem

926 1489 1014 1526 longa
1029 1494 1170 1526 sequatur
1185 1501 1266 1520 moro
1281 1493 1310 1520 in
1331 1493 1453 1528 judiciis
1483 1495 1559 1522 inter
1586 1494 1692 1523 Grecos
1720 1498 1750 1523 et

926 1534 1080 1563 Veneticos
1092 1536 1210 1572 futuris,
1223 1546 1274 1564 nec
1283 1537 1373 1565 libelli
1387 1539 1450 1566 dies
1463 1546 1515 1566 nec
1525 1539 1748 1568 interdictorum

928 1587 1022 1615 usque
1039 1580 1067 1608 in
1079 1580 1181 1616 viginti
1207 1582 1250 1609 vel
1280 1581 1411 1618 triginta,
1440 1585 1526 1619 prout
1554 1583 1750 1612 communiter

975 1608 983 1615 _
1108 1608 1124 1616 υ
1230 1608 1249 1609 η
1284 1608 1411 1618 Wouwer,
1441 1608 1525 1619 Γη-
1556 1608 1746 1612 -_.___-___--_

887 1608 909 1643 C
929 1625 1182 1661 secundumleges
1198 1628 1323 1662 tenetur,
1341 1627 1549 1655 cunnumerari
1564 1636 1627 1656 meo
1656 1628 1751 1664 placet

926 1668 1060 1704 imperio,
1072 1670 1122 1697 sed
1134 1671 1297 1698 secundum
1310 1679 1414 1699 novam
1424 1672 1663 1700 constitutionem
1676 1681 1751 1701 sem-

926 1713 1037 1749 piterne
1068 1715 1205 1742 memorie
1234 1715 1421 1751 imperatoris
1450 1718 1479 1744 et
1507 1716 1607 1745 dilecti
1651 1718 1749 1753 patrui

926 1758 1042 1794 imperii
1058 1759 1126 1791 mei;
1157 1759 1269 1787 domini
1300 1760 1444 1789 Manuelis
1471 1761 1612 1789 Gomnani
1642 1762 1748 1791 factam

925 1802 961 1831 de
975 1803 1105 1838 judiciis,
1121 1812 1176 1840 que
1191 1804 1268 1833 inter
1282 1807 1434 1834 extraneos
1449 1807 1478 1834 et
1493 1805 1648 1843 indigenas
1671 1807 1748 1836 cives

925 1852 1146 1878 conversantur.

960 1894 1085 1930 Insuper
1098 1898 1127 1922 et
1142 1894 1229 1923 aliam
1247 1895 1421 1932 peticionem
1446 1896 1546 1932 sepius
1570 1896 1747 1926 declaratum

924 1939 1142 1976 prudentissimi
1162 1939 1250 1976 legati
1266 1940 1299 1968 ad
1319 1949 1418 1968 meum
1434 1940 1566 1969 fecerunt
1590 1942 1748 1978 imperium

921 1983 1119 2021 justissimam
1132 1986 1161 2012 et
1172 1993 1236 2013 meo
1248 1985 1455 2021 acceptabilem
1465 1986 1750 2022 imperio.Petierunt

925 2029 1016 2060 enim,
1031 2030 1064 2056 ut
1078 2028 1213 2056 Venetico
1230 2029 1260 2057 in
1276 2028 1376 2065 aliqua
1404 2029 1522 2066 regione
1547 2030 1663 2066 imperii
1690 2031 1748 2059 mei

925 2073 1069 2100 moriente
1084 2072 1196 2100 nullam
1213 2074 1337 2109 praetori
1355 2076 1431 2101 terre
1453 2075 1488 2102 ad
1515 2075 1592 2102 bona
1617 2075 1747 2103 defuncti

924 2116 1052 2145 Venetici
1066 2117 1126 2153 peri
1138 2118 1346 2153 accessionem,
1358 2118 1450 2146 immo
1471 2119 1633 2146 secundum
1657 2119 1748 2155 placi-

924 2163 987 2190 tum
1002 2161 1104 2189 Veneti
1121 2161 1251 2190 defuncti
1266 2163 1330 2198 ejus
1345 2163 1554 2198 pispensentur
1577 2172 1623 2191 res
1652 2163 1696 2192 vel
1711 2164 1748 2192 ab

925 2206 990 2242 ejus
1005 2206 1072 2234 ﬁdei
1088 2206 1311 2242 commissariis,
1328 2206 1352 2235 si
1376 2207 1596 2236 testamentorie
1607 2208 1752 2244 contingit

925 2259 992 2280 eum
1007 2251 1172 2285 obiisse,vel
1184 2251 1218 2279 ab
1231 2251 1289 2280 hiis
1300 2251 1350 2287 qui
1362 2253 1559 2288 reperirentur
1567 2254 1638 2280 tunc
1646 2252 1685 2281 ibi
1698 2254 1751 2281 Ve-

64 2294 95 2322 sit
107 2295 309 2332 compositum,
330 2297 492 2324 secundum
508 2296 563 2324 hoc
580 2296 681 2333 utique
697 2305 787 2326 causa.
799 2298 874 2326 dect.
889 2295 913 2328 D
928 2295 1413 2332 neticis.Annuitigiturimperium
1424 2304 1523 2324 meum
1536 2298 1564 2324 et
1582 2296 1633 2324 tali
1648 2305 1750 2325 eorum

65 2338 143 2367 detur.
153 2341 268 2376 Scripto
281 2349 346 2369 vero
359 2341 448 2368 acteri
466 2349 523 2368 non
541 2341 694 2377 existente,
710 2343 873 2371 secundum

64 2381 150 2419 ipsum
163 2386 211 2422 jus
227 2388 256 2414 et
271 2387 352 2413 actor
367 2385 519 2414 Veneticus
530 2386 725 2421 judicabitur,
741 2389 770 2415 et
784 2387 874 2416 dona-

67 2427 134 2456 bitur
146 2430 265 2465 quidem
283 2433 311 2458 et
325 2433 426 2458 contra
440 2431 475 2458 ab
492 2438 525 2458 eo
541 2430 631 2458 Greco
647 2431 815 2468 calumpnie
825 2441 875 2460 sa-

66 2477 246 2502 cramentum.
272 2474 424 2502 Jurabitur
452 2476 550 2503 autem
575 2477 604 2503 et
628 2476 664 2503 ab
693 2476 756 2512 ipso
786 2476 875 2505 Greco

67 2515 153 2552 ipsum
168 2519 326 2547 deeisionis
354 2527 441 2548 cause
469 2522 688 2549 sacramentum
717 2521 767 2555 ita,
798 2523 875 2557 quod

68 2559 190 2591 Vsnstico
205 2563 301 2599 possit
329 2564 436 2592 referre
465 2572 480 2592 e
508 2567 620 2593 contra.
650 2566 685 2593 Et
714 2567 876 2594 secundum

69 2610 219 2640 precantem
235 2608 360 2636 formam
374 2610 518 2645 presentis
533 2609 634 2646 scripti
650 2610 740 2646 huius
761 2610 879 2647 chryso-

69 2649 118 2677 holi
144 2651 259 2688 imperii
288 2653 354 2688 mei,
382 2661 416 2681 ex
445 2661 524 2682 nunc
552 2656 581 2682 et
608 2654 745 2691 deinceps
771 2655 881 2691 juditia

72 2695 245 2729 pencuniaria
256 2696 333 2725 inter
342 2698 496 2727 Veneticos
509 2700 537 2727 et
553 2699 660 2727 Grecos
676 2699 859 2729 decidantur.

102 2740 229 2769 Preterea
243 2741 373 2778 quidem,
388 2743 414 2771 si
438 2743 474 2772 de
498 2743 642 2773 seditione
666 2744 710 2772 vel
739 2752 882 2781 repugna-

108 2846 161 2883 (64)
173 2847 257 2878 Forte
269 2857 376 2886 priscos.

929 2339 1079 2377 peticioni,
1095 2343 1121 2368 et
1136 2348 1188 2376 per
1202 2348 1322 2376 presens
1338 2341 1481 2376 scriptum
1501 2349 1571 2369 auro
1601 2341 1750 2377 signatum

929 2384 1138 2421 chrysobulum
1150 2385 1363 2420 verbumjubet
1375 2393 1381 2413 :
1394 2385 1466 2413 nulli
1478 2385 1507 2413 in
1532 2387 1594 2413 tota
1609 2385 1752 2415 Romanis.

929 2429 1048 2465 aliquod
1065 2429 1228 2457 dominium
1244 2430 1398 2463 exercenti,
1413 2430 1473 2458 sive
1488 2432 1605 2466 praetor
1632 2431 1752 2465 provin-

928 2473 968 2501 tie
984 2474 1033 2508 sit,
1048 2473 1109 2502 sive
1122 2473 1236 2502 villicus
1252 2474 1415 2510 personalis
1434 2474 1478 2502 vel
1507 2475 1677 2504 monasterii
1701 2478 1753 2504 aut

930 2518 1064 2555 ipsorum
1083 2518 1254 2546 intimorum
1271 2523 1462 2555 cognatorum
1493 2519 1609 2556 imperii
1633 2521 1702 2557 mei,
1726 2523 1756 2549 et

932 2562 1063 2598 ipsorum
1080 2563 1168 2590 etiam
1185 2562 1423 2591 felicissimorum
1439 2566 1703 2594 sevastocrntorum
1727 2566 1757 2593 et

934 2607 1072 2636 Cesarum
1086 2607 1129 2635 vel
1142 2607 1316 2635 dilectorum
1332 2607 1490 2636 liberorum
1506 2609 1621 2645 imperii
1638 2609 1694 2637 mei
1707 2611 1760 2636 aut

934 2652 1029 2688 ipsius
1040 2651 1230 2680 dilectissime
1243 2659 1305 2680 mee
1321 2653 1462 2689 Auguste,
1485 2653 1572 2681 licere
1587 2654 1647 2682 ullo
1672 2653 1758 2681 modo

935 2697 966 2726 in
981 2697 1185 2727 Veneticorum
1198 2698 1402 2727 defunctorum
1418 2706 1464 2727 res
1479 2706 1586 2727 manus
1600 2697 1759 2731 inmittere,

938 2745 966 2771 et
980 2742 1090 2779 aliquid
1106 2751 1140 2771 ex
1155 2742 1197 2771 eis
1212 2751 1306 2780 usque
1322 2744 1357 2772 ad
1374 2752 1466 2773 unum
1483 2743 1600 2772 obolnm
1618 2743 1759 2779 accipere,
