1973 3154
89 184 142 215 497
663 185 715 216 DE
736 185 1054 217 GALAMITATIBUS
1076 186 1204 218 CYPRL
1729 182 1789 213 498

88 252 136 278 τῶν
159 252 193 287 τῇ
222 249 304 287 χώρᾳ
327 246 553 285 συμὸεοηκότων.
576 251 762 289 Κρατηθιίσης
790 252 837 288 μὶν
854 252 904 289 γὰρ

1000 261 1012 280 ο
1029 253 1249 281 succedentium
1265 251 1543 287 calamitatum,quaa
1560 250 1671 288 regioni
1682 251 1788 278 nostra:

88 298 133 329 τῆς
159 293 343 332 Ἰερουσαλὴμ
366 293 420 321 ὑπὸ
440 296 489 322 τοῦ
512 295 592 327 ἀοέου
617 295 782 333 Σαλαχαντὶ,
805 297 856 331 τής
878 295 907 324 δὲ

1000 298 1155 334 nligcrunt.
1184 298 1298 325 Etenim
1315 297 1433 325 obtenta
1448 295 1648 333 Hierosolyma
1671 303 1723 332 per
1736 294 1790 322 im-

88 339 192 376 Κύπρου
220 338 274 365 ὑπὸ
301 338 434 366 Ἰσαακίου
458 341 506 366 τοῦ
532 341 686 376 Κομνηνοῦ,
705 340 792 377 μάχαι
809 339 904 368 λοιπὸν

1000 351 1043 369 1m
1072 342 1239 370 Salachanti
1264 351 1315 370 seu
1345 341 1528 373 Saladinum,
1559 345 1587 368 et
1621 343 1712 376 Cypro
1739 346 1790 374 per

87 384 126 412 καὶ
149 383 281 419 πόλεμοι,
311 384 427 420 ταραχαὶ
453 384 497 410 καὶ
518 384 719 419 ἀκαταστασίαι,
744 384 906 423 λαφυραγω-

1000 387 1103 414 Lscium
1133 387 1328 418 Comnenum.
1358 387 1494 422 deinceps
1511 393 1616 421 pugnae
1645 387 1673 412 et
1700 383 1787 418 bella,

87 428 138 466 γίαι
153 428 197 456 καί
220 426 307 455 δειναὶ
331 429 516 463 συναντήσεις,
541 429 591 463 τήν
616 433 666 466 γῆν
695 428 721 456 ἐν
738 428 796 466 ﬁci
813 427 905 464 δηλω-

1000 432 1105 459 rnultus
1127 440 1160 460 ne
1189 433 1358 467 seditiones,
1389 430 1621 467 depraedationes
1658 429 1787 464 saevique

88 473 170 504 θέντις
196 471 281 509 ᾖρξαν
317 471 505 509 κατεκάλυψαν
546 472 664 508 νεφέλης
700 473 745 501 καὶ
780 473 905 512 ὁμίχλης

1000 485 1045 504 ωε
1061 479 1166 504 terram
1184 477 1213 504 in
1231 485 1288 513 qua
1315 477 1447 513 praedicti
1477 477 1662 511 imperarunt
1689 473 1787 509 magis

85 516 172 545 πλέον.
191 515 264 544 Ἰδοὺ
281 516 332 554 γὰρ
359 517 372 544 ὁ
400 516 543 554 ζωηφόρος
563 519 611 545 τοῦ
631 517 731 555 Κυρίου
755 518 835 554 ἡμῶν
856 518 902 546 τά-

1000 524 1281 558 )peruerunt,quam
1299 522 1392 550 nubes
1420 523 1447 550 et
1477 520 1594 549 nebula.
1612 523 1683 548 Ecce
1707 518 1786 547 enim

86 571 130 600 φος
142 560 186 588 καὶ
201 561 236 588 τὰ
251 560 337 589 λοιπᾶ
358 559 420 598 ἅγια
443 560 573 597 ἐδοθησαν
595 565 654 594 τοῖς
672 562 733 590 κυσὶ
749 562 877 590 Μουσουλ
894 572 901 579 ·

1000 565 1106 593 riﬁcum
1136 566 1251 594 Domini
1281 566 1372 594 nostri
1411 565 1591 601 sepulcrum,
1623 566 1787 599 cretei-aque

87 606 174 642 μάνοις
191 603 237 632 διὰ
260 606 309 636 τὰς
341 605 474 643 ἅμαρτίας
502 607 593 643 ἡμῶν,
616 607 661 634 καὶ
684 605 792 645 δακρύει
818 607 843 634 ἐν
868 609 903 644 τῇ

1000 612 1072 646 nota,
1087 610 1196 638 tradita
1211 613 1281 639 sunt
1292 613 1410 647 propter
1419 612 1537 646 peccata
1547 611 1647 637 nostra
1663 608 1786 636 canibus

84 649 189 688 τοιαύτῃ
216 652 345 688 συμφορᾷ
368 653 440 678 πᾶσα
463 651 540 688 ψυχὴ
563 650 690 690 φιλόθεος
706 661 712 668 ·
729 651 905 689 Ταραχθέντα

1000 654 1176 689 isulmanis;
1193 663 1283 690 quare
1294 655 1322 682 in
1339 656 1420 682 tanta.
1435 653 1787 688 calumitatelacrymutur

86 693 110 722 δὶ
134 694 177 721 καὶ
203 694 238 722 τὰ
260 692 337 730 ἔθνη,
364 695 409 722 καὶ
440 694 576 733 βασιλεῖαι
603 695 748 724 κλιθεῖσαι.
773 696 842 723 κατὰ
873 696 904 723 τὸ

1000 697 1159 726 inisanima
1170 707 1233 734 quae
1246 698 1336 726 Deum
1348 697 1441 733 diligit
1455 697 1519 730 ςεθά
1535 699 1563 723 et
1575 695 1694 731 juxtaid
1705 694 1783 730 quod

83 740 264 776 γεγραμμένον
282 749 288 755 ·
318 739 333 766 6
362 739 541 776 ’Δλαμανίας,
571 740 656 778 φημὶ,
679 741 724 768 καὶ
751 740 766 768 ὁ
794 740 903 777 Ἐγκλι-

1000 743 1102 779 riptum
1118 745 1171 777 est,
1190 743 1366 772 Conturbataz
1385 746 1450 770 sunt
1477 745 1578 778 gentes,
1604 743 1631 768 et
1650 740 1787 768 inclinata

83 782 144 818 νίας,
167 784 211 810 καὶ
242 785 297 813 πᾶν
322 782 399 814 ἔθνος
425 783 544 822 σχεδὸν,
571 784 728 820 κεκίνηνται
760 785 826 822 ὑπερ
855 788 905 820 τῆς

1000 790 1022 815 τι
1036 795 1121 821 regna
1138 789 1145 806 ¹
1161 796 1167 815 :
1198 787 1368 820 Alamaniae,
1398 787 1532 822 inquam,
1559 784 1719 813 monarcha
1735 783 1785 819 (1)⁸

85 827 268 865 Ἰερουσαλὴμ,
284 828 331 855 καὶ
355 827 454 863 ἤνυσαν
480 827 569 857 οὐδὲν.
596 828 664 857 Οὐδὶ
687 829 737 868 γὰρ
753 828 904 865 ηὖδοκησεν

1002 831 1050 859 ille
1067 831 1175 867 Anglia:
1191 831 1241 867 (2),
1262 833 1434 867 cunctaeque
1454 829 1669 866 propemodum
1695 827 1786 855 natio-

85 872 237 910 ἡπρόνοια
281 873 363 903 κύνας
403 872 499 908 ἐξῶσαι
533 873 578 901 καὶ
616 872 716 905 λύκους
743 874 903 910 άντεισάξαι.

1000 885 1076 912 spro
1088 876 1295 913 Hierosolymis
1317 878 1401 904 motae
1431 877 1511 909 sunt,
1542 882 1595 902 nec
1624 872 1786 909 quidquam

85 918 275 953 profecerunt.
307 917 409 954 Neque
437 919 514 946 enim
545 919 655 955 placuit
673 919 777 948 divinae
806 920 1006 957 providentiae,
1040 929 1127 949 canes
1151 920 1303 957 expellere,
1333 923 1366 949 ut
1393 920 1478 957 lupos
1505 920 1534 948 in
1557 926 1658 947 eorum
1686 917 1784 945 locum

84 962 237 991 induceret.

119 1007 148 1043 β’.
164 1006 212 1034 Καὶ
238 1005 302 1034 ἷδοὺ
324 1007 358 1044 ιβ’
375 1006 496 1044 χρόνους
522 1006 566 1034 ἐπὶ
589 1007 620 1035 τὸ
642 1010 736 1046 χεῖρον
749 1009 783 1036 τὰ
797 1008 942 1046 κύματαΒ

86 1053 269 1090 κορυφοῦνται.
286 1051 348 1080 "En
363 1061 393 1079 τε
417 1051 461 1079 καὶ
484 1051 564 1083 αὐτὸς
590 1053 604 1079 6
625 1052 684 1083 υἱὸς
699 1053 780 1089 ἡμῶν
794 1053 808 1080 ὁ
824 1063 904 1080 πνευ-

87 1097 200 1132 ματικὸς,
225 1096 298 1134 πρὸς
321 1095 352 1123 ’ὸν
373 1094 481 1131 δηλαδή
500 1095 584 1124 ταῦτα
605 1095 767 1135 ἐγράφομεν,
783 1098 816 1125 τὰ
832 1096 905 1125 δεινὰ

89 1141 122 1177 μὴ
136 1139 275 1179 ὑποφέρων
302 1139 413 1178 βλέπιιν
436 1151 466 1168 τε
492 1141 538 1168 καὶ
565 1140 672 1168 ἀκούειν
701 1143 745 1169 καὶ
761 1141 791 1169 ἐκ
807 1143 904 1180 μέρους

87 1185 164 1212 αὐτῶν
180 1185 312 1222 πάσχειν,
339 1186 406 1221 μετά
432 1183 540 1216 πολλὰς
565 1185 705 1222 περινοίας
721 1186 765 1213 καὶ
781 1187 907 1224 μηχανὰς

88 1229 184 1268 ἐξέφυγε
198 1231 299 1267 χεῖρας
326 1227 486 1266 μιαιφόνους
513 1229 562 1257 σὺα
584 1230 664 1257 παντὶ
689 1232 728 1266 τῷ
749 1230 810 1267 λαῷ
823 1231 908 1258 αὐτοῦ

87 1272 138 1309 θείᾳ
158 1273 239 1311 ῥοπῇ,
269 1272 318 1301 καί
347 1275 552 1313 προσφοιτήσας
582 1274 704 1312 Ἀγγέλῳ
730 1277 770 1312 τῷ
801 1274 909 1313 βασιλεῖ

88 1317 393 1353 Κωσταντινουπόλεως,
422 1317 595 1356 προσεδέχοη
636 1318 763 1356 ἐντίμως,
804 1319 849 1347 καὶ
877 1320 908 1347 τὸ

86 1360 209 1390 caesa-toi}
224 1363 310 1402 γέρας
334 1360 448 1400 εἴληφεν
474 1363 500 1399 ἐξ
520 1363 615 1391 αύτοῦ.
632 1363 702 1401 Ἐγὼ
731 1362 759 1392 δὶ
777 1365 826 1400 τήν
844 1364 909 1392 ὐπό-

90 1417 172 1445 σχισιν
193 1407 357 1445 ἐκπληρῶν,
373 1406 433 1435 ἰδοὺ
461 1407 507 1435 σὺν
536 1410 595 1444 Θεῷ
619 1409 715 1448 γράφω
743 1409 788 1436 καὶ
802 1409 836 1436 τὰ
850 1408 909 1436 ἐπί-

91 1451 176 1487 λοιπα,
192 1452 229 1483 ὡς
256 1452 433 1490 ὑπεσχόμην,
456 1455 516 1484 τοῖς
531 1451 726 1490 ἐντυγχάνουσι
741 1452 907 1491 παραδηλῶν

89 1497 132 1530 τὴν
161 1496 310 1524 ἐνεστῶσαν
348 1495 508 1535 δυσχέρειαν
542 1499 596 1524 τῶν
625 1498 814 1535 πραγμάτων·
847 1497 908 1532 ἥτις

91 1538 136 1578 ἄρα
158 1539 305 1580 δυσχέριια
327 1543 380 1568 ποῦ
402 1539 434 1576 δὴ
469 1540 625 1578 καταλήξει,
665 1540 735 1569 οἶδεν
767 1540 855 1573 οὐδεὶς
881 1542 908 1569 ἐν

93 1585 248 1623 ἀνθρώποις,
264 1585 289 1613 εἴ
310 1586 347 1622 μὴ
366 1585 449 1622 μόνος
475 1586 489 1613 6
513 1585 646 1621 ἐπιτιμῶν
670 1588 704 1623 τῇ
727 1585 848 1624 θαλάσσῃ
864 1585 909 1613 καὶ

91 1632 142 1661 τοῖς
165 1629 291 1667 ἀνέμοις,
315 1631 360 1658 καὶ
383 1629 563 1669 γαληνιῶσιν.
588 1630 661 1658 Ξένα
688 1631 748 1658 τινὰ
775 1631 820 1658 καὶ
849 1629 911 1658 δυσ-

93 1675 214 1710 ήκουστα,
228 1675 263 1703 τὰ
275 1677 313 1712 τῇ
337 1676 418 1713 χώρᾳ
441 1675 524 1712 ταύτῃ
545 1672 738 1712 συμϐεϐηκότα
749 1674 823 1703 δεινά
840 1685 847 1692 ”
863 1675 908 1703 καὶ

91 1721 191 1747 τοιαῦτα
219 1720 255 1751 ὡς
284 1720 388 1751 πάντας
409 1719 472 1751 τοὺς
510 1719 592 1755 αὐτῆς
631 1719 780 1752 πλουσίους
810 1719 907 1748 ἐπιλα-

95 1764 176 1796 θὲσθαι
203 1764 330 1793 πλούτου
358 1764 456 1799 αὐτῶν,
486 1763 622 1802 λαμπρῶν
655 1765 826 1802 οἰκημάτων,
850 1775 912 1803 συγ-

93 1811 180 1845 γενῶν,
214 1809 341 1844 οἰκετῶν,
382 1807 569 1848 ἀνδραπόδων,
606 1809 731 1845 πλήθους
764 1809 909 1846 ποιμνίων,

96 1853 250 1890 βουκολίων,
295 1853 427 1882 λακινιῶν
469 1855 518 1892 (3),
559 1854 741 1892 βοσκημάτων
763 1854 910 1890 παντοίων,

95 1900 187 1935 χωρῶν
216 1898 383 1938 σιτοφόρων,
417 1898 462 1926 καὶ
503 1898 656 1937 παμφόρων
691 1898 835 1936 ἀμπέλων,
865 1898 910 1926 καὶ

96 1941 254 1980 παραδείσων
294 1943 441 1978 ποικίλων,
470 1943 515 1971 καὶ
555 1942 622 1980 μετᾶ
649 1942 759 1978 πολλῆς
789 1942 912 1976 σπουδῆς

97 1986 256 2015 ἀποπλεῦσαι
277 1987 366 2024 λάθρα
391 1987 459 2025 πρὸς
489 1987 583 2025 χώρας
607 1986 765 2018 ἀλλοδαπὰς
783 1988 826 2015 καὶ
843 1987 911 2024 πρὸς

96 2031 140 2066 τὴν
157 2031 283 2070 βασιλίδα
297 2034 352 2060 τῶν
364 2031 482 2060 πόλεων.
495 2034 573 2061 "Odor
585 2031 614 2059 δὶ
624 2030 763 2071 διαφυγεῖν
775 2032 825 2060 οὐκ
833 2031 912 2069 ἴσχυ-

98 2085 149 2110 σαν,
171 2077 214 2108 τίς
243 2076 336 2108 ἱκανὸς
362 2075 567 2115 ἐκτραγῳδῆσαι
595 2077 643 2108 τὰς
676 2076 782 2114 ϐλίψεις
811 2076 912 2110 αὐτῶν,

97 2119 154 2150 τοὺς
180 2120 326 2158 ἐτασμους,
353 2119 418 2153 τοὺς
453 2119 603 2157 δημοσίους
627 2119 828 2159 φυλακισμοὺς,
861 2121 911 2154 τὴν

99 2163 174 2199 ὁλκὴν
189 2168 243 2192 τῶν
267 2164 474 2202 ἀπαιτουμένων
497 2164 661 2203 χρημάτων,
678 2165 762 2203 μέχρι
777 2163 912 2202 χιλιάδων

98 2206 176 2236 τόσων
199 2210 243 2237 καὶ
271 2207 360 2238 τόσων
380 2211 487 2245 ;Ταῢτα
508 2208 537 2237 δὶ
558 2210 767 2248 συγκεχώρηται
791 2210 914 2247 γενέσθαι

100 2251 131 2280 δι’
144 2253 273 2293 ἁμαρτίας
305 2252 387 2292 ὄγκον
417 2255 501 2294 ψήφῳ
525 2256 592 2282 Θιοῦ
615 2252 706 2291 δικαίᾳ
721 2264 728 2271 ·
750 2253 807 2289 ἵνα,
821 2265 913 2282 ταπει-

100 2298 230 2334 νωθέντες,
243 2299 457 2337 καταξιωθῶμεν
474 2298 540 2332 ἴσως
554 2299 731 2337 συγγνώμης.

932 2381 957 2415 D

135 2435 172 2461 F”.
200 2434 282 2471 Χώρα
306 2433 376 2462 ἐστὶν
411 2432 580 2472 Ἰγκλιτᾶρρα
615 2433 711 2472 πόῤῥω
735 2437 786 2470 τῆς
811 2435 918 2472 Ῥωμα-

104 2476 153 2508 νίας
180 2479 247 2506 κατὰ
277 2478 389 2517 βορῥᾶν,
414 2478 439 2515 ἐξ
467 2479 502 2513 ἧς
529 2479 608 2518 νέφος
636 2478 776 2517 Ἰγκλίνων
807 2479 853 2508 σὺν
877 2483 917 2517 τῷ

105 2519 208 2560 ἄρχοντι
234 2523 335 2560 αὐτῶν,
351 2523 390 2556 εἷς
413 2523 499 2551 πλοῖα
529 2523 633 2561 μιγάλα
661 2523 798 2562 λεγόμενα
816 2526 915 2557 νάκκας

138 2609 229 2638 Ῥεοὶ.
245 2619 309 2647 ιιν,
324 2611 353 2639 7.
368 2611 379 2629 ²
392 2611 496 2640 Matth.
513 2619 575 2648 vru,
589 2611 636 2640 26.

141 2704 175 2738 (ί)
189 2705 350 2749 Fridericus
365 2707 387 2735 l.

142 2739 177 2766 i2l
188 2741 357 2766 Βιώτην-(11η.

142 2739 357 2810 ﬂiiichardus.
407 2778 412 2784 _
503 2777 510 2784 _

154 2775 169 2802 3
215 2777 351 2819 λακινιῶν.
380 2777 512 2807 Divinam
555 2775 713 2819 laxr‘ivuaiv,
753 2788 785 2808 ac
813 2779 922 2819 tentavi

115 2808 154 2852 (ιθ,
168 2808 297 2852 pqr-cellis
323 2822 485 2852 exponere,_
504 2814 590 2850 quasi
619 2808 756 2842 λακτιὺιον
798 2818 827 2844 et
856 2815 922 2843 λακ-

114 2849 183 2877 ⁸θιιιῖος
197 2849 270 2881 idem
290 2849 369 2886 siuti
384 2858 443 2888 qua
469 2849 681 2886 de'postrema
708 2859 777 2881 voce
800 2851 846 2888 egi
861 2853 884 2880 t.
900 2851 921 2879 Ι.

991 1010 1019 1038 2.
1035 1010 1069 1038 Et
1083 1018 1149 1038 ecce
1160 1011 1222 1046 jam
1239 1010 1431 1038 duodecimus
1451 1017 1546 1037 annus
1576 1009 1630 1040 est,
1658 1014 1692 1034 ex
1720 1013 1778 1041 quo

958 1055 988 1083 in
1005 1055 1090 1091 pejus
1103 1055 1210 1082 ﬂuctus
1225 1056 1348 1082 tument.
1372 1055 1435 1090 Ipse
1451 1056 1590 1091 praeterea
1615 1050 1779 1087 spiritualis

959 1099 1039 1127 illius
1055 1101 1165 1133 noster,
1176 1099 1211 1127 ad
1233 1107 1319 1134 quem
1351 1098 1485 1126 videlicet
1511 1099 1567 1125 ista
1595 1095 1780 1132 scripsimus,

960 1152 1107 1171 aerumnas
1123 1152 1175 1172 nec
1190 1143 1287 1171 videre
1302 1151 1355 1171 nec
1370 1143 1470 1171 audire
1486 1150 1538 1170 nec
1550 1150 1585 1170 ex
1613 1142 1693 1177 parte
1708 1140 1783 1167 ferre

959 1188 1070 1222 valens,
1091 1191 1158 1224 post
1186 1188 1278 1216 multa
1307 1188 1427 1216 solerter
1455 1189 1485 1216 et
1513 1185 1669 1214 artiﬁciose
1697 1184 1785 1217 facta,

962 1233 1094 1260 crudeles
1105 1241 1210 1261 manus
1227 1240 1292 1260 cum
1309 1232 1388 1260 omni
1403 1231 1511 1268 populo
1526 1237 1646 1266 suo,per
1660 1229 1786 1265 gratiam

962 1278 1013 1306 Dei
1029 1278 1285 1314 eﬂ'ugit;cumque
1310 1286 1341 1306 se
1371 1277 1546 1305 contulisset
1575 1275 1610 1304 ad
1641 1272 1787 1310 Angelum

962 1322 1231 1359 Constantinopolis
1247 1323 1464 1358 imperatorem,
1481 1319 1640 1349 honoriﬁce
1649 1320 1788 1353 exceptus

962 1367 1017 1398 est,
1034 1368 1122 1401 atque
1136 1364 1245 1393 sebasti
1259 1365 1431 1400 dignitatem
1459 1364 1494 1390 ab
1524 1370 1557 1390 eo
1586 1360 1706 1396 accepit.
1727 1359 1786 1395 Ego

961 1417 1029 1438 vero
1041 1409 1118 1446 quod
1136 1409 1328 1446 promiseram
1356 1407 1532 1444 adimplens,
1560 1414 1625 1434 ecce
1653 1405 1711 1433 Deo
1735 1403 1787 1439 ju-

962 1457 1059 1489 vante,
1075 1454 1162 1482 etiam
1178 1454 1293 1489 reliqua
1307 1453 1414 1486 scribo,
1440 1453 1526 1488 juxta
1547 1449 1787 1487 pollicitationem

963 1507 1070 1533 meam,
1087 1499 1181 1534 iisque
1194 1498 1244 1534 qui
1259 1498 1364 1526 lecturi
1391 1499 1461 1526 sunt
1489 1498 1589 1524 notam
1614 1494 1687 1522 facio
1715 1500 1789 1529 prrs-

964 1545 1076 1571 sentem
1092 1550 1189 1570 rerum
1205 1541 1408 1570 difﬁcultatem
1422 1550 1429 1574 ;
1448 1548 1511 1576 quae
1529 1547 1600 1568 sane
1616 1537 1787 1571 difﬁcultas,

964 1595 1022 1623 quo
1037 1594 1156 1615 cessura
1170 1586 1218 1620 sit,
1235 1586 1335 1613 nullus
1350 1586 1427 1614 inter
1453 1585 1589 1613 homines
1613 1582 1702 1617 novit,
1732 1579 1790 1608 nisi

965 1630 1105 1660 solusille
1120 1631 1169 1666 qui
1181 1631 1311 1666 increpat
1326 1638 1407 1657 mare
1422 1637 1454 1656 ac
1468 1631 1579 1662 ventos,
1606 1630 1635 1655 et
1649 1626 1686 1654 ad
1705 1627 1790 1652 tran—

965 1675 1142 1712 quillitatem
1167 1675 1290 1703 redeunt
1312 1675 1333 1702 ².
1349 1674 1426 1702 Mala
1442 1682 1506 1710 quea
1536 1673 1566 1700 iu
1596 1672 1651 1700 hac
1675 1669 1792 1706 regione

965 1726 1135 1754 evenerunt,
1153 1721 1228 1748 mira
1243 1722 1324 1753 sunt,
1339 1720 1445 1756 vixque
1473 1720 1598 1756 possunt
1613 1715 1708 1745 audiri
1722 1723 1729 1750 ;
1747 1717 1790 1742 at-

965 1775 1022 1803 que
1037 1768 1109 1795 sunt
1127 1765 1284 1802 ejusmodi,
1312 1767 1345 1793 ut
1372 1765 1472 1793 cuncti
1498 1764 1546 1792 hic
1575 1762 1679 1791 divites
1708 1758 1792 1788 obliti

965 1811 1075 1840 fuerint
1090 1819 1211 1839 suarum
1228 1810 1408 1844 divitiarum,
1438 1808 1660 1845 splendidarum
1682 1805 1789 1838 sedum,

965 1858 1168 1893 cognatorum,
1185 1855 1426 1889 domesticorum,
1444 1853 1671 1890 mancipiorum,
1687 1848 1791 1878 multi-

965 1901 1077 1930 tudinis
1092 1907 1226 1937 gregum,
1250 1901 1464 1934 armentorum,
1481 1897 1687 1935 porcellorum,
1701 1902 1791 1931 pecu-

967 1946 1037 1974 dum
1050 1945 1147 1973 omuis
1161 1944 1287 1980 generis,
1303 1951 1440 1980 agrorum
1468 1942 1609 1971 frumenti
1636 1938 1789 1973 feracium,

965 1990 1118 2018 vinearum
1133 1988 1393 2022 fertilissimarum,
1414 1987 1620 2023 variorumque
1634 1983 1789 2013 viridario-

967 2042 1052 2066 rum;
1069 2036 1156 2068 atquo
1172 2040 1239 2060 cum
1255 2032 1350 2060 multa
1365 2031 1549 2060 festinatione
1564 2030 1639 2058 clam
1655 2029 1690 2056 ad
1701 2031 1794 2055 extra-

967 2087 1038 2107 neas
1054 2077 1188 2114 regiones
1203 2079 1232 2105 et
1247 2077 1283 2105 ad
1299 2076 1418 2105 urbium
1433 2076 1565 2112 reginam
1583 2075 1619 2111 (4)
1636 2072 1794 2107 abnaviga-

967 2123 1071 2151 verint.
1089 2125 1196 2150 Eorum
1207 2124 1307 2150 autem
1327 2121 1376 2157 qui
1392 2121 1520 2156 eﬁ‘ugere
1536 2127 1594 2147 non
1623 2116 1794 2154 potuerunt,

968 2167 1035 2203 quis
1051 2167 1177 2194 sufﬁciet
1192 2166 1301 2202 tragice
1316 2165 1489 2194 enarrandis
1509 2162 1665 2200 angustiis,
1680 2159 1795 2196 disqui-

969 2210 1137 2244 sitionibus,
1159 2209 1285 2246 publicis
1314 2209 1344 2237 in
1374 2216 1520 2237 carcerem
1550 2203 1794 2242 conjectionibus,

969 2256 1186 2294 postulaturum
1209 2255 1400 2291 pecuniarum
1417 2254 1580 2290 quantitate
1596 2259 1690 2287 usque
1705 2249 1741 2278 ad
1753 2250 1796 2294 tot

971 2293 1145 2330 inillenaria.
1162 2300 1303 2328 Caeterum
1317 2300 1378 2328 haec
1395 2299 1457 2328 ﬁeri
1468 2297 1602 2335 permisit
1612 2297 1728 2332 justum
1745 2293 1796 2321 Dei

968 2345 1127 2383 judicium,
1143 2345 1179 2373 ob
1195 2345 1305 2381 peccati
1319 2344 1505 2381 gravitatem,
1520 2345 1553 2371 ut
1581 2342 1617 2370 ad
1640 2339 1796 2369 humilita-

972 2393 1032 2420 tem
1047 2391 1168 2426 redacti,
1183 2390 1268 2418 venia
1283 2390 1408 2418 fortasse
1423 2388 1505 2425 digni
1519 2387 1692 2416 habeamur.

1009 2437 1035 2464 3.
1053 2436 1141 2473 Regio
1156 2438 1202 2464 est
1216 2436 1332 2472 Anglia,
1350 2435 1436 2472 longe
1450 2443 1467 2462 a
1483 2432 1627 2462 Romanis
1650 2432 1686 2460 ad
1715 2429 1797 2466 aqui-

971 2482 1080 2515 Ionem,
1097 2489 1112 2509 e
1127 2489 1186 2517 qua
1199 2480 1360 2516 Anglorum
1377 2480 1471 2507 nubes
1479 2486 1546 2507 eum
1558 2485 1659 2506 eorum
1668 2475 1798 2512 principe

971 2525 1139 2555 conscensis
1151 2526 1264 2562 magnis
1279 2524 1414 2562 navigiis,
1424 2532 1487 2560 quae
1499 2531 1577 2552 uaeas
1593 2523 1631 2560 (5)
1648 2521 1798 2559 appellan-

974 2709 1029 2736 Sed
1045 2707 1075 2736 in
1092 2717 1122 2736 re
1149 2707 1275 2737 obscura
1297 2716 1351 2737 suo
1381 2709 1508 2745 quisque
1529 2709 1629 2745 utatur
1642 2702 1800 2745 _arbitr;io.

974 2745 1178 2781 suspicabitur
1206 2746 1331 2774 fortasse
1357 2737 1519 2774 nonnullus
1548 2742 1676 2781 λαγινιῶν
1707 2749 1725 2769 a
1754 2737 1802 2765 λα-

975 2779 1049 2817 γίνηί,
1066 2781 1159 2817 lepus.

1013 2816 1052 2888 (4;
1067 2816 1360 2860 Constantinopolim.

1015 2852 1043 2888 (5
1062 2853 1191 2881 Glossar.
1206 2854 1328 2881 Fresnu.

1015 2852 1052 2888 (5)
1062 2853 1191 2881 Glossar.
1206 2852 1328 2881 Fresnii.
