1973 3154
80 189 129 219 501

626 188 790 219 JOANNIS
812 187 939 219 CHILIE
960 188 1214 221 FRAGMENTA.

1712 192 1772 222 502

79 263 119 281 νου
144 252 239 284 ἀνύσας
271 251 354 289 μηδὶν
382 253 397 281 ὁ
426 253 569 292 ἀλιτήριος
589 274 596 287 ,
625 251 707 287 ἤνυσε
733 255 814 281 τοῦτο
848 253 912 288 καῖ,

985 255 1026 283 ιοά
1043 255 1152 284 Latinis
1180 255 1306 292 Cyprum
1336 256 1467 285 vendidit
1488 257 1623 286 ducentis
1639 257 1771 287 millibus

81 297 163 334 μόνον,
188 296 337 336 διαπράσας
360 299 409 333 τὴν
436 298 531 336 χώραν
559 299 685 328 Λατίνοις
709 298 826 336 χρυσίου
850 308 897 336 χι-

81 341 170 369 λιάδων
188 341 286 380 λιτρῶν
304 340 461 370 διακοσίων.
477 343 522 370 Διὸ
532 342 577 370 καὶ
594 341 681 373 πολὺς
697 342 711 369 ὁ
728 341 896 380 ὀλολυγμὸς,

79 387 117 414 χαί
137 386 275 423 ἀφόρητος
297 387 311 414 ὁ
336 387 447 421 καπνὸς,
474 387 512 418 ὡς
536 386 708 425 προείρηται,
724 388 738 414 ὁ
765 386 852 415 ἐλθὼν
868 386 897 425 ἐκ

78 432 119 458 τοῦ
135 431 225 468 βορῥᾶ.
243 431 307 468 Περὶ
323 432 360 458 ὦν
377 433 390 459 ὁ
407 432 493 464 θὲλων
520 430 644 468 δηλῶσαι
669 431 738 459 κατὰ.
755 431 836 469 μέρος
851 424 897 459 καὶ

78 476 90 503 ὁ
102 474 194 512 χρόνος
210 474 358 513 ἐπιλείψει.

108 523 136 551 ς’.
152 521 324 556 Μαινομένης
348 519 488 556 θαλάσσης
511 521 540 548 hc
564 520 674 556 πολλῆς
687 519 831 559 τρικυμίας
849 514 895 548 καἱ

78 562 177 598 πολλῆς
201 563 358 603 χαταιγίδος
382 563 459 592 οὖδὶν
486 564 595 593 ἀποδὲει
616 567 662 592 νῦν
686 565 720 593 τὰ
733 568 784 600 τῆς
799 565 894 603 χώρας

77 609 156 644 ἡμῶν·
174 607 280 644 μᾶλλον
294 608 322 636 δὲ
336 609 381 637 καὶ
397 612 493 647 χεῖρον
504 610 599 648 ἀγρίας
614 609 760 644 θαλάσσης.
772 609 895 645 Ἐκείνης

77 652 118 689 γὰρ
138 653 186 687 τὴν
212 653 363 690 ἀγριότητα
387 653 543 692 διαδέχεται
562 655 682 692 γαλήντγ
712 653 803 686 ἐνθάδε
825 653 854 682 δὲ
879 655 892 682 ὁ

77 695 172 724 κλύδων
205 699 372 734 χαθεκάστην
402 698 520 735 ἐπαύξει,
548 699 594 727 καὶ
619 699 649 726 τὸ
664 698 790 737 ῥαγδαῖον
811 698 892 726 αὐτοῦ

77 741 144 773 τέλος
166 741 215 769 οὐκ
242 740 311 781 ἔχει·
338 743 360 770 εί
387 744 424 780 μή
447 754 500 771 που
525 744 657 779 ἀκούσειε,
682 743 772 782 Μὲχρι
794 743 892 771 τούτου

77 785 173 824 ίλεόσῃ,
200 787 247 814 χαὶ
277 787 331 825 οὐχ
361 785 524 826 ὑπερϐήσῃ,
552 787 616 816 ἀλλ’
643 787 669 816 ἐν
699 790 797 825 σεαυτῇ
830 798 892 815 συν-

79 829 226 868 τριϐήσεται
242 843 292 860 σου
306 834 339 860 τὰ
366 832 482 870 κύματα.
509 834 553 862 'Ev
584 833 618 871 τῇ
645 833 775 871 Λευιτῗκῇ
804 831 892 871 βίϐλῳ

79 876 216 914 γέγραπται
234 876 386 916 διαρῥήδην
413 878 447 906 τὰ
475 878 500 906 ἰν
528 880 562 916 τῇ
590 880 625 916 γῇ
655 879 737 915 ἡμῶν
759 879 892 913 συναντή-

80 931 150 949 σαντα
163 923 288 958 πήματα,
303 920 367 957 ἤτοι
381 922 512 959 πόλεμοι,
527 923 618 959 ἧτται,
644 922 742 961 σποραὶ
756 921 890 957 διακενῆς,
906 942 930 975 Β

83 965 89 974 η
186 965 334 975 ρνιςδι
430 967 436 975 ,
518 968 572 975 .-
657 966 868 975 η...-

82 965 229 994 ὑπεναντίων
247 965 338 1001 ἐδωδὴ
363 967 493 1004 καμάτων
513 968 605 1003 ἡμῶν·
620 966 665 994 καὶ
680 968 698 1002 ἡ
715 966 794 1005 ἰσχὺς
810 968 890 1003 ἡμῶν

79 1009 171 1047 ἐγένετο
194 1011 233 1042 εἰς
257 1010 344 1039 οὐδέν·
360 1011 404 1039 καὶ
425 1011 568 1050 ἐγινόμεθα
592 1011 741 1050 ὀλεγοστοί·
755 1011 800 1039 καὶ
825 1011 891 1043 λαὸς

81 1054 213 1094 ἀλλότριος
237 1054 396 1091 ἐπληθύνθη
419 1055 444 1083 ἐν
469 1058 503 1093 τῇ
527 1058 562 1094 γῇ
585 1057 664 1093 ἡμῶν
681 1078 688 1085 .
709 1055 892 1094 Ἐπορεύθητε

81 1099 137 1137 πρός
163 1111 196 1137 με
223 1100 352 1138 πλάγιοι,
379 1101 453 1139 λέγει
477 1102 491 1129 ὁ
517 1102 592 1134 Θεὸς,
622 1101 698 1140 κάγὼ
722 1101 892 1140 πορεύσομαι

79 1145 138 1182 πρὸς
156 1145 223 1182 ὑμᾶς
247 1145 274 1173 ἐν
302 1147 380 1182 θυμῷ
403 1146 524 1184 πλαγίῳ.
541 1146 592 1175 Καὶ
605 1147 655 1184 γὰρ
669 1145 756 1178 οὕτως
775 1145 843 1183 ἔχει.
859 1146 892 1174 Εἰ

81 1190 112 1224 μή
126 1200 165 1217 πω
179 1189 229 1228 γάρ
243 1200 287 1222 τις
303 1191 419 1226 νοσήσας
435 1190 568 1229 χωλανεῖ,
585 1189 641 1218 οὐδ’
657 1192 671 1217 ὃ
693 1191 782 1229 ἰατρὸς
798 1190 893 1228 ἐπάγει

79 1234 154 1270 τομὴν
171 1235 237 1271 μετὰ
251 1234 363 1273 πικρίας
377 1235 423 1263 καὶ
434 1235 563 1266 καύσεως.
581 1234 669 1270 Δῆλον
685 1235 727 1263 ότι
741 1235 785 1263 καὶ
798 1236 892 1272 ἡμεῖς,

80 1277 100 1305 εἲ
113 1279 147 1314 μή
163 1289 214 1307 που
238 1278 336 1308 πολλὰ
358 1280 404 1307 τὸν
425 1280 577 1318 πανάγαθον
604 1279 695 1318 ῗατρὸν
719 1281 800 1317 ἡμῶν
825 1290 893 1319 παρ-

81 1323 257 1361 επικράναμιν,
281 1325 328 1353 καὶ
356 1323 481 1363 πλαγίως
505 1324 573 1363 πρὸς
598 1325 680 1354 αὐτὸν
697 1324 894 1362 ἰπορεύθημιν,

81 1366 161 1395 οὐκᾶν
185 1368 229 1397 καὶ
253 1368 336 1400 αὐτὸς
358 1368 487 1407 πλαγίως
512 1370 581 1408 πρὸς
604 1371 678 1407 ἡμᾶς
703 1369 819 1405 διετέθη,
841 1380 894 1397 σω-

79 1411 210 1451 τηριωδῶς
223 1413 446 1452 καταπιχραίνων
461 1414 547 1451 ἡμᾶς.

108 1530 118 1547 ¹
129 1529 180 1560 Job
194 1537 321 1567 XXXVIII,
335 1530 381 1559 11.
395 1531 407 1548 ⁸
421 1531 513 1567 Levit,
529 1538 606 1567 XXVI,
620 1530 654 1559 16
669 1532 698 1559 et
712 1538 796 1567 seqq.

953 300 1016 328 auri
1032 300 1185 328 librarum.
1202 301 1341 333 Quocirca
1358 301 1485 336 ejulatus
1513 301 1636 336 multus,
1651 305 1680 331 et
1698 302 1773 331 into-

951 343 1081 372 lerabilis
1092 345 1202 377 fumus,
1220 347 1250 372 ut
1265 348 1351 372 antea
1374 344 1483 373 dictum
1500 349 1543 373 est
1572 355 1607 374 ex
1629 347 1772 382 Aquilone

951 389 1048 416 venit:
1065 389 1100 416 de
1115 389 1222 424 quibus
1233 397 1300 416 eum
1318 390 1367 425 qui
1379 389 1502 418 voluerit
1517 391 1668 426 sigillatim
1684 399 1770 428 expo-

951 440 1030 466 nere,
1046 435 1163 469 tempus
1179 433 1296 462 diﬁciet.

985 478 1012 505 6.
1032 478 1159 506 Praesens
1174 477 1263 513 hujus
1280 478 1334 506 loci
1350 480 1444 507 status
1458 487 1641 516 nequaquam
1653 480 1772 509 inferior

950 523 995 550 est
1023 523 1096 550 mari
1123 531 1158 550 ex
1180 522 1292 558 ingenti
1320 526 1506 559 tempestate,
1548 525 1772 561 vehementique

949 565 1077 601 procella
1092 567 1200 594 furiose
1212 567 1340 603 agitato;
1358 568 1490 603 quinimo
1511 569 1599 597 feroci
1624 570 1697 597 mari
1725 570 1772 598 de-

947 610 1046 643 terior,
1063 611 1209 646 siquidem
1238 612 1332 648 pelagi
1362 612 1542 641 ferocitatem
1571 613 1769 651 tranquillitas

946 655 1071 691 excipit;
1087 655 1134 683 hic
1144 663 1210 684 vero
1225 656 1351 692 singulis
1366 657 1470 685 diebus
1485 658 1590 686 crescit
1604 658 1767 694 ﬂuctuatio,

947 699 1070 736 ejusque
1085 700 1214 736 impetus
1230 700 1318 729 ﬁnem
1348 710 1404 730 non
1432 702 1539 736 habet;
1556 702 1613 730 nisi
1629 703 1701 731 forte
1716 712 1768 731 au-

947 744 1052 772 dierit:
1093 747 1341 780 Hucusquevenies,
1375 749 1400 774 et
1433 754 1487 774 non
1522 748 1768 783 praetergredierix,

945 789 991 816 sed
1007 790 1037 817 in
1060 792 1087 817 te
1116 790 1341 818 comminuantur
1365 792 1465 826 ﬂuctus
1494 791 1562 819 tui”.
1592 791 1624 819 In
1652 791 1769 820 Levitici

946 833 1041 861 libro‘
1057 836 1156 870 aperte
1171 834 1286 870 scripta;
1303 837 1372 863 sunt
1387 835 1483 863 clades
1502 844 1564 871 quis
1579 835 1609 863 in
1623 837 1702 864 terra
1715 845 1769 865 no-

947 880 1009 905 stra
1019 880 1177 906 evenerunt
1190 887 1196 905 :
1214 878 1289 906 bella
1304 878 1425 912 scilicet,
1440 879 1625 914 devietiones,
1638 880 1768 909 sationes

946 922 976 950 in
1001 931 1120 956 vanum,
1146 925 1313 951 nostrorum
1346 923 1481 952 laborum
1510 933 1561 960 per
1585 925 1767 953 adversarios

946 967 1105 1000 comestio;
1122 969 1151 995 et
1166 967 1284 995 furtudo
1304 971 1405 995 nostra
1429 969 1464 996 ad
1495 969 1621 997 nihilum
1643 970 1765 1003 recidit;

945 1011 1030 1047 pauci
1047 1011 1112 1039 facti
1130 1020 1253 1045 sumus;
1270 1014 1298 1039 et
1312 1012 1438 1048 populus
1454 1013 1567 1041 alienus
1587 1013 1765 1050 multiplica-

944 1062 996 1088 tus
1011 1059 1055 1084 est
1071 1056 1098 1084 in
1112 1060 1188 1084 terra
1203 1059 1313 1084 nostra.
1342 1057 1535 1086 Ambulavistis
1549 1066 1617 1092 erga
1630 1066 1674 1086 me
1701 1058 1771 1086 obli-

946 1102 1004 1137 qui,
1022 1101 1093 1129 dicit
1108 1101 1195 1136 Deus,
1210 1104 1237 1129 et
1250 1109 1297 1137 ego
1312 1101 1458 1129 ambulabo
1473 1109 1539 1136 erga
1552 1110 1602 1130 vos
1621 1103 1651 1130 in
1678 1106 1773 1138 [urere

946 1146 1066 1182 obliquo.
1082 1146 1197 1173 Etenim
1222 1146 1263 1174 ita
1287 1155 1333 1174 res
1359 1146 1456 1174 habet.
1474 1146 1535 1175 Nisi
1564 1147 1643 1175 enim
1665 1147 1773 1183 aliquis

947 1194 1090 1226 aegrotans
1119 1190 1336 1223 claudicaverit,
1371 1199 1465 1227 neque
1492 1191 1607 1219 inducit
1643 1191 1774 1220 medicus

949 1235 1110 1265 sectionem
1126 1244 1193 1263 cum
1210 1235 1370 1263 acrimonia
1395 1237 1424 1264 et
1453 1235 1578 1263 ustione.
1596 1237 1678 1264 Patet
1697 1236 1774 1272 quod

949 1280 1037 1309 etiam
1047 1289 1100 1308 nos
1113 1280 1167 1308 nisi
1181 1280 1344 1316 plurimum
1355 1280 1776 1309 exacerbavissemussummaa

950 1324 1089 1353 bonitatis
1128 1324 1276 1352 medicum
1310 1327 1455 1359 nostrum,
1484 1326 1512 1352 et
1550 1324 1669 1361 oblique
1706 1333 1776 1361 erga

949 1369 1033 1397 illum
1054 1369 1332 1403 ambulavissemus,
1363 1377 1547 1405 nequaquam
1577 1371 1605 1397 et
1628 1369 1691 1405 ipse
1707 1377 1776 1405 erga

951 1423 1004 1443 nos
1017 1414 1135 1450 oblique
1154 1415 1275 1443 aﬁ‘ectus
1290 1414 1404 1449 fuisset,
1421 1414 1580 1443 salubriter
1601 1422 1655 1444 nos
1668 1415 1775 1444 amari-

949 1459 1052 1488 tudine
1067 1458 1195 1495 replens.

741 1709 818 1730 ANNO
843 1704 976 1730 DOMINIG!
996 1708 1100 1730 κακον.

482 1811 935 1897 JOANNES
1004 1811 1367 1896 CHILAS

712 1952 842 1982 EPHEDI
862 1951 1132 1982 METROPOLITA.

516 2040 778 2090 NOTITIA
809 2042 893 2090 ET
925 2039 1332 2090 FRAGMENTA

392 2141 445 2179 (Ex
459 2142 563 2179 Angeli
577 2142 647 2172 Maii
661 2142 832 2173 Praefatione
847 2142 884 2172 ad
898 2143 973 2172 tom:
984 2141 1022 2170 VI
1037 2140 1185 2178 Spicilegii
1201 2140 1324 2170 Romani
1341 2148 1370 2177 p.
1385 2140 1453 2176 xvx.)

114 2319 187 2349 Inter
201 2322 314 2351 codices
330 2323 500 2357 Vaticanos,
515 2323 566 2360 qui
582 2323 765 2360 dogmaticas
790 2321 1004 2351 controversias
1020 2321 1055 2349 de
1077 2320 1204 2358 Spiritus
1219 2321 1312 2349 sancti
1336 2319 1523 2356 processione
1540 2318 1633 2354 etiam
1660 2327 1677 2347 a
1692 2318 1776 2354 Filio,

86 2363 125 2391 vel
137 2365 170 2393 de
186 2366 323 2396 Romanis
352 2368 486 2397 Ecclesia
510 2368 637 2405 primatu
666 2367 828 2402 continent,
855 2367 901 2395 vel
923 2367 1065 2395 subnatas
1089 2366 1161 2394 alias
1189 2374 1240 2402 per
1268 2365 1400 2394 schisma
1427 2367 1456 2393 et
1480 2364 1648 2393 animorum
1672 2365 1777 2393 aestum

87 2411 262 2446 questiones,
279 2413 375 2441 multa
388 2415 554 2442 Graecorum
570 2412 717 2449 opuscula
741 2419 893 2440 occurrere
922 2411 992 2440 alibi
1018 2411 1087 2445 dixi,
1118 2419 1241 2447 quorum
1272 2418 1364 2438 unum
1384 2410 1427 2438 vel
1453 2410 1576 2438 alterum
1593 2409 1779 2446 peculiariter

87 2457 321 2491 commemorabo,
333 2457 523 2494 indidemque
539 2461 674 2494 excerpta
689 2457 872 2494 depromam.
888 2456 984 2492 Atque
998 2456 1026 2484 in
1044 2455 1147 2492 primis
1160 2455 1283 2485 Joannis
1302 2455 1389 2484 Clidas
1418 2455 1489 2490 (sive
1514 2454 1612 2491 Chilas)
1635 2456 1780 2491 metropo.

86 2495 135 2524 lite
149 2499 250 2535 Ephesi
276 2502 444 2538 perdoctum
459 2502 519 2530 vidi
545 2501 678 2530 libellum
694 2502 730 2530 ob
756 2501 928 2530 schismatis
942 2501 1165 2528 detestationem
1195 2500 1414 2536 conscriptum;
1430 2501 1459 2527 et
1479 2500 1598 2536 quidem
1624 2499 1733 2536 duplici
1749 2499 1778 2527 in

87 2543 241 2580 exemplari,
272 2545 362 2574 altero
392 2546 495 2575 latiore
523 2547 587 2575 cod.
617 2546 713 2575 Ottob.
747 2547 811 2580 225,
842 2546 933 2575 altero
963 2547 1061 2574 autem
1100 2545 1246 2574 strictiore
1274 2544 1405 2573 oratione
1437 2544 1683 2581 comprehensum
1712 2544 1778 2572 cod.

88 2584 173 2615 Ottob.
188 2590 251 2617 213.
267 2590 433 2620 Homininis
451 2591 612 2628 scriptique
627 2591 674 2619 vix
699 2591 879 2619 mentionem
907 2590 978 2619 facit
991 2590 1117 2618 Allatius
1139 2590 1243 2618 Contra
1267 2590 1484 2625 Creyghtonum,
1501 2599 1527 2626 p.
1550 2590 1614 2623 6M,
1630 2591 1659 2618 et
1676 2589 1711 2617 De
1721 2597 1782 2617 conp

89 2636 160 2659 sensu
174 2641 201 2669 p.
215 2634 280 2668 513,
293 2635 419 2672 denique
429 2636 466 2664 De
480 2636 625 2665 Methodii:
642 2644 669 2672 p.
689 2636 742 2663 365
756 2638 784 2663 et
812 2635 874 2669 377,
890 2643 948 2671 quo
970 2637 1118 2671 postremo
1142 2635 1203 2663 loco
1232 2634 1407 2671 particulam
1430 2643 1546 2670 quoque
1571 2635 1682 2662 recitat.
1706 2633 1779 2661 Nam

89 2672 169 2704 altera
182 2677 231 2706 illa
245 2679 394 2715 particula
409 2688 472 2716 quos
488 2689 517 2717 p.
533 2681 586 2708 514
600 2681 638 2708 De
651 2688 724 2708 cons.
741 2680 857 2716 legitur,
874 2688 908 2708 ex
923 2680 1037 2707 diverso
1053 2679 1171 2716 Ephesii
1200 2679 1309 2715 scripto
1325 2679 1468 2707 dimanat.
1493 2678 1558 2707 Fuit
1585 2677 1631 2706 hic
1650 2678 1779 2706 Joannes

92 2717 159 2748 inter
173 2722 275 2758 Ephesi
291 2725 492 2761 metropolitas
508 2726 563 2754 hoc
579 2725 698 2753 nomine
713 2725 845 2761 quintus,
862 2724 912 2761 qui
926 2726 1057 2760 tempore
1079 2724 1183 2760 synodi
1204 2723 1533 2759 Constantinopolitanae
1558 2721 1696 2755 innotuit,
1725 2721 1779 2748 sub

90 2764 242 2806 Andronico
256 2770 395 2806 secundo,
412 2770 564 2799 Michaelis
577 2770 671 2799 octavi
686 2769 757 2804 filio,
772 2771 954 2806 congregata
969 2768 1006 2797 ob
1022 2769 1168 2797 sedandos
1184 2768 1316 2797 Ecclesia
1332 2768 1435 2796 Graecae
1451 2770 1561 2802 motus,
1581 2774 1633 2795 seu
1649 2765 1781 2793 schisma

90 2805 158 2851 inter
183 2813 346 2843 Arseniotas
375 2822 409 2843 ac
436 2814 614 2851 Josephinos
643 2816 761 2851 propter
788 2805 934 2842 ambitum
963 2813 1041 2841 sedis
1062 2812 1268 2849 patriarchalis
1292 2813 1481 2841 concitatum.
1504 2811 1566 2840 Etsi
1586 2811 1684 2838 autem
1700 2809 1778 2846 apud

93 2850 250 2889 Leqninium
265 2857 309 2887 ον.
323 2858 366 2887 ch.
379 2858 489 2887 dicitur
500 2850 611 2896 synodo
627 2850 772 2896 Ephesius
800 2867 858 2887 non
883 2857 1064 2893 interfuisse,
1087 2865 1165 2886 nunc
1191 2860 1291 2889 contra
1314 2857 1455 2887 accidisse
1481 2856 1650 2890 cernimus;
1670 2854 1779 2888 etenim
