1973 3154
202 188 262 218 503
898 189 1062 220 JOANNlS
1084 189 1212 221 CHILIE
1834 195 1884 225 504

204 254 269 289 ipse
283 262 381 283 coram
402 255 514 291 synodo
531 263 696 284 sermonem
710 256 789 283 hunc
807 255 938 284 recitavit
952 258 1003 284 aut
1017 256 1124 284 obtulit
1136 258 1172 285 de
1183 257 1311 286 tollendo
1323 258 1485 287 schismate
1497 260 1646 296 copiosum
1661 263 1745 295 atque
1752 261 1884 289 disertum!

205 301 235 326 et
249 299 449 327 ecclesiastica
464 300 628 328 eruditione
644 301 781 336 plenum:
798 301 844 328 cui
861 300 968 329 similis
984 303 1028 329 est
1044 301 1182 329 Methodii
1199 303 1334 330 monachi
1350 306 1502 339 tractatus,
1519 305 1619 332 eodem
1632 307 1761 339 tempore
1782 307 1807 332 et
1819 313 1886 333 occa-

205 342 287 370 sione
301 343 440 379 scriptus,
455 346 484 371 et
499 353 516 371 a
530 345 615 372 nobis
631 344 731 380 Script.
748 349 801 373 vel.
818 347 838 372 t.
857 345 894 372 lit
911 345 1019 373 editus.
1034 345 1126 378 Quare
1142 349 1265 382 utraque
1277 347 1443 375 lucubratio
1457 351 1574 384 propter
1589 348 1753 385 generalem
1765 348 1888 377 schisma-

205 390 269 415 tum
285 388 528 424 vituperationem
544 389 627 417 valde
650 389 732 418 utilis
748 390 862 418 videtur
877 391 905 418 et
920 391 1059 426 prudens.
1075 391 1126 419 Est
1140 392 1188 419 hic
1203 392 1336 428 opusculi
1354 392 1460 420 titulus
1484 395 1512 421 et
1528 393 1645 422 initium
1675 393 1706 421 in
1731 394 1822 422 codice
1836 394 1888 423 Vat.

206 432 304 461 Ottob.
318 433 381 460 213.

205 519 322 556 Joannis
335 519 530 556 metropolileer
542 520 640 555 Ephesi
661 521 748 548 oratio
771 521 922 556 composita
938 523 1032 548 contra

1088 516 1383 556 Τοῦλμητροπαλίτου
1418 518 1531 556 Ἐφέσου
1570 518 1713 556 ’ζωάννουΔ
1733 519 1811 555 Λόγος
1845 529 1893 556 cov-

243 553 449 599 schisr‘nat‘icos,
466 563 501 582 ex
514 553 632 599 diversis
646 556 799 599 cauonibus
810 553 837 584 εὶ
858 557 973 599 scriptis
984 556 1032 598 de-

1122 553 1207 584 τεθεὶς
1234 553 1311 580 γκατᾶ
1349 553 1539 592 σχισματικῶν
1575 553 1605 581 ἐκ
1634 553 1778 599 διαφόρων
1794 554 1893 581 κανόνων

1158 587 1166 599 \
1336 591 1349 596 κ
1441 590 1448 599 7
1493 589 1504 599 ἢ
1525 589 1545 599 Ιὶ
1659 591 1666 599 9
1785 589 1791 599 \
1863 591 1873 599 l'

243 587 698 635 mansti-lotionibus,comprobem,
714 592 799 635 “quod
825 601 889 635 lcum
914 587 1034 635 Ecclesia

1122 587 1166 615 καὶ
1230 587 1386 627 γραφικῶΓ
1417 587 1422 590 ’
1436 589 1597 625 ἀποδείξεων
1654 587 1812 621 ἀποδεικνὺς
1861 591 1892 617 ὅτι

1127 624 1134 635 ἲ
1144 634 1149 635 γ
1158 630 1168 635 ι
1192 623 1204 635 δ
1224 625 1234 635 μ
1260 625 1266 635 Γ
1390 629 1404 634 -1
1457 626 1485 635 In
1524 625 1533 635 Ἴ
1582 625 1588 635 Ι
1665 626 1672 635 9
1679 625 1689 635 Χ
1706 626 1713 635 Ι
1846 625 1851 635 Ι

243 630 282 654 est
296 627 456 662 orthodoxa,
473 623 589 655 absurde
603 623 743 663 ζηοηηὶιιιῖ
767 629 801 655 ab
821 627 873 656 hac
895 628 1031 656 secedunt.

1123 623 1321 664 ρρβοὸοεόύσης
1369 629 1419 660 τῆς
1457 623 1621 660 Ἑκκλνησίας
1659 625 1772 664 ἀλόγως
1811 625 1893 661 ταύτης

243 714 321 742 Nihil
337 715 423 743 estin
438 715 568 743 humana
586 716 646 743 vita
671 716 812 744 charitate
836 715 980 744 excelsius
1004 718 1033 744 et

208 759 340 794 suavius,
351 760 425 787 nihil
442 760 471 787 in
488 760 557 788 orbe
573 768 642 796 pace
657 763 685 788 et
711 761 868 789 concordia
884 760 984 788 utilius
1000 769 1033 788 ac

206 803 381 838 jucundius.
393 804 470 831 Deus
486 804 564 832 enim
594 805 721 832 Charitas
749 807 795 833 est
810 807 838 833 et
853 805 1031 841 appellatur;

209 855 266 883 pax
282 850 379 876 autem
396 849 446 876 Dei
462 851 490 877 et
505 851 666 878 secundum
689 851 792 884 Deum,
814 858 930 878 omnem
947 850 1032 878 intel-

210 891 318 919 lectum
331 895 460 928 superat,
478 896 509 921 ut
524 894 680 930 Scripturze
706 903 759 922 nos
783 895 897 922 docent.
915 896 972 922 Pax
988 895 1032 922 ni-

211 935 319 963 mirum
336 939 365 964 et
378 937 506 965 charitas
517 938 644 966 Creatori
656 938 838 974 Dominoque
847 939 989 974 omnium,
1001 942 1033 967 ut

210 979 297 1008 oculos
313 981 466 1010 inclinaret
485 983 614 1019 atquein
630 985 738 1011 terram
756 983 944 1011 descenderet
965 992 1032 1019 per-

209 1028 376 1054 suaserunt.
393 1027 606 1063 Descenditque
622 1036 735 1067 reapse,
748 1030 776 1055 et
789 1036 841 1064 pro
851 1028 936 1055 nobis
945 1030 1032 1064 atque

208 1069 245 1096 ad
261 1069 485 1098 similitudinem
499 1073 641 1105 nostram,
656 1074 774 1108 excepto
792 1074 922 1108 peccato,
944 1080 1031 1100 verus

208 1113 296 1142 homo
308 1116 352 1142 est
367 1114 461 1142 factus
474 1124 481 1149 ;
499 1118 584 1151 atque
598 1115 730 1144 humana
746 1116 845 1144 omnia
857 1118 885 1144 et
899 1124 989 1152 agens
1003 1118 1032 1144 et

208 1157 334 1193 patiens,
350 1159 524 1195 propinquis
539 1168 620 1196 aeque
636 1168 669 1188 ac
684 1160 804 1188 remotis
821 1160 900 1196 pacis
920 1161 1031 1188 bonum

1123 658 1279 689 διίστανται.

1122 712 1207 742 Οὐδὲν
1225 714 1330 752 ἀγάπης
1353 713 1378 741 ἐν
1406 714 1458 752 βίῳ
1483 714 1618 752 ἀνώτερον
1642 716 1689 742 καὶ
1712 713 1894 752 ἡδύτερον,ιαὶ

1087 757 1163 785 οὐδὲν
1180 758 1291 796 sip-llan
1311 759 1355 786 καὶ
1377 759 1507 795 ὁμονοίας
1534 759 1560 787 ἐν
1580 757 1678 796 κόσμῳ
1695 758 1895 796 λυσιτελὲστερσν

1087 802 1131 829 καὶ
1150 803 1326 840 τερπνότερον
1344 812 1350 818 ·
1380 803 1471 841 ἀγάπη
1500 804 1550 842 γὰρ
1577 805 1591 832 ὁ
1618 804 1685 836 Θεός
1724 804 1779 831 ἐστι
1813 814 1839 831 τι
1859 803 1895 831 καὶ

1087 846 1259 884 ὀνομάζεται·
1289 848 1332 875 καὶ
1363 849 1381 882 ἡ
1409 849 1477 875 κατὰ
1497 849 1560 876 Θεὸν
1591 848 1687 886 εἰρήνη
1715 849 1761 876 καὶ
1783 850 1828 876 τοῦ
1842 849 1895 875 Θεοῦ

1086 893 1173 920 πάντα
1201 894 1262 919 νοῦν
1303 892 1427 930 ὑπερίχιι
1458 893 1495 923 ὡς
1531 891 1725 931 δεδιδάγμεοα.
1755 891 1835 921 Αὖται
1859 891 1895 919 καὶ

1086 938 1130 964 τὸν
1148 937 1319 974 Δημιουργὸν
1347 936 1394 964 καὶ
1423 937 1560 972 Δεσπότην
1588 939 1642 965 τῶν
1674 937 1751 965 ὅλων
1775 936 1858 964 κλῖναί
1874 946 1896 962 τε

1085 982 1149 1013 τοὺς
1174 981 1305 1019 οὐρανοὺς
1328 981 1374 1008 καὶ
1400 981 1443 1008 ἐπὶ
1467 983 1517 1014 τῆς
1541 985 1591 1019 γῆς
1614 979 1768 1017 καταϐῆναι
1790 981 1894 1008 κατεπει-

1086 1037 1144 1055 σαν.
1162 1027 1211 1053 Καὶ
1238 1027 1330 1062 μέντοι
1350 1026 1395 1053 καὶ
1422 1024 1602 1061 καταϐέϐηκε,
1628 1026 1673 1054 καὶ
1699 1027 1760 1058 καθ’
1784 1023 1897 1062 ἡμᾶςδι’

1086 1072 1160 1108 ἡμᾶς
1199 1070 1286 1108 χωρὶς
1325 1071 1458 1109 ἁμαρτίας
1501 1071 1560 1098 κατ’
1597 1069 1729 1107 ἀλήθειαν
1772 1069 1896 1107 ἅνθρωπος

1084 1117 1190 1154 γὲγονευ
1220 1115 1266 1142 καὶ
1294 1116 1382 1142 πάντα
1405 1116 1439 1143 τὰ
1469 1116 1516 1152 μὲν
1547 1114 1658 1154 δράσας,
1683 1116 1720 1143 τὰ
1745 1114 1766 1142 δ’
1797 1114 1896 1145 ὑποστὰς

1083 1161 1118 1188 τὰ
1133 1160 1297 1198 ἀνθρώπινα,
1313 1162 1372 1191 τοῖς
1396 1159 1473 1197 ἐγγὺς
1498 1160 1542 1187 καὶ
1563 1163 1622 1192 τοῖς
1648 1160 1757 1197 μακρὰν
1779 1160 1809 1187 τὸ
1825 1157 1894 1186 καλὸν

209 1202 365 1230 nuntiavit.
382 1203 511 1238 Eisdem,
536 1205 600 1239 paci
624 1204 734 1232 scilicet
761 1207 790 1232 et
819 1205 965 1237 charitati,
985 1214 1032 1240 ap-

1087 1206 1133 1239 τῆς
1158 1205 1269 1242 εἷ’ρήνης
1292 1202 1493 1242 εὐηγγελίσατο.
1522 1204 1627 1235 Ταύτας
1653 1205 1700 1232 καὶ
1722 1205 1736 1232 ὁ
1752 1204 1894 1233 πιστότατος

209 1246 304 1281 prime
315 1247 436 1274 studens
446 1247 637 1276 fidelissimus
647 1249 743 1284 gentis
755 1251 861 1276 nostris
873 1250 1030 1285 imperator

210 1291 378 1318 convocavit
392 1293 424 1319 ut
453 1291 571 1320 cernitis
599 1293 654 1320 hoc
682 1292 746 1321 loco
776 1293 938 1328 universos,
956 1296 988 1321 ut
1002 1296 1030 1322 et

210 1334 274 1370 ipse
289 1343 357 1363 cum
367 1335 425 1364 Deo
440 1336 521 1372 pacis
531 1337 609 1365 bona
624 1337 709 1365 nobis
728 1338 893 1374 aununtiet,
909 1341 938 1366 et
964 1338 1030 1366 diu-

208 1381 326 1408 turnam
343 1382 558 1410 contentionem
574 1383 724 1418 dissolvat,
739 1385 827 1419 atque
842 1384 877 1411 ad
902 1383 1028 1419 priscam

1083 1252 1131 1277 τοῦ
1146 1249 1240 1287 γένους
1261 1250 1342 1285 ἡμῶν
1372 1247 1498 1285 βασιλεὺς
1523 1247 1598 1287 εἷ’περ
1622 1259 1665 1280 τις
1687 1247 1783 1286 ἕτερος
1805 1248 1894 1286 ἀγαπή-

1085 1305 1143 1328 σας,
1171 1292 1355 1331 ωγκαλεῖται,
1371 1293 1407 1324 ὡς
1435 1294 1523 1329 ὁρᾶτε,
1553 1293 1617 1324 τοὺς
1645 1293 1749 1324 πάντας
1778 1293 1892 1326 ἐνταῦθα,

1084 1339 1159 1370 ὅπως
1175 1336 1205 1365 ἄν
1232 1337 1299 1374 μετὰ
1323 1339 1372 1365 τοῦ
1401 1339 1467 1365 Θεοῦ
1491 1338 1535 1365 καὶ
1564 1338 1643 1368 αὐτὸς
1667 1338 1703 1365 τὰ
1727 1340 1778 1371 τῆς
1801 1338 1895 1375 εἰρήνης

1083 1384 1152 1420 ἡμῖν
1168 1381 1378 1420 εὐαγγελίσηται
1402 1381 1497 1420 ἀγαθὰ,
1522 1382 1566 1409 καὶ
1586 1382 1631 1410 τὸν
1655 1382 1836 1421 πολυήμερον
1856 1380 1895 1408 πό-

209 1424 410 1455 discordantes
424 1434 525 1462 pacem
539 1427 669 1455 reducat.

1087 1427 1169 1464 λεμον
1184 1426 1336 1464 καταλύσῃ,
1364 1426 1408 1454 καὶ
1423 1427 1491 1465 πρὸς
1507 1427 1556 1462 τήν
1584 1427 1704 1466 ἀρχαίαν
1735 1428 1769 1455 τὰ
1784 1425 1897 1455 διεστῶτα

1083 1470 1238 1510 ἐπαναγάγῃ
1254 1470 1405 1509 συνάφειαν.

244 1567 341 1604 Pergit
355 1567 459 1595 deinde
474 1567 618 1604 Ephesius
633 1567 786 1597 historiam
799 1569 993 1597 schismatum
1004 1568 1184 1597 diversarum
1201 1576 1253 1604 per
1268 1568 1368 1596 orbem
1391 1567 1593 1603 ecclesiarum,
1616 1569 1707 1604 atque
1721 1567 1898 1605 ipsorummet

205 1612 284 1641 inter
298 1620 330 1640 se
344 1613 509 1640 Graecorum
525 1612 671 1641 latissimo
688 1621 823 1642 sermone
838 1613 1002 1641 describere
1018 1621 1051 1641 ac
1066 1612 1228 1650 deplorare,
1253 1615 1282 1641 et
1304 1619 1452 1640 canonum
1468 1614 1647 1649 Petrumque
1662 1615 1798 1641 veterum
1812 1613 1897 1640 aucto-

206 1657 292 1685 ritate
307 1659 458 1692 castigare.
476 1657 599 1686 Summa
614 1660 711 1686 autem
729 1658 874 1686 sermonis
889 1660 944 1692 est,
956 1659 989 1686 ut
1003 1659 1090 1693 neget
1105 1657 1258 1694 Ephesius,
1282 1657 1375 1684 ullum
1392 1665 1524 1693 unquam
1553 1657 1685 1685 echisma
1701 1656 1790 1686 licere
1805 1656 1856 1685 nisi
1868 1654 1897 1683 ob

206 1701 371 1730 evidentem
387 1710 418 1730 ac
431 1702 594 1735 judicatam
610 1703 754 1730 haereseos
770 1711 888 1731 causam
901 1711 908 1731 :
922 1711 990 1730 nam
1007 1704 1110 1730 cistera
1124 1700 1285 1738 ἐγκλήματα
1300 1702 1355 1729 etsi
1371 1701 1466 1738 pcenis
1478 1701 1655 1729 vindicanda
1670 1704 1754 1736 sunt,
1768 1710 1824 1729 nou
1836 1699 1896 1728 tanti

207 1753 272 1774 esse
286 1748 384 1774 tamen
401 1748 433 1774 ut
447 1747 483 1774 ad
499 1754 651 1774 summum
667 1747 842 1775 secessionis
870 1747 980 1775 malum
995 1755 1034 1774 co:

1087 1746 1193 1779 ellant;
1224 1746 1332 1773 nedum
1349 1744 1435 1773 liceat
1463 1743 1507 1772 διά
1520 1755 1596 1776 τινας
1614 1745 1810 1783 μικροψυχίας,
1825 1747 1854 1772 ut
1865 1742 1897 1771 ait

208 1792 328 1819 sanctus
343 1791 481 1823 Basilius,
497 1794 614 1827 propter
629 1791 743 1827 aliquas
759 1791 861 1828 pusilli
877 1792 967 1820 animi
979 1791 1147 1819 affectiones
1162 1790 1204 1818 vel
1221 1791 1409 1823 acerbitates,
1425 1790 1583 1826 perniciem
1599 1792 1714 1819 tantam
1731 1789 1843 1826 populis
1857 1786 1896 1816 Dei

208 1835 325 1863 inferre.
343 1835 405 1867 Qua
419 1835 551 1863 doctrina
566 1835 615 1862 diu
631 1836 749 1870 tradita,
767 1836 853 1864 homo
868 1836 984 1864 Graecus
1007 1835 1227 1864 memorabilem
1253 1835 1423 1871 hujusmodi
1448 1835 1624 1863 sententiam
1641 1835 1735 1863 dicit:
1753 1833 1894 1870 Σημείωσαι

205 1880 299 1912 ταῦτα,
328 1877 394 1909 ἴσως
422 1878 482 1915 γὰρ·
512 1878 736 1917 ὠφεληθήσονται
753 1880 779 1907 οἱ
790 1883 880 1912 κακῶς
897 1881 936 1917 (Ι)
954 1880 1079 1919 λέγοντες
1114 1878 1316 1916 ἄποσχισθῆναι
1351 1880 1425 1914 ἡμᾶς
1455 1878 1508 1906 ἀπὸ
1543 1880 1592 1906 τοῦ
1629 1879 1754 1916 Ῥώμης,
1782 1878 1832 1916 πρὸ
1855 1877 1894 1903 τοῦ

207 1920 435 1956 καταδικασθῆναι
452 1921 530 1949 αὐτὸν
547 1923 591 1950 καὶ
614 1923 678 1954 τοὺς
695 1924 756 1962 περὶ
781 1925 861 1952 αὐτὸν
892 1925 929 1956 ὡς
957 1925 1034 1962 κακός

1087 1935 1128 1955 ia:
1158 1927 1229 1953 Nola
1245 1925 1318 1952 hanc
1336 1924 1502 1956 doctrinam,
1520 1931 1580 1959 qua:
1593 1928 1712 1959 fortasse
1725 1924 1766 1952 eis
1778 1923 1894 1959 proderit,

208 1968 256 2004 qui
269 1975 318 1995 nos
333 1967 425 2003 inique
439 1967 557 1996 schisma
572 1969 670 2004 fecisse
690 1971 769 1997 aiunt
785 1978 801 1997 a
817 1972 942 1998 Romano
955 1970 1100 2006 pontiﬁce,
1112 1974 1176 1997 ante
1190 1977 1274 2005 quam
1288 1968 1433 2003 deﬁnitum
1447 1969 1493 2003 sit,
1510 1969 1552 1996 vel
1567 1969 1657 2004 ipsum
1671 1969 1714 1996 vel
1724 1970 1786 2005 eius
1795 1966 1895 1996 astrth

204 2020 324 2049 pravum
337 2012 436 2048 dogma
448 2014 548 2048 fovere.
566 2015 641 2042 Bene
656 2013 716 2041 haec
737 2014 861 2042 habent:
880 2015 1072 2043 nihilominus
1089 2015 1125 2042 ob
1141 2023 1174 2042 ea
1202 2022 1266 2049 quae
1293 2013 1365 2041 dicit
1387 2014 1406 2041 Γ.
1430 2013 1465 2040 25
1481 2013 1511 2047 b,
1539 2013 1750 2041 schismaticus
1771 2011 1895 2049 Ephesius

208 2058 372 2086 credendus
387 2060 441 2085 est.
459 2058 501 2086 lbi
517 2058 595 2086 enim
623 2057 725 2087 laudat
752 2060 959 2094 Andronicum,
990 2060 1067 2096 quod
1098 2059 1222 2095 adeptus
1249 2060 1412 2094 sceptrum,
1439 2057 1517 2085 illico
1533 2057 1659 2093 patrium
1690 2058 1732 2093 (id
1745 2060 1789 2086 est
1802 2054 1897 2093 patriis)

209 2102 312 2138 dogma
327 2103 478 2138 professus
492 2102 540 2137 sit,
558 2103 660 2138 quovis
676 2103 732 2131 alio
749 2104 784 2131 ob
796 2104 1035 2140 peregrinitatem
1048 2103 1178 2137 excluso,
1194 2105 1223 2130 et
1247 2102 1326 2138 quod
1350 2110 1467 2130 omnem
1486 2102 1644 2130 novitatem
1659 2101 1896 2138 corruptelamque

209 2146 347 2174 doctrinae
363 2147 514 2182 abjecerit,
529 2149 603 2181 etc.;
621 2148 729 2184 quibus
745 2149 841 2177 verbis
857 2149 983 2176 reditum
1000 2147 1157 2176 Andronici
1171 2148 1207 2175 ad
1225 2146 1355 2175 schisma
1370 2150 1435 2183 post
1459 2145 1611 2174 Michaelis
1635 2146 1767 2182 parentis
1790 2145 1894 2178 obitum,

209 2191 260 2227 qui
275 2199 352 2219 anno
368 2191 489 2227 contigit
505 2192 585 2225 1282,
601 2192 769 2228 signiﬁcare
784 2201 816 2220 ac
833 2192 986 2221 dilaudare
1001 2192 1127 2220 videtur.

245 2236 369 2272 Reliqua
383 2236 496 2270 omitto,
513 2244 577 2272 quae
593 2237 686 2265 multa
702 2239 729 2265 in
746 2238 843 2265 medio
859 2240 939 2271 sunt,
957 2237 1049 2265 donec
1064 2237 1141 2264 infra
1157 2236 1176 2264 ί.
1193 2236 1228 2264 45
1240 2236 1275 2263 de
1291 2235 1446 2272 prudentia
1468 2234 1665 2263 ecclesiastica
1684 2235 1787 2263 scribit
1801 2235 1894 2267 auctor,

210 2290 268 2318 quo
285 2290 389 2318 nempe
404 2282 578 2310 necessitate
593 2285 644 2310 aut
658 2283 685 2311 vi
701 2283 780 2318 gravi
792 2283 892 2318 aliqua
908 2284 1029 2318 urgente
1046 2282 1178 2317 (excepta
1193 2282 1305 2309 ratione
1327 2280 1408 2315 ﬁdei)
1431 2280 1466 2308 de
1490 2279 1590 2308 stricto
1609 2288 1759 2308 canonum
1782 2280 1844 2316 jure
1855 2278 1893 2325 da:

210 2326 380 2355 cliuandum
396 2327 445 2360 sit,
461 2335 507 2360 ne,
524 2327 596 2354 dum
611 2329 724 2363 partem
739 2327 888 2355 mordicus
904 2329 1004 2354 tenere
1015 2325 1162 2359 volumus,
1179 2333 1326 2353 summam
1342 2325 1512 2361 perdamus.
1526 2325 1618 2356 Quam
1630 2325 1806 2353 sententiam
1818 2323 1892 2351 sancti

211 2370 309 2406 Cyrilli
324 2372 497 2400 auctoritate
508 2372 663 2399 conﬁrmat
678 2372 757 2399 brevi
773 2371 903 2407 Epistola
917 2372 953 2399 ad
984 2370 1167 2399 Gennadium
1185 2369 1458 2404 archimandritam,
1483 2377 1547 2405 qua
1575 2368 1652 2397 inter
1673 2369 1767 2397 editas
1781 2370 1823 2396 est
1835 2369 1854 2394 t.
1866 2365 1892 2399 ν.

212 2418 287 2451 part.
304 2425 334 2451 ii,
351 2426 379 2453 p.
396 2417 458 2445 491.
481 2417 546 2445 Mox
559 2417 702 2453 Ephesius
727 2417 916 2452 prosequitur
941 2425 1027 2444 suum
1044 2416 1229 2452 propositum
1255 2414 1383 2461 diversis
1403 2414 1545 2461 exemplis
1569 2414 1721 2461 roborare,
1734 2415 1893 2461 recitataque

212 2462 294 2495 parte
308 2461 443 2496 Epistolis
453 2462 574 2490 Joannis
588 2462 650 2489 VIII
661 2470 740 2497 papae
752 2462 788 2488 ad
801 2461 940 2489 anilium
953 2461 1160 2497 imperatorem
1179 2469 1241 2496 qua:
1261 2459 1288 2487 in
1302 2459 1444 2487 Photiana
1455 2459 1565 2495 synodo
1577 2458 1693 2496 legitur,
1706 2459 1742 2487 de
1755 2458 1893 2493 antiquatis

214 2502 316 2531 multis
332 2504 367 2532 ob
383 2507 514 2541 tempore
530 2507 642 2533 mutata
659 2506 821 2533 canonibus
837 2505 974 2540 disserit;
1001 2513 1089 2541 quam
1106 2504 1282 2540 particulam
1298 2503 1364 2532 ideo
1380 2503 1522 2531 libentius
1537 2503 1584 2530 hic
1599 2503 1738 2537 recitabo,
1755 2502 1821 2538 quia
1833 2501 1893 2528 dua-

214 2555 280 2576 rum
295 2548 465 2577 Latinorum
481 2558 626 2578 canonum
643 2550 846 2578 collectionum
863 2550 1026 2578 summaria
1041 2549 1096 2577 hoc
1111 2549 1258 2576 volumine
1268 2548 1344 2576 edidi
1360 2556 1366 2582 ;
1384 2547 1576 2584 quantumvis
1591 2547 1668 2575 enim
1680 2547 1748 2576 boni
1764 2548 1820 2575 sint
1830 2545 1847 2572 ii
1856 2551 1894 2571 ca-

212 2601 305 2621 nones
318 2601 350 2621 ac
366 2594 495 2630 plerique
509 2595 606 2629 utiles,
623 2604 679 2623 non
694 2595 735 2623 ita
750 2598 828 2623 certe
840 2597 909 2623 sunt
925 2594 1091 2623 immobiles
1107 2597 1194 2630 atque
1210 2593 1277 2629 rati,
1294 2595 1326 2621 ut
1341 2601 1391 2621 eos
1407 2592 1541 2621 Ecclesiae
1552 2593 1723 2627 auctoritas,
1740 2600 1790 2629 pro
1813 2596 1892 2619 rerum

211 2642 438 2674 temporumque
453 2639 611 2674 adjunctis,
627 2640 739 2668 variare
751 2641 910 2675 prudenter
923 2641 1060 2675 nequeat.

247 2684 288 2712 En
305 2684 392 2712 verba
407 2683 524 2720 Ephesii
539 2685 602 2712 cod.
618 2685 681 2720 213,
699 2685 719 2714 f.
734 2685 786 2712 202
799 2693 806 2712 :

247 2766 286 2801 (i)
308 2767 349 2795 ita
375 2765 404 2794 in
433 2766 499 2794 cod.
527 2765 581 2793 225
597 2766 616 2793 Γ.
647 2766 690 2802 19,
725 2767 753 2794 b.
778 2768 814 2794 At
839 2766 867 2794 in
891 2766 954 2794 cod.
982 2765 1036 2793 213

211 2802 315 2833 καλῶς.
329 2804 464 2831 Attamen
481 2803 509 2830 in
523 2802 667 2830 contrario
682 2802 819 2830 adverbio
835 2802 913 2830 idem
935 2803 1034 2829 manet

213 2845 329 2874 sensus,
344 2839 394 2875 qui
409 2847 426 2867 a
442 2837 673 2875 praecedentibus
689 2839 911 2875 determinatur,
928 2845 1034 2875 nempe

214 2875 291 2909 quod
303 2873 370 2904 ante
384 2873 474 2904 latam
499 2875 643 2903 haereseos
668 2874 843 2904 sententiam
870 2883 928 2903 non
948 2873 1034 2902 liceat

1091 2774 1107 2793 a
1123 2773 1175 2793 suo
1192 2766 1310 2801 pastore
1326 2764 1484 2793 discedere.
1497 2761 1646 2801 blandae;
1660 2763 1762 2799 mavis,
1773 2762 1832 2801 dic;
1846 2759 1890 2801 Ιξεξς

1088 2793 1220 2829 ἀθεενίηὶ
1236 2802 1358 2837 fortasse
1378 2801 1415 2828 iis
1432 2799 1560 2836 proderit
1584 2799 1625 2834 (id
1635 2793 1674 2828 est
1688 2807 1732 2828 eos
1742 2793 1890 2828 εἳπεπᾱαὺίε)

1089 2838 1137 2874 qui
1149 2845 1200 2866 nos
1215 2839 1288 2866 recte
1301 2836 1454 2865 discessisse
1467 2837 1559 2871 aiunt,
1580 2839 1630 2863 etc.
