2021 3176
130 197 192 228 505

593 192 664 228 ’ΒΕ
688 197 956 228 PROCESSIONE
978 197 1158 228 SPIRITUS
1182 198 1334 229 SANCTI.

1777 197 1836 228 506

166 264 265 294 Ὅσους
281 261 308 290 δὲ
323 262 435 294 κανόνας
450 265 504 290 τῶν
522 262 708 300 ἀργαιοτὲρων
725 264 750 290 οὶ
767 264 823 299 μετ’
840 263 950 291 ἐκιίνουι

1050 265 1124 297 Quot
1148 267 1245 294 autem
1270 265 1458 300 antiquorum
1485 264 1646 301 prasulum
1670 272 1797 292 canones
1820 272 1837 291 a

131 308 272 345 ἀρχιερεῖς
295 307 340 334 καὶ
367 307 481 345 μεγάλοι
513 307 629 346 lla-cipe;
656 308 735 344 ἡμῶν
762 307 841 345 ἀργίᾳ
868 307 958 343 τελείᾳ

131 350 316 387 συνέστειλαν,
348 352 374 379 τί
404 352 460 389 χρὴ
499 352 544 379 καὶ
573 351 660 390 λέγειν
685 353 776 388 ἠμᾶς;
807 353 907 381 “leae-tv
931 352 957 378 οὶ

129 396 165 424 τὰ
200 396 259 434 ἱερὰ
295 397 350 423 τῶν
386 395 505 423 κανόνων
550 395 759 432 πεπαιδιυμὲνοι
798 397 957 433 μαθήματα.

130 443 188 468 Ποῦ
214 440 263 478 γάρ
294 440 365 468 ἐστιν
395 441 409 467 ὁ
435 441 523 468 κανὼν
552 440 652 472 ἐκεῖνος
675 440 765 472 ὁτοὺς
793 440 956 472 ἀπισχόπους

129 487 264 512 συνοικεῖν
279 487 338 515 ταῖς
355 484 467 516 οἰκείαις
491 484 579 513 αὒτῶν
600 485 716 523 γυναιξὶν
742 485 956 522 ἐντελλόμενοςς

130 531 189 557 Ποῦ
205 528 307 560 ἐκεῖνος
331 529 361 560 ὃς
387 529 451 561 τοὺς
476 529 674 567 σχισματικοὺς
697 531 740 558 καὶ
763 530 827 562 τοὺς
856 531 956 567 αἱρετι-

128 572 195 604 aco-bc
222 571 476 608 ίξαναϐαπτίζεσθαι
501 573 687 609 δικτάττειαις
711 577 767 602 Ποῦ
792 575 806 601 ὁ
835 573 956 611 διοριζό-

132 628 213 654 μενος
238 616 321 645 πάλιν
349 617 417 645 ἔπτὰ
445 616 587 649 διακόνους
613 619 679 646 εἶναι
716 618 761 646 καὶ
801 618 901 655 μόνους
928 618 954 646 ἐν

129 661 228 699 ἑκάστῃ
251 664 304 690 τῶν
332 662 460 698 πόλεων;
483 661 539 690 Ilo;
568 663 582 690 ὁ
609 663 675 700 μετὰ
697 663 728 690 τὸ
757 665 848 702 φαγεῖν
882 664 955 699 ἡμᾶς

129 706 199 734 κατὰ
225 707 274 740 τήν
306 706 429 744 μεγάλην
460 707 478 734 ε’
509 706 630 745 μετέχειν
669 709 722 734 τῶν
762 710 880 745 φριχτῶν
907 709 955 734 τοῦ

129 750 248 788 Χριστοῦ
279 750 447 788 μυστηρίων,
479 752 595 788 μιμήσιι
623 752 697 789 τάχα
733 753 782 779 τοῦ
821 753 955 789 Κυριακοῢ

129 793 240 822 δείπνου
268 794 380 829 ἐκείνου,
408 796 580 832 νομοθετῶν;
606 797 664 824 Ηοῦ
689 796 811 827 κάκεῖνος
840 796 868 827 ὃς
895 799 954 827 τοῖς

128 838 246 874 πλήθεσι
288 841 341 866 τῶν
386 838 541 868 ἱπισκόπων
584 839 703 878 ἐκλογὴν
745 843 879 872 ποιεῖσθαι
909 839 955 867 καὶ

127 885 221 922 ψῆφον
237 882 384 921 ἔπὲτρεπι;
399 884 453 912 Καὶ
477 885 579 922 μακρὸν
605 884 634 912 ἃν
660 883 701 920 εἷὴ
726 884 789 916 τοὺς
813 885 954 922 ἀπρακτή-

128 938 226 960 σαντας
240 931 294 956 τῶν
308 928 428 956 κανόνων
459 928 558 960 πάντας
587 929 743 967 ἐκλέγεσθαι
767 932 812 957 νῦν
840 929 885 957 καὶ
914 929 953 961 εἰς

129 971 211 1008 μέσον
227 973 402 1010 παράγεσθαι.

1013 309 1225 344 posterioribus
1248 310 1394 346 episcopis
1419 310 1595 345 magnisque
1619 308 1754 336 Patribus
1776 308 1837 335 sint

1013 353 1131 380 omnino
1147 354 1210 381 sine
1222 354 1325 382 eﬂectu
1340 354 1444 387 habiti,
1455 362 1507 381 cur
1523 362 1575 381 nos
1591 353 1686 381 dicere
1701 353 1836 388 oportet?

1012 398 1043 425 Id
1057 397 1190 425 videlicet
1204 398 1301 426 sciunt
1315 399 1365 434 qui
1376 398 1532 426 canonicas
1543 398 1714 434 disciplinas
1726 397 1837 426 didice-

1011 443 1090 469 runt.
1110 442 1161 469 Ubi
1178 445 1222 470 est
1236 442 1314 470 enim
1325 443 1389 478 jam
1404 443 1450 470 ille
1466 451 1558 470 canon
1569 442 1617 478 qui
1629 442 1750 470 mandat
1760 442 1836 477 epis-

1011 486 1091 521 copis
1103 490 1134 513 ut
1144 495 1210 514 cum
1222 495 1276 514 sua
1290 487 1415 522 quisque
1431 488 1556 522 conjuge
1569 485 1704 513 habitet?
1718 485 1772 513 Ubi
1787 485 1835 513 ille

1011 531 1059 565 qui
1072 531 1276 559 schismaticos
1287 534 1315 558 et
1331 531 1480 558 haereticos
1496 530 1669 566 rebaptizuri
1682 529 1834 566 praecipit?

1011 574 1063 602 Ubi
1079 584 1182 603 rursus
1197 575 1245 603 ille
1260 575 1310 611 qui
1321 577 1432 611 septem
1444 577 1560 602 tantum
1571 575 1709 602 diaconos
1722 574 1751 601 in
1763 583 1834 602 una-

1010 627 1127 655 quaque
1142 620 1213 648 urbe
1228 628 1292 648 esse
1307 619 1457 647 decernit?
1473 619 1526 646 Ubi
1541 618 1600 651 ille,
1618 618 1667 654 qui
1683 619 1836 646 constituit

1011 666 1042 692 ut
1057 664 1120 692 cibo
1136 667 1323 700 praesumpto,
1337 663 1366 691 in
1384 664 1486 699 quinta
1502 671 1609 699 magna
1625 663 1696 690 feria
1707 665 1834 690 tremen-

1009 708 1055 736 dis
1066 709 1173 736 Christi
1185 709 1332 744 mysteriis
1343 708 1607 740 communicemus,
1624 707 1714 742 idque
1724 707 1760 734 ob
1770 706 1835 733 imi-

1011 753 1149 781 tationem
1165 754 1289 781 fortasse
1304 761 1391 780 cccns:
1411 751 1592 780 Dominicae?
1608 750 1662 778 Ubi
1678 753 1706 779 et
1721 749 1768 778 ille
1783 750 1834 785 qui

1009 798 1109 833 populi
1125 797 1307 826 multitudini
1333 797 1363 824 in
1389 798 1593 832 episcoporum
1619 795 1758 823 electione
1773 795 1835 822 suf-

1010 842 1134 877 fragium
1149 842 1310 878 permittit?
1322 842 1450 877 Longum
1465 843 1542 869 esset
1553 840 1721 876 antiquatos
1732 847 1835 867 omnes

1004 886 1197 922 jacentesque
1220 894 1346 914 canones
1373 894 1450 914 nunc
1478 885 1602 922 seligere
1625 884 1756 921 atquein
1773 892 1834 912 me-

1009 931 1092 959 dium
1109 931 1246 967 proferre.

644 1143 681 1204 J
687 1142 860 1205 OAN
863 1143 920 1204 N
926 1142 1002 1204 IS
1053 1142 1328 1205 CHIL/E

773 1280 900 1309 EPHESI
921 1281 1189 1309 METROPOLITIE

360 1363 431 1404 AD
460 1362 874 1407 IMPERATOBEM
902 1362 1282 1407 ANDRONICUM
1310 1362 1598 1406 SENIOBEM

894 1465 1067 1494 LIBELLUS

604 1546 656 1576 DE
687 1546 958 1577 PROCESSIONE
986 1547 1165 1578 SPlRlTUS
1195 1547 1345 1578 SANCTI.

658 1626 754 1662 (Apud
767 1626 908 1655 Allatinm
923 1627 961 1655 De
975 1628 1160 1663 consensione,
1177 1635 1206 1663 p.
1220 1627 1297 1663 514.)

161 1793 287 1820 Ἰωάννου
312 1796 361 1821 τοῦ
390 1794 477 1823 Χειλᾶ
506 1795 712 1834 μητροπολίτου
742 1795 854 1835 Ἑφέσου
878 1797 947 1834 πρὸς

1039 1798 1268 1834 Processionem,
1285 1798 1465 1827 immobilem
1483 1799 1687 1835 proprietatem
1705 1798 1827 1826 sanctis-

126 1837 170 1864 τὸν
187 1836 382 1876 αὐτοκράτορα.
398 1840 455 1875 Τὴν
485 1839 640 1878 ὲκπόρευσιν
669 1841 796 1876 ἀκίνητον
826 1840 951 1877 ἰδιότητα

126 1883 174 1909 τοῦ
194 1882 328 1920 ’παναγίου
365 1884 521 1920 Ηνεύματος
540 1884 608 1913 οἶδεν
639 1887 656 1920 ὴ
683 1887 761 1921 κοινὴ
802 1885 865 1921 δόξα
900 1888 950 1920 τῆς

127 1924 300 1961 Ἐκκλησίας,
317 1927 361 1955 καὶ
384 1927 468 1965 μηδὲν
497 1927 596 1967 ἕτερον,
619 1929 637 1965 ἢ
655 1930 740 1967 μόνην
769 1931 819 1966 τήν
847 1930 876 1958 ἐκ
900 1933 949 1958 τοῦ

127 1971 231 2015 Πατρὸς
261 1973 376 2010 φυσικὴν
405 1972 516 2011 ὕπαρξιν
545 1974 627 2002 σώτοῦ
659 1975 882 2012 παριστάνουσκν.
913 1976 961 2015 Τὸ.

125 2017 187 2053 γοῦν
212 2014 342 2052 δοξάζειν,
358 2017 402 2044 καὶ
431 2019 543 2056 γράφειν
571 2019 621 2054 τὴν
649 2018 805 2057 ἐκπόρευσιν
834 2019 946 2055 ταύτην,

125 2058 167 2087 νῦν
198 2060 245 2097 μὲν
276 2060 320 2088 ἐπὶ
341 2064 392 2096 τῆς
413 2061 557 2100 θεολογίας
585 2064 634 2098 τήν
665 2063 775 2101 ὕπαρξιν
806 2065 947 2100 σημαίνειν

126 2104 219 2141 αὐτὴν,
243 2107 289 2132 νῦν
325 2104 353 2132 δὲ
379 2107 412 2134 αὖ
440 2108 489 2142 τήν
518 2106 627 2146 ἔκφασιν
651 2109 702 2142 τὴν
730 2107 830 2144 ἀΐδιον,
854 2108 872 2143 ἢ
897 2110 947 2143 τὴν

125 2147 260 2186 ἔκλαμψιν
290 2149 307 2185 ἢ
335 2150 385 2184 τὴν
416 2151 566 2189 φανέρωσιν
608 2151 783 2191 βλάσφημον,
812 2153 856 2179 καὶ
895 2155 949 2180 τῶν

127 2193 314 2222 ἀποπολικῶν
344 2193 488 2233 δογμάτων
514 2195 671 2235 ἀλλότριον¹
687 2197 732 2224 καὶ
756 2197 828 2235 παρὰ
855 2199 947 2231 τοῦτο,

127 2239 170 2266 καὶ
186 2239 351 2276 ἀναθεματὸς
367 2239 450 2276 ἄξιον·
466 2240 549 2269 πάλιν
575 2241 620 2269 τὸν
646 2239 786 2280 προϐολέα
808 2243 855 2269 τοῦ
880 2252 948 2269 παν-

126 2285 203 2320 αγίου
228 2284 382 2321 Πνεύματος
408 2285 505 2320 αἴτιον,
521 2286 559 2318 ὡς
582 2286 628 2314 καὶ
655 2286 701 2315 τὸν
727 2286 878 2325 Γεννητόρα
899 2288 948 2314 τοῦ

127 2329 189 2356 Υὶοῢ
204 2327 301 2366 αἰίτιον,
318 2331 335 2365 ἡ
355 2331 434 2366 κοινή
448 2333 502 2359 τῶν
532 2331 658 2370 Πατέρων
687 2330 756 2360 οἶδεν
785 2330 875 2360 ἔννοια
903 2331 948 2359 καὶ

128 2373 270 2411 ὁμολογία.
286 2375 357 2411 Πρὸς
374 2374 402 2403 Si
416 2375 460 2403 καὶ
475 2375 525 2410 τήν
538 2373 680 2414 προϐολὴν
704 2376 786 2404 ταύτὸ
811 2378 845 2413 τῇ
870 2375 948 2404 ἐκπο-

128 2417 214 2455 ρεύσει
243 2417 380 2454 δύνασθαι,
408 2420 529 2456 χαθαπαξ
559 2421 585 2448 οἱ
623 2422 720 2452 πάντες
758 2421 946 2459 γινώσκουσιν.

127 2462 156 2516 .9
186 2462 224 2499 μὴ
250 2462 340 2516 τοίνιίν
368 2463 462 2516 οἷξτως,
479 2464 541 2493 ἀλλ’
567 2467 665 2504 ὲτέρως
695 2468 812 2516 φρονιῖἳι,
843 2465 986 2516 δογμα-Β

125 2506 205 2542 τίζων
226 2517 255 2534 τε
278 2507 322 2534 καὶ
347 2508 468 2545 γράφων,
484 2510 521 2541 ὡς
543 2511 610 2538 ποτὶ
629 2511 676 2548 μὶν
691 2512 705 2539 ὁ
722 2508 875 2549 προϐολιὺς
899 2511 945 2539 τὸν

125 2551 208 2580 αἶίιιον
225 2551 352 2589 σημαίνει
376 2555 424 2579 τοῦ
447 2553 524 2590 ἁγίου
548 2555 715 2593 Πνεύματος,
731 2557 774 2584 καὶ
801 2557 818 2591 ἡ
842 2553 945 2594 προϐο-

125 2597 159 2632 λὴ
182 2597 231 2631 τήν
258 2596 288 2624 tu
309 2599 357 2624 τοῦ
383 2597 488 2634 Πατρὸς
512 2598 595 2627 αὐτοῦ
612 2601 726 2638 φυσικὴν
740 2600 863 2638 ὕπαρξιν·
879 2601 946 2628 ποτὶ

126 2640 152 2670 δὶ
180 2641 282 2674 ἐκεῖνος
312 2642 358 2679 μὲν
379 2641 426 2670 τὸν
455 2644 624 2682 φανερωτῆν,
639 2644 706 2681 αὕτη
726 2644 754 2672 δὲ
781 2645 830 2680 τὴν
859 2644 945 2673 ἀΐδιον

126 2684 259 2726 ἔκφανσιν,
276 2686 294 2722 ἢ
322 2687 372 2721 τὴν
401 2685 551 2724 ἔλλαμψιν,
568 2687 616 2716 ιὶίέ
645 2688 691 2717 οὖν
718 2690 768 2724 τὴν
797 2689 945 2729 φανέρωσιν

126 2733 171 2758 τοῦ
185 2731 318 2770 παναγίου
334 2731 501 2768 Πνιύματος,
516 2731 657 2770 πρόδηλος
684 2733 849 2772 βλάσφημος
869 2735 948 2768 οὗτος

127 2776 205 2812 ἡμῖν,
228 2776 273 2804 καὶ
315 2777 465 2816 περιφανὴς
505 2776 784 2816 παραδειγματιστὴς,
814 2779 860 2807 καὶ
903 2779 948 2808 διὰ

128 2823 207 2848 τοῦτο
235 2821 281 2849 καὶ
309 2819 462 2858 ἀποϐολῆς,
477 2822 522 2850 καὶ
539 2821 727 2862 βδελύγματος
755 2824 839 2862 ἄξιος.
855 2825 948 2853 Ὡσαύ-

129 2875 181 2899 τως
203 2867 247 2895 καὶ
270 2867 320 2902 τήν
344 2865 463 2905 πρόοδον
485 2866 568 2896 πάλιν
585 2867 628 2896 ἐπὶ
644 2871 693 2897 τοῦ
717 2868 851 2907 παναγίω
865 2870 947 2898 Ilvati-

1005 1842 1073 1870 simi
1088 1842 1226 1878 Spiritus,
1241 1844 1407 1871 communis
1429 1843 1561 1871 Ecclesia:
1577 1842 1721 1872 sententia
1737 1843 1826 1875 novit,

1005 1886 1135 1922 nihilque
1151 1887 1240 1922 aliud,
1257 1896 1346 1924 quam
1370 1888 1463 1916 solam
1493 1897 1527 1916 ex
1555 1890 1639 1916 Putre
1663 1887 1826 1915 naturalem

1003 1932 1204 1960 exsistentiam
1220 1932 1301 1961 illius
1325 1934 1545 1969 exprimentem.
1562 1934 1654 1966 Quare
1670 1933 1779 1960 sentire
1794 1940 1827 1960 ac

1003 1977 1140 2012 scribere,
1155 1978 1369 2012 processionem
1384 1977 1469 2012 hanc,
1484 1986 1561 2005 nunc
1572 1978 1690 2013 quidem
1707 1977 1736 2004 in
1748 1976 1826 2004 theo-

1002 2021 1104 2057 logicis
1129 2021 1329 2050 exsistentiam
1358 2022 1453 2058 ipsam
1479 2024 1589 2055 notare,
1607 2030 1683 2049 nunc
1698 2021 1825 2056 exspira-

1003 2065 1111 2092 tionem
1129 2066 1349 2101 sempiternam,
1365 2067 1424 2094 sive
1439 2066 1684 2094 illuminationem
1703 2066 1762 2093 sive
1779 2074 1826 2092 re-

1003 2109 1188 2143 velationem,
1204 2110 1410 2146 blasphemum
1427 2112 1456 2137 et
1470 2111 1505 2137 ab
1521 2109 1689 2146 apostolicis
1705 2110 1824 2144 dogma-

1002 2152 1082 2180 tibus
1111 2153 1240 2181 alienum
1269 2156 1322 2187 est,
1347 2157 1556 2190 proptereaque
1584 2154 1717 2189 dignum,
1747 2153 1826 2188 quod

1003 2197 1188 2225 anathemate
1203 2198 1474 2234 feriatur.Rursum,
1484 2199 1686 2235 productorem
1698 2197 1826 2225 sanctis-

1003 2242 1070 2270 simi
1098 2242 1223 2277 Spiritus
1252 2251 1382 2276 causam,
1413 2243 1661 2279 quemadmodum
1687 2245 1716 2271 et
1739 2242 1825 2270 Geni-

1001 2288 1093 2314 torem
1110 2286 1173 2314 Filii
1198 2296 1329 2322 causnm,
1344 2288 1511 2316 communis
1538 2288 1655 2315 Patrum
1680 2285 1826 2314 sententis.

1003 2331 1083 2359 novit
1097 2334 1125 2359 et
1139 2332 1302 2368 proﬁtetur.
1321 2335 1402 2368 Item,
1420 2333 1640 2369 productionem
1665 2334 1694 2360 et
1708 2339 1824 2368 proces-

1001 2376 1115 2404 sionem
1131 2377 1208 2404 idem
1224 2377 1326 2413 valere,
1343 2378 1462 2405 omnino
1484 2377 1561 2413 apud
1586 2385 1688 2405 omnes
1706 2376 1738 2404 in
1753 2384 1824 2404 con-

1002 2421 1078 2448 fesso
1094 2423 1147 2450 cst.
1174 2421 1227 2454 Qui
1253 2422 1362 2458 itaque,
1378 2423 1465 2450 modo
1490 2423 1526 2450 ab
1554 2422 1608 2449 hoc
1635 2422 1758 2456 diverso,
1773 2423 1825 2449 aut

1002 2466 1100 2500 sentit,
1116 2469 1167 2494 aut
1188 2467 1331 2501 enuntiat,
1348 2470 1398 2495 aut
1416 2467 1524 2503 scripto
1540 2467 1648 2501 tradit;
1665 2466 1823 2502 aliquando

1001 2511 1112 2538 scilicet
1128 2511 1359 2547 productionem,
1375 2512 1469 2540 sancti
1494 2511 1619 2547 Spiritus
1648 2519 1778 2544 causam,
1795 2513 1824 2538 et

1002 2555 1221 2592 productionem
1245 2565 1279 2585 ex
1302 2556 1386 2584 Patre
1403 2556 1483 2584 illius
1498 2555 1661 2584 naturalem
1677 2556 1822 2583 exsisten-

1001 2600 1083 2636 tiam,
1099 2603 1217 2636 notare;
1235 2601 1392 2638 aliquando
1406 2609 1473 2630 vero
1489 2604 1589 2629 notare
1605 2600 1822 2635 revelationem,

1002 2648 1030 2673 et
1045 2646 1139 2682 ipsam
1156 2646 1364 2682 sempiternam
1380 2646 1676 2683 explicationem,sive
1692 2645 1822 2673 illustra-

1000 2690 1121 2725 tionem,
1149 2691 1209 2719 sive
1237 2690 1441 2720 revelationem
1469 2691 1648 2720 sanctissimi
1675 2689 1823 2726 Spiritus;

1002 2737 1099 2771 aperte
1112 2735 1159 2763 hic
1173 2735 1251 2772 apud
1267 2744 1320 2764 nos
1335 2735 1526 2772 blasphemus
1540 2738 1595 2769 est,
1606 2738 1634 2763 et
1648 2734 1824 2762 manifestus

1002 2780 1214 2817 praevaricator,
1228 2783 1438 2817 proptereaque
1466 2781 1586 2818 dignus,
1601 2787 1688 2815 quem
1703 2778 1823 2814 abjicia-

1002 2833 1080 2860 mus,
1096 2827 1124 2854 et
1148 2826 1337 2854 detestamur.
1355 2826 1462 2854 Eadem
1484 2825 1598 2854 ratione
1622 2832 1739 2852 rursum
1756 2831 1822 2859 pro-

1001 2870 1168 2899 ductionem
1183 2870 1219 2899 de
1232 2870 1417 2900 sanctissimo
1426 2871 1537 2907 Spiritu
1553 2869 1672 2903 dictam,
1688 2870 1717 2897 et
1730 2867 1824 2897 solam
