2021 3176
95 207 155 237 513

581 201 632 232 DE
654 201 838 232 COBPORE
860 201 911 231 ET
932 200 1131 232 SANGUINE
1152 201 1320 232 CHRISTI.

1742 205 1802 234 5M

94 271 175 302 αὐτὸς
200 269 270 298 ἐστιν
300 270 313 297 ὁ
343 268 373 296 ἐκ
401 269 438 305 μὴ
470 265 547 298 ὄντος
571 267 610 299 εἱς
630 267 661 294 τὸ
687 267 755 294 εἴναι
785 266 818 294 τὰ
838 266 924 294 πάντα

992 268 1079 294 issent
1094 266 1182 294 fecit?
1197 267 1278 295 Unus
1294 267 1384 295 trium
1414 276 1606 303 personarum
1636 269 1802 298 Divinitatis

94 316 271 354 παραγαγὼν,
296 315 310 341 ὁ
336 315 374 344 εἷς
398 316 449 348 τῆς
471 313 687 350 τρισυποστάτου
714 311 853 346 θεότητος,
883 311 925 338 ἐπ’

96 361 220 398 ἐσχάτων
235 361 288 386 τῶν
319 359 427 396 χρόνων
443 357 602 395 σαρκωοεὶς,
618 356 662 384 καὶ
685 356 700 384 ὅ
719 356 764 383 τὸν
781 354 860 394 ἄρτοι
886 355 924 386 είς

96 406 129 433 τὸ
146 404 227 432 αὐτοῦ
243 406 323 439 σῶμα
339 400 556 439 μεταϐάλλεσθαι
568 401 762 438 προσ-τεταχώς
776 410 782 434 ;
798 400 827 427 Τί
843 399 924 428 πάλιν

101 452 191 485 ζητεῖς
207 448 293 475 αἶ’τίαν
310 447 354 475 καὶ
369 447 442 482 τάξιν
459 446 564 484 φύσεως
584 447 633 478 τῆς
656 448 704 473 τοῦ
731 444 813 483 ἄρτου
843 455 925 481 μετα-

101 492 188 529 ϐολῆς
205 493 242 524 εἰς
261 493 292 520 τὸ
307 494 356 519 τοῦ
371 492 490 529 Χριστοῦ
506 493 596 527 σῶμα,
619 490 663 517 καὶ
688 492 736 517 τοῦ
760 488 856 521 ὕδατος
882 488 926 516 καὶ

102 537 178 566 οἷ’νου
198 537 235 568 εἷς
260 538 337 574 αἵμα-
362 536 419 563 ἔπεὶ
446 536 511 572 ὑπὲρ
536 534 614 573 φύσιν
636 534 679 562 καὶ
697 533 779 571 λόγον
793 533 838 561 καὶ
866 535 926 560 νοῦν

102 583 148 611 καὶ
177 582 280 609 ἔννοιαν
306 581 335 609 ἐκ
358 581 497 618 Παρθένου
525 579 648 617 ἐτέχθη;
680 579 853 614 ’Δπιστήσεις
878 576 929 616 ἄρα

102 628 149 656 καὶ
164 628 213 662 τὴν
237 626 267 654 ἐκ
294 627 394 663 νεκρῶν
422 624 574 659 ἀνάστασιν,
597 624 640 651 καὶ
662 625 711 658 τήν
734 623 772 654 εἷς
798 622 928 661 οὐρανοὺς

104 672 188 700 αὐτοῦ
217 670 374 707 ἀνάληψιν,
399 669 444 697 καὶ
472 668 561 697 τᾶλλα
587 670 636 695 τοῦ
661 669 776 705 Χριστοῦ
805 666 930 703 θαύματα

105 717 172 755 ὑπὲρ
198 715 287 755 φύσιν,
312 715 357 742 καὶ
379 716 440 742 νοῦν
470 713 515 741 καὶ
543 712 644 740 ἔννοιαν
674 712 749 741 ὄντα.
770 711 856 740 Τοῦτό
886 721 928 738 σοι

103 762 225 799 γίνεται,
256 759 297 788 ὅτι
325 759 370 787 τὸν
401 757 517 796 Χριστὸν
535 781 542 794 ,
572 757 603 785 οῦ
632 757 696 785 Θεὸν
726 756 857 791 ἀληθινὸν
883 755 929 783 καὶ

104 807 167 834 Υὶὸν
182 807 230 833 τοῦ
246 806 312 833 Θεοῦ
327 803 484 841 ὁμολογεῖς,
513 802 576 831 ἀλλ’
591 801 760 841 ἀρειανίζεις,
778 800 884 839 μᾶλλον
901 799 930 828 δὲ

106 849 264 887 ἷουδαΐξεις.

143 894 220 924 Ἀλλ’
241 893 310 925 ’ίσως
338 892 421 921 πάλιν
447 890 634 932 ἀμφιϐάλλεις
657 891 702 919 καὶ
726 891 859 926 ἀπιστεῖς,
888 889 930 917 ὅτι

107 939 162 978 οὐχ
189 940 253 977 ὁρᾷς
281 937 366 976 σάρκα
393 938 438 965 καὶ
464 937 551 974 αἷμα,
579 935 641 964 ἀλλ’
669 937 749 974 ἄρτον
775 936 820 963 καὶ
845 935 930 962 οἶνον.

108 984 174 1022 Περὶ
190 982 221 1011 οῦ
237 981 336 1010 εῗδὲναι
361 992 390 1010 σε
413 982 481 1019 χρὴ,
498 981 629 1019 ἀχάριστε
643 980 688 1008 καὶ
701 980 848 1018 ἀγνώμων,
872 978 933 1017 περὶ

108 1030 155 1056 τὸν
186 1027 339 1064 εὐεργέτην,
364 1027 406 1053 ὅτι
432 1027 446 1054 ὁ
471 1026 505 1053 τὰ
528 1025 614 1053 πάντα
636 1024 715 1056 εἲδὼς
736 1025 813 1059 Θεὸς,
836 1029 934 1063 φιλαν-

110 1070 285 1110 θρωπότατος
322 1070 370 1104 ὢν,
415 1071 597 1107 οἰκονομικῶς
629 1071 710 1096 τοῦτο
745 1068 867 1104 ἐποίησε,
900 1069 934 1104 τῇ

112 1116 277 1154 ἀνθρωπίνῃ·
307 1114 428 1150 ἀσθενείᾳ
456 1112 695 1151 συγκαταϐαίνων,
723 1112 770 1140 ’ίνα
804 1113 841 1149 μὴ
867 1112 935 1139 ἀπο-

111 1160 278 1198 στρέφωνται
308 1160 334 1186 ot
361 1157 464 1186 πολλοὶ
498 1158 545 1185 τὸν
578 1155 721 1196 ἀρραϐῶνα
749 1160 799 1192 τῆς
822 1155 935 1184 αἰωνίου

113 1207 195 1240 ζωῆς,
229 1204 274 1232 καὶ
303 1202 511 1241 δυσχεραίνωσι,
527 1203 613 1239 σάρκα
633 1202 677 1228 καὶ
692 1202 761 1238 αἷμα
778 1200 935 1239 βλέποντες.

112 1250 159 1277 Διὸ
175 1248 220 1276 διὰ
233 1250 286 1275 τῶν
312 1247 513 1285 συνηθεστὲρων
529 1250 579 1281 τῆς
594 1245 699 1283 φύσεως
715 1247 795 1273 τοῦτο
817 1244 936 1282 γίνεσθαι

111 1291 270 1329 ἠϐουλήθη,
310 1291 434 1328 συζεύξας
472 1291 567 1323 αὐτοῖς
601 1291 651 1324 τήν
690 1290 772 1318 αὐτοῦ
809 1289 935 1324 θεότητα,

111 1338 200 1366 Τοῦτό
219 1336 275 1364 ἐστι
290 1336 322 1364 τὸ
342 1336 422 1372 σῶμά
447 1346 511 1372 μου,
539 1334 593 1362 καί.
624 1334 712 1364 Τοῦτό
737 1334 791 1362 ἐστι
814 1334 845 1362 τὸ
868 1333 937 1370 αἷμά

115 1392 179 1419 μου,
210 1380 313 1409 εἰπών·
340 1380 407 1416 καὶ,
436 1377 555 1415 Λάϐετε,
594 1378 707 1418 φάγετε²
737 1378 782 1406 καὶ
808 1378 883 1406 πίετε
911 1378 937 1414 ἐξ

114 1427 196 1454 αὐτοῦ
229 1427 328 1458 πάντες
363 1425 401 1456 εἴς
439 1424 531 1462 ἄφεσιν
569 1424 729 1462 ἁμαρτιῶν·
763 1423 808 1451 καὶ
840 1422 934 1451 πάλιν·

113 1473 141 1498 Ὁ
169 1469 250 1508 ἄρτος
278 1469 306 1498 εν
334 1469 389 1507 ἐγὼ
419 1468 509 1505 δώσω,
539 1470 556 1504 ἡ
579 1468 643 1506 σάρξ
670 1479 721 1505 μου
738 1467 819 1502 ἔστιν,
835 1469 865 1502 ἣν
882 1467 937 1505 ἐγὼ

117 1514 197 1543 δώσω
228 1514 294 1552 ὑπὶρ
317 1517 368 1549 τῆς
391 1516 439 1542 τοῦ
464 1513 569 1550 κόσμου
594 1516 685 1548 ζωῆς·
711 1513 775 1540 καί·
807 1513 868 1541 Ἐὰν
897 1513 934 1549 μὴ

116 1559 219 1597 φάγητε
239 1559 289 1593 τὴν
318 1558 402 1596 σάρκα
428 1559 477 1585 τοῦ
506 1558 570 1585 Υἱοῦ
602 1559 650 1584 τοῦ
687 1557 851 1595 ἀνθρώπου,
892 1557 936 1584 καὶ

115 1603 196 1639 πίητε
219 1602 301 1630 αὐτοῦ
326 1602 357 1630 τὸ
382 1603 460 1638 αἷμα,
488 1602 537 1629 οὐκ
563 1601 640 1640 ἔχετε
670 1602 742 1636 ζωὴν
771 1601 796 1629 ἐν
819 1602 935 1632 ἑαυτοῖς.

981 311 1031 347 qui
1049 311 1204 347 postremis
1221 312 1403 347 temporibus
1414 312 1583 341 incarnatus
1595 316 1681 348 est,et
1695 322 1801 349 panem

980 356 1009 383 in
1026 361 1111 384 suum
1127 364 1231 391 corpus
1247 357 1437 384 transmutari
1451 357 1564 392 jussit?
1588 357 1660 390 Quid
1677 359 1803 393 requiris

981 409 1099 428 causam
1117 403 1145 427 et
1160 400 1290 427 ordinem
1308 404 1429 436 naturae,
1446 401 1530 437 panis
1547 403 1804 430 trausmutationis

981 445 1011 472 in
1028 443 1135 472 Christi
1151 453 1268 480 corpus,
1280 446 1307 472 et
1324 454 1404 481 aqua:
1421 446 1458 481 (2)
1479 446 1594 481 vinique
1621 446 1651 474 in
1682 447 1804 483 sangui-

982 497 1048 517 nem
1062 498 1069 522 ',
1086 497 1153 516 cum
1170 497 1260 524 supra
1275 491 1422 523 naturam,
1436 490 1588 524 rationem,
1606 494 1746 525 mentem,
1777 494 1805 520 et

983 533 1199 569 cogitationem,
1217 541 1250 560 ex
1266 533 1383 569 Virgine
1413 534 1452 562 sit
1480 535 1586 562 natus?
1615 535 1677 562 Non
1704 537 1804 564 credes

982 579 1083 613 itaque
1112 586 1164 605 nec
1190 581 1373 606 mortuorum
1404 579 1658 614 resurrectionem,
1689 589 1742 608 nec
1775 581 1804 608 in

984 623 1070 651 oculos
1085 623 1148 658 ejus
1165 622 1409 658 assumptionem,
1426 625 1453 650 et
1470 623 1526 651 alia
1541 623 1648 652 Christi
1666 625 1808 654 miracula

984 676 1074 703 supra
1085 669 1364 700 naturam,mentem
1381 671 1408 695 et
1416 667 1619 703 cogitationem
1637 670 1806 704 eminentia,

984 712 1013 740 Id
1027 712 1078 739 tibi
1094 712 1210 746 accidit,
1228 712 1305 747 quod
1322 712 1482 745 Christum,
1499 721 1557 740 non
1587 715 1677 740 Deum
1705 722 1807 741 verum

985 765 1016 784 ac
1028 756 1132 785 Filium
1150 756 1198 784 Dei
1212 756 1424 791 conﬁteris,sed
1440 757 1639 785 Arianismum
1657 758 1699 786 vel
1711 758 1808 794 potius

983 801 1171 829 Judaismum
1188 802 1304 838 recipis.

1024 892 1056 918 At
1075 890 1208 918 fortassis
1231 890 1351 919 dubitas
1377 891 1559 928 minimeque
1595 892 1700 926 credis,
1730 893 1808 928 quod

988 943 1045 963 non
1057 934 1156 963 videas
1176 943 1292 963 carnem
1306 937 1334 963 et
1354 935 1538 971 sanguinem,
1567 936 1617 964 sed
1647 945 1752 972 panem
1782 939 1810 965 et

988 980 1098 1007 vinum.
1115 980 1177 1012 Qua
1192 980 1227 1007 de
1241 988 1271 1007 re
1297 979 1373 1008 scies
1395 982 1519 1016 oportet,
1549 981 1591 1008 tui
1616 981 1667 1016 qui
1696 981 1809 1017 ingrato

988 1025 1148 1060 iniquoque
1159 1024 1256 1051 animo
1272 1032 1341 1060 erga
1356 1024 1520 1052 beneficum
1537 1025 1658 1053 affectus
1672 1029 1810 1060 es,Deum

989 1069 1038 1104 qui
1055 1068 1154 1096 omnia
1169 1069 1260 1101 novit,
1278 1076 1344 1096 cum
1360 1069 1596 1097 humanissimus
1612 1070 1662 1103 sit,
1691 1071 1810 1107 provida

989 1114 1043 1141 hoc
1059 1113 1172 1145 iecisse,
1190 1113 1224 1140 ad
1240 1113 1396 1140 hominum
1408 1113 1641 1142 imbecillitatem
1659 1123 1689 1143 so
1705 1116 1811 1144 demit-

988 1159 1109 1191 tentem,
1127 1165 1161 1184 ne
1177 1161 1382 1185 aversarentur
1397 1157 1482 1185 multi
1490 1158 1683 1187 arrhabonem
1699 1163 1811 1188 aeternis

989 1201 1066 1234 vitis,
1083 1203 1112 1228 et
1123 1209 1197 1237 aegre
1223 1201 1341 1235 ferrent,
1365 1210 1481 1229 carnem
1512 1205 1539 1229 et
1568 1203 1741 1239 sanguinem
1769 1205 1812 1233 in-

989 1248 1116 1274 tuentes.
1134 1246 1234 1282 Itaque
1246 1247 1333 1274 rebus
1350 1249 1461 1274 naturaa
1489 1248 1639 1275 consuetis
1664 1248 1718 1276 hoc
1747 1250 1810 1278 ﬁeri

989 1290 1140 1325 voluit,his
1152 1298 1237 1318 suam
1250 1290 1432 1318 divinitatem
1449 1291 1712 1328 conjungens,cum
1729 1294 1811 1322 dixit:

990 1335 1044 1363 Hoc
1057 1339 1096 1363 est
1109 1342 1208 1370 corpus
1219 1342 1331 1366 meum;
1359 1337 1403 1363 et:
1432 1335 1481 1363 Hie
1506 1341 1546 1364 es:
1573 1338 1687 1372 sanguis
1717 1347 1811 1371 meus;

990 1381 1019 1407 et
1035 1387 1041 1407 :
1058 1379 1187 1414 Accipite,
1216 1379 1358 1413 comedite,
1387 1381 1414 1407 et
1441 1380 1526 1408 bibite
1549 1388 1584 1408 ere
1599 1389 1628 1408 eo
1655 1390 1757 1417 omnes,
1783 1385 1813 1411 in

991 1424 1181 1452 remissionem
1193 1427 1388 1459 peccatorum;
1403 1425 1431 1451 et
1463 1433 1597 1453 rursum:
1627 1426 1711 1454 Panis
1733 1436 1814 1463 quem

991 1476 1043 1505 ego
1053 1468 1131 1504 dabo,
1148 1476 1210 1496 caro
1222 1476 1283 1496 mea
1292 1472 1341 1503 est,
1357 1476 1440 1504 quam
1464 1477 1510 1505 ego
1539 1469 1611 1498 dabo
1638 1478 1688 1506 pro
1716 1473 1814 1501 mundi

994 1515 1070 1544 vita;
1085 1515 1125 1547 et;
1143 1514 1205 1541 Nisi
1216 1513 1393 1541 manducetis
1407 1522 1521 1542 carnem
1543 1514 1610 1542 Filii
1632 1515 1764 1552 hominis,
1788 1521 1814 1546 et

995 1558 1093 1586 bibatis
1107 1559 1164 1594 ejus
1175 1558 1350 1592 sanguinem,
1365 1566 1420 1586 non
1436 1558 1541 1587 habetis
1557 1560 1642 1588 vitam
1670 1561 1698 1587 in
1727 1562 1813 1589 vobis.

995 1604 1047 1630 Hoc
1060 1604 1142 1638 facile
1161 1603 1192 1630 in
1219 1610 1308 1630 meam
1332 1605 1631 1632 commemorationem.
1660 1607 1815 1641 Propterea

114 1650 200 1675 Τοῦτο
228 1649 332 1675 ποιεῖτε
360 1646 399 1678 εἷς
427 1647 477 1681 τὴν
506 1646 575 1682 ἐμὴν
603 1647 760 1682 ἀνάμνησιν.
786 1646 834 1673 Διὰ
855 1647 935 1672 τοῦτο

993 1647 1018 1675 ei
1034 1647 1246 1681 credentes,ita
1268 1648 1417 1675 offerimus
1446 1656 1550 1684 panem
1581 1649 1752 1685 perfectum,
1772 1651 1814 1678 vi-

114 1692 188 1728 αὐτῷ
203 1691 384 1726 πιστεύοντες,
404 1690 476 1718 οὕτω
497 1691 685 1730 προσφέρομεν
712 1689 793 1729 ἄρτον
820 1689 936 1724 τέλειον,

115 1739 213 1772 ζῶντα,
244 1735 332 1763 εἲτουν
358 1738 439 1772 σῶμα
466 1738 586 1773 Χριστοῦ
614 1735 730 1770 τέλειον⁷
756 1735 800 1763 καὶ
827 1735 894 1772 μετὰ
907 1735 938 1762 τὸ

114 1781 201 1813 πάθος
229 1779 430 1817 διαμεμενηκὸς
443 1780 487 1807 καὶ
503 1779 673 1818 ὀλόκληρον·
690 1779 752 1807 οὐδὲ
763 1780 813 1818 γὰρ
842 1780 937 1807 ὀστοῦν

117 1825 198 1853 αὐτοῦ
230 1822 388 1863 συνετρίϐη·
418 1825 463 1852 καὶ
489 1826 539 1859 τῆς
564 1824 637 1856 θείας
668 1827 740 1859 ζωῆς
769 1824 936 1862 ἀχώριστον,

115 1871 241 1897 τοιοῦτον
264 1870 321 1897 οἷον
336 1868 415 1901 αὐτὸς
437 1869 451 1896 ὁ
466 1871 575 1906 πρῶτος
588 1870 669 1906 ἡμῶν
682 1869 727 1896 καὶ
745 1868 828 1907 μέγας
844 1869 938 1907 ἀρχιε-

118 1914 178 1950 ρεὺς
207 1913 252 1941 καὶ
290 1913 372 1948 θύτης
406 1913 448 1941 καὶ
488 1914 560 1951 θῦμα
596 1916 655 1945 τοῖς
686 1913 797 1945 οἰκείοις
828 1913 940 1950 μύσταις

114 1957 280 1997 παρέδωκεν
309 1958 384 1986 αὐτοί
403 1969 433 1986 τε
459 1958 542 1986 πάλιν
568 1959 594 1985 οἱ
616 1958 662 1985 ἀπ’
690 1959 779 1996 ἀρχῆς
808 1958 938 1986 αὐτόπται

114 2004 165 2030 τοῦ
194 2002 284 2040 Λόγου
310 2003 356 2030 καὶ
381 2002 513 2040 ὐπηρέται
550 2004 585 2039 τῇ
623 2001 758 2039 καθολικῇ
791 2002 941 2038 Ἐκκλησία

115 2049 150 2084 τῇ
180 2047 232 2075 ὰπὸ
269 2048 392 2085 περάτων
429 2047 481 2078 ἓως
521 2048 644 2084 περάτων
678 2050 728 2081 τῆς
763 2046 939 2083 οῗκουμένης,

115 2090 277 2130 παρίδοσαν·
293 2091 389 2122 πάντες
421 2091 468 2128 μὶν
481 2093 516 2128 τῇ
538 2090 563 2118 ὲν
579 2090 795 2128 Ἰεροσολύμοις,
812 2089 881 2118 ὅπου
895 2090 941 2117 καὶ

116 2137 130 2164 ὁ
160 2138 233 2168 θεῖος
247 2133 376 2166 Ἰάκωϐος
393 2136 407 2163 ὁ
427 2138 476 2163 τοῦ
500 2135 611 2174 πρώτου
634 2134 679 2162 καὶ
706 2134 826 2172 μεγάλου
849 2135 942 2172 ἀρχιε-

118 2179 186 2219 ρέως
202 2179 329 2220 ἀδελφὸς,
356 2179 402 2208 καὶ
417 2178 548 2218 διάδοχος
564 2181 614 2215 τὴν
642 2179 775 2216 μυστικὴν
799 2179 842 2206 καὶ
869 2179 942 2206 ἀναί-

119 2235 220 2262 μακτον
246 2223 414 2263 λειτουργίαν
445 2224 557 2261 ἐξάθετο·
588 2224 691 2261 Πέτρος
716 2222 744 2251 δὲ
768 2223 812 2250 καὶ
835 2222 942 2254 Παῦλος

115 2269 152 2306 τῇ
177 2268 203 2297 ἰν
231 2270 397 2307 Ἀντιοχείᾳ·
428 2268 536 2300 Παῦλος
565 2267 594 2296 δὶ
622 2267 708 2303 ἰδίως,
737 2267 782 2295 καὶ
811 2267 884 2304 πάσῃ
908 2268 942 2304 τῇ

118 2313 276 2351 οἰκουμένῃ·
316 2314 429 2352 Μάρκος
467 2312 496 2341 δὲ
527 2313 562 2350 τῇ
590 2311 787 2350 Ἀλεξανδρείᾳ·
814 2311 943 2347 Ἰωάννης

117 2357 164 2386 καὶ
186 2356 312 2395 ’Δνδρὲας
341 2359 374 2395 τῇ
403 2358 428 2385 ἐν
453 2358 532 2394 Ἀσίᾳ
554 2357 598 2385 καὶ
628 2357 755 2395 Εὐρώπῃ·
780 2356 825 2384 καὶ
849 2357 943 2387 πάντες

117 2403 153 2438 τῇ
183 2404 323 2439 πανταχοῦ
350 2402 501 2438 Ἐκκλησία
530 2401 575 2429 διὰ
601 2405 653 2436 τῆς
679 2401 880 2440 συγγραφείσης
904 2403 944 2437 τῷ

120 2447 188 2483 ἱερῷ
204 2445 341 2482 Κλήμεντι
356 2446 526 2484 λειτουργίας
539 2445 772 2484 παραδεδώκασιν⁸
786 2445 812 2473 ἓν
860 2448 944 2474 ταῦτα

122 2489 194 2518 οὕτω
210 2489 301 2528 ῥητῶς
316 2492 401 2518 κεῖται
409 2500 414 2507 ·

156 2547 171 2561 (ι
187 2535 369 2571 Μεμνημὲνοι
385 2535 430 2562 οὖν
455 2535 491 2562 ὧν
515 2534 551 2562 δι’
575 2537 648 2572 ἡμᾶς
679 2536 831 2572 ὑπέμεινεν,
862 2535 945 2573 εὐχα-

122 2579 266 2618 ριστοῦμεν
294 2590 348 2614 σοι,
376 2579 423 2607 Θεὶ
446 2581 643 2617 παντοκράτορ,
673 2581 728 2618 οὐχ
752 2580 814 2607 ὅσον
836 2579 945 2618 ὀφείλο-

124 2635 183 2662 μιν,
213 2623 277 2652 ἀλλ’
305 2623 368 2652 ὅσον
398 2623 543 2660 δυνάμεθα,
570 2624 615 2651 καὶ
644 2625 693 2659 τὴν
724 2623 841 2659 διάταξιν
864 2623 945 2651 αὐτοῦ

123 2668 298 2707 πληροῦμεν·
337 2669 378 2696 Ἔν
466 2669 517 2706 γὰρ
548 2667 622 2696 νυκτὶ
650 2667 824 2706 παρεδίδοτο,
853 2666 945 2696 λαϐὼν

124 2712 202 2751 ἄρτον
232 2715 291 2745 ταῖς
326 2713 412 2751 ἁγίαις
447 2713 492 2740 καὶ
520 2713 650 2750 ἀμώμοις
677 2712 759 2740 αὐτοῦ
788 2712 877 2750 χερσὶ,
902 2713 947 2740 καὶ

992 1700 1071 1725 vum,
1088 1691 1149 1719 sive
1164 1700 1270 1727 corpus
1289 1692 1397 1720 Christi
1426 1695 1504 1728 quod
1534 1694 1695 1729 perfectum
1724 1694 1812 1723 etiam

993 1739 1059 1772 post
1090 1736 1255 1771 passionem
1285 1737 1447 1771 permansit
1469 1741 1494 1765 et
1525 1738 1672 1774 integrum
1709 1739 1814 1775 (neque

993 1780 1070 1808 enim
1082 1789 1115 1808 os
1130 1781 1193 1815 ejus
1207 1780 1364 1808 contritum
1380 1782 1434 1815 est)
1445 1783 1473 1809 et
1488 1782 1611 1810 edivina
1625 1783 1682 1811 vita
1696 1783 1815 1820 insepa-

994 1825 1095 1858 rabile,
1113 1824 1198 1860 plene
1210 1824 1295 1860 quale
1311 1825 1374 1860 ipse
1384 1825 1498 1861 primus
1528 1829 1627 1854 noster
1642 1836 1675 1855 ac
1691 1836 1817 1864 magnus

993 1869 1123 1897 Pontifex
1135 1872 1161 1896 et
1177 1870 1328 1897 sacriﬁcus
1343 1869 1530 1906 victimaque,
1541 1871 1603 1899 suis
1618 1872 1712 1908 ipsius
1729 1873 1816 1900 disci-

994 1914 1073 1950 pulis
1087 1914 1224 1941 tradidit:
1242 1914 1320 1950 iique
1336 1914 1431 1942 denuo
1445 1915 1495 1951 qui
1516 1916 1551 1944 ab
1568 1915 1651 1944 initio
1667 1917 1730 1945 suis
1760 1917 1817 1954 ipsi

994 1958 1088 1987 oculis
1103 1958 1230 1986 Verbum
1245 1958 1345 1986 intuiti
1373 1962 1452 1993 sunt,
1483 1960 1568 1996 eique
1593 1961 1814 1997 ministrarunt,

995 2003 1144 2031 catholico:
1154 2003 1290 2032 Ecclesia;
1306 2003 1341 2031 ab
1352 2003 1491 2032 extremis
1507 2005 1541 2032 ad
1558 2008 1706 2034 extremos
1722 2015 1818 2042 usque

995 2048 1075 2075 orbis
1087 2050 1230 2074 terrarum
1241 2047 1352 2075 limites
1362 2048 1549 2076 tradiderunt
1561 2057 1567 2076 :
1580 2057 1682 2077 omnes
1698 2051 1818 2086 quidem

996 2090 1274 2126 Hierosolymitenm,
1292 2091 1342 2118 ubi
1359 2094 1389 2119 et
1404 2091 1489 2119 divus
1503 2092 1632 2121 Jacobus
1649 2093 1735 2129 primi
1761 2102 1819 2121 ma-

996 2135 1106 2171 gnique
1127 2134 1274 2162 Pontiﬁcis
1299 2136 1388 2163 frater
1415 2144 1447 2162 ac
1474 2144 1637 2170 successor,
1666 2137 1820 2172 mysticam

996 2179 1240 2214 incruentamque
1253 2179 1410 2215 Liturgiam
1427 2180 1573 2216 exposuit.
1591 2183 1695 2209 Petrus
1720 2185 1820 2210 autem

998 2225 1026 2251 et
1040 2222 1148 2250 Paulus
1162 2223 1388 2258 Antiochensis;
1404 2225 1510 2252 Paulus
1533 2234 1600 2254 vero
1625 2226 1821 2262 peculiariter,

999 2267 1061 2296 orbi
1077 2267 1213 2295 universo
1227 2276 1234 2300 ς
1251 2269 1376 2303 Marcus,
1393 2269 1614 2304 Alexandrines;
1637 2271 1765 2298 Joannes
1794 2274 1823 2299 et

998 2312 1138 2340 Andreas.
1155 2312 1232 2340 Asiae
1243 2315 1271 2340 et
1286 2313 1408 2349 Europae
1421 2323 1427 2347 ;
1441 2322 1601 2350 omnesque
1618 2315 1759 2343 universa:
1770 2316 1822 2344 Ec-

998 2357 1092 2385 clesiae
1108 2357 1276 2393 ubicunque
1291 2358 1340 2390 sit,
1353 2366 1404 2394 per
1417 2367 1479 2386 eam
1498 2367 1585 2394 quam
1612 2363 1732 2388 sanctus
1760 2360 1822 2389 Cle-

999 2410 1082 2429 mens
1097 2401 1273 2438 conscripsit
1287 2402 1666 2440 Liturgiam,tradiderunt;
1683 2414 1748 2441 quae
1764 2407 1822 2433 hmo

1000 2446 1041 2474 ita
1052 2447 1087 2474 ad
1103 2446 1223 2474 verbum
1239 2446 1405 2474 habentur:

1036 2547 1050 2561 (ι
1064 2538 1204 2564 Memores
1225 2535 1315 2572 igitur
1329 2544 1428 2564 eorum
1447 2546 1510 2573 quae
1524 2541 1641 2575 propter
1655 2547 1708 2567 nos
1720 2547 1826 2575 passus

1001 2584 1054 2614 est,
1076 2580 1185 2617 gratias
1201 2580 1318 2617 agimus
1348 2581 1412 2614 tibi,
1441 2581 1518 2609 Deus
1540 2583 1737 2620 omnipotens,
1766 2592 1823 2612 non

1002 2627 1146 2662 quantum
1161 2625 1314 2658 debemus,
1331 2625 1381 2653 sed
1399 2628 1542 2661 quantum
1554 2629 1825 2663 possumus,etejus

1001 2672 1146 2698 statutum
1164 2669 1405 2704 sdimplemuan
1415 2679 1470 2706 qua
1479 2672 1552 2699 enim
1567 2675 1645 2700 nocte
1654 2673 1822 2706 tradebatur,

1002 2715 1142 2750 accipiens
1169 2721 1269 2749 panem
1297 2714 1327 2741 in
1356 2716 1464 2743 sanctas
1483 2718 1508 2743 et
1533 2717 1728 2745 immaculatas
1761 2724 1826 2743 suas

167 2824 202 2866 β)
216 2825 304 2866 Caute
317 2825 394 2862 lege:
412 2834 480 2866 nam
491 2835 568 2866 aqua
585 2834 642 2854 non
659 2828 857 2859 consecralur,
871 2825 927 2853 nisi
943 2825 1024 2862 prius
1040 2826 1068 2854 in
1085 2827 1221 2853 naturam
1238 2824 1296 2852 vini
1326 2833 1474 2862 conversa,
1502 2836 1555 2856 nec
1588 2830 1649 2856 tute
1680 2827 1821 2864 sentiunt,

125 2861 175 2898 qui
189 2861 358 2897 oppositum
374 2865 522 2899 reputant.
