2021 3176
84 175 143 207 521

773 168 813 199 ΙΝ
835 166 946 197 PSAL.
970 163 1105 195 XLVIII.

1733 163 1796 194 522

83 250 138 268 ται·
169 238 312 277 ἅνθρωπος
337 237 376 275 δὲ,
408 238 438 265 τὸ
467 237 492 265 ἐν
522 237 618 273 κόσμῳ
648 235 755 272 ἄριστον
782 235 863 268 ζῶον,
880 231 911 258 τὸ

986 239 1028 264 τοο
1053 230 1212 266 productis,
1231 230 1267 258 ad
1298 238 1423 266 quorum
1452 230 1667 258 incrementum
1696 237 1792 267 neque

83 287 133 313 τοῦ
159 286 225 312 Θεοῦ
255 282 346 322 ἔργον,
375 284 406 310 τὸ
431 282 468 313 εἷς
497 281 633 319 ἐργατείαν
671 280 770 311 ἐκεῖθεν
806 277 910 315 εὐφυὲς,

83 330 117 358 τὸ
135 330 173 366 μὴ
203 327 366 366 τεταγμένον
383 325 638 360 ἆναπίπτιιν,ἀλλᾶ
659 324 704 352 καὶ
730 324 768 354 εἷς
792 322 914 356 ἀειγινηα

87 365 148 402 σίαν
166 371 368 411 παραγγέλλον,
384 372 427 400 ὅτε
443 370 589 399 διατίθεται
599 371 712 408 νοερῶς,
724 368 768 396 καὶ
778 365 913 400 χοπιάσει,

86 419 134 447 καὶ
151 417 268 456 ΐδρῶτας
287 417 415 454 ἐκκρινεῖ,
444 416 489 444 καὶ
511 416 658 450 πονήσεται
680 413 765 441 καλὸν
789 414 912 445 ποιῆσαι·

86 464 135 491 καὶ
160 454 232 490 93m
258 462 377 499 τεύξεται
400 464 450 496 τῆς
473 460 599 499 ἐφέσεως,
625 459 679 496 οὐχ
707 457 812 491 ἁπλῶς,
843 454 916 483 ἀλλὰ

88 519 138 536 συν
143 504 313 544 επιλαμϐανο
319 507 398 543 μένου
415 507 492 534 Θεοῦ.

969 276 1077 308 aratro,
1094 282 1189 310 neque
1218 277 1348 302 semente
1377 283 1452 310 opus
1480 277 1534 306 est,
1557 276 1585 301 et
1613 274 1722 309 quibus
1750 275 1794 303 vis

969 319 1066 347 vitalis
1082 319 1112 346 in
1137 318 1315 346 animalibus
1339 321 1531 346 conservatur
1547 327 1553 345 :
1571 319 1659 346 homo
1684 320 1796 352 autem,

970 363 1079 391 animal
1105 363 1134 390 in
1163 363 1217 390 hac
1241 365 1318 390 terra
1343 363 1632 398 praestantissimum,
1649 371 1724 399 opus
1747 363 1796 391 Dei

971 409 1004 436 ad
1022 416 1109 444 opera
1135 407 1233 434 divina
1257 408 1456 443 aptissimum,
1475 408 1571 440 homo,
1591 408 1721 443 inquam,
1739 416 1796 436 non

971 453 1006 481 ad
1051 452 1299 488 languescendum
1343 452 1534 488 compositus,
1568 452 1614 480 sed
1659 452 1797 480 continuo

972 497 1063 525 motui
1090 496 1267 531 destinatus,
1284 497 1401 532 quando
1426 496 1608 524 rationaliter
1623 495 1702 530 vivit,
1720 505 1798 525 sem-

88 562 144 590 per
157 541 357 586 laborabitpet
372 551 531 580 sudoribus
546 549 686 583 madebit,
704 550 733 577 et
747 548 859 575 bonum
875 545 969 573 facere
985 542 1152 575 contendet,
1169 544 1254 576 atque
1270 541 1324 568 hoc
1349 541 1435 568 modo
1451 541 1486 568 ad
1503 541 1666 570 desiderata
1682 544 1798 578 perten-

89 598 151 632 det,
168 606 225 625 non
241 596 416 634 simpliciter
432 604 483 632 per
497 603 539 630 se,
555 595 605 622 sed
622 594 778 629 adjuvante
795 594 860 618 Deo.

131 640 251 679 β’,Είδ¹
280 639 321 668 ὅτι
350 640 484 677 κυριεύειν
512 649 566 667 των
596 637 640 665 ἐπὶ
669 640 719 674 γῆς
747 635 826 665 αὐτὸς
840 634 918 679 τέταξ

91 678 166 719 κται,
191 685 262 721 ἀξιοῖ
289 685 422 720 ἀνεῖσθαι,
449 683 494 711 καὶ
519 683 591 715 θέλει
617 683 780 716 ἀνακεῖσθαι,
806 679 851 707 καὶ
880 678 917 715 μὴ

92 731 164 768 πρὸς
180 731 292 768 ἀγαθοῖς
314 729 410 760 κόποις
436 729 512 763 εἶναι,
530 727 603 755 ἀλλὰ
630 727 710 754 τοῦτο
735 725 780 753 καὶ
811 722 918 768 μᾶλλον

96 775 177 803 αὐτὸν
203 775 318 812 ἑναγετω
344 775 441 809 κοπιᾷν
472 773 509 804 εἰς
535 772 629 806 καλὸν,
658 771 704 799 καὶ
736 770 849 807 μοχθεῖν
879 767 920 794 ἐπ’

97 820 180 857 ἀρετῇ
205 819 287 846 ὁποία
314 818 362 852 τὴν
380 817 468 849 θεόθεν
499 817 573 852 αὐτῷ
597 814 752 843 δεσποτείαν
768 813 920 857 ἐπικοσμή-

95 855 147 891 est.
166 855 349 900 Παραδέδοται
380 861 441 899 γὰρ,
466 861 509 888 καὶ
533 859 581 887 οὐκ
609 858 679 887 ἔστιν
706 858 848 892 ἀντειπεῖν,
879 855 921 883 ὅτι

98 908 286 946 φροντιστικὸς
314 907 351 938 ὡς
382 906 499 943 μάλιστα
528 905 542 932 ὁ
570 903 704 932 πλειόνων
734 904 850 946 κρατιῖιψ
879 900 921 946 διο

97 943 142 980 καὶ
156 951 290 986 τοσαύτης
307 950 391 988 ἐχρῆν
406 951 445 986 τῷ
461 949 574 987 ἄρχοντι
597 949 714 984 μετεῖναι
743 944 862 979 σπουδῆς
877 943 921 971 καὶ

102 996 205 1034 βουλῆς
235 995 280 1023 καὶ
305 994 468 1032 ὲντρεχιίας,
494 993 531 1024 ὡς
559 991 629 1030 μηδὲ
654 990 803 1028 παννύχιον
827 989 921 1024 ἐξεῖναι

99 1039 236 1073 καθεύδειν
251 1039 342 1066 αὐτόν.

134 1142 166 1176 γ’.
191 1137 223 1166 ΕΙ
244 1139 309 1175 γοῦν
336 1134 474 1174 βασιλεύει
505 1137 558 1162 τῶν
583 1134 626 1162 ἐπὶ
650 1136 701 1172 γῆς
724 1133 794 1164 ἄπας
820 1132 922 1169 ἄνθρω-

99 1194 163 1218 πος,
179 1183 223 1210 καὶ
255 1181 373 1218 μάλιστα
399 1181 413 1207 ὁ
438 1178 595 1213 σπουδαῖος,
623 1177 787 1215 ἐνθυμείσθω
802 1177 847 1205 καῖ
879 1187 924 1212 με-

99 1228 188 1266 λέτωρ
203 1227 300 1254 ἑαυτοῦ
324 1236 354 1253 τι
378 1226 444 1252 εἶναι
473 1227 521 1252 τοῦ
546 1223 617 1257 ἑνὸς,
638 1223 682 1251 καί
699 1221 734 1250 δι’
750 1222 832 1249 αὐτοῦ
848 1220 925 1249 οὐδε-

98 1273 156 1308 νὸς,
173 1265 241 1299 κατὰ
267 1271 317 1305 τήν
343 1269 460 1297 παΛαιὰν
486 1269 645 1306 παροιμίαν,
674 1268 718 1294 καὶ
748 1269 801 1294 τῶν
833 1265 925 1294 ἄλλων

103 1317 142 1353 δὲ,
159 1317 238 1348 ὅσους
255 1316 300 1343 ὑπ’
321 1314 394 1351 αὗτῷ
418 1311 506 1349 ἔταξεν
527 1314 541 1341 ὁ
568 1313 641 1344 Θεός·
671 1311 715 1340 καὶ
744 1312 782 1348 μὴ
811 1310 926 1339 ὲθελέτω

103 1361 244 1397 ἀπονητὶ,
272 1357 411 1395 ἐπήϐολος
446 1357 569 1396 ἐναρέτου
598 1357 714 1395 γίνεσθαι
742 1355 924 1394 πράγματος,

103 1405 371 1441 ὲλπιδοκοπούμενος
388 1404 425 1435 εἷς
438 1404 514 1431 κενὸν
538 1403 606 1430 κατὰ
628 1401 694 1432 τοὺς
719 1399 928 1438 ὀνειροπολοῦν-

101 1462 149 1483 τας
179 1450 223 1478 καὶ
249 1449 422 1487 εὑρίσκοντας
452 1448 567 1475 ἐνώπιον
597 1447 631 1474 τὰ
651 1445 695 1474 διὰ
723 1447 808 1473 πόθου
823 1445 926 1478 αὐτοῖς,

103 1495 234 1524 Βαλλέτω
250 1493 279 1521 δὶ
294 1494 331 1525 εἷς
343 1495 403 1520 νοῦν
429 1493 473 1520 καὶ
502 1492 584 1531 σοφὸν
613 1491 712 1519 ἐκεῖνον
740 1489 868 1525 παλαιὸν,
899 1489 927 1521 ὅς

105 1541 209 1575 παίζων
223 1539 287 1570 τοὺς
303 1537 442 1569 ἐθέλοντας
472 1537 518 1574 μὲν
543 1536 569 1564 ἐν
594 1536 704 1574 ἀγαθοῖς
726 1535 802 1572 εῖναι,
819 1535 928 1562 ὀκνοῦν-

105 1596 152 1616 τας
169 1583 197 1612 δὲ
212 1586 308 1618 κοπιᾷν
337 1582 381 1609 καὶ
409 1581 480 1609 οὕτω
508 1582 619 1608 κτᾶσθαι
652 1580 683 1608 τὸ
705 1579 831 1615 θελητὸν,
861 1579 930 1614 ἀπη-

107 1625 230 1663 σχόλησε
256 1625 343 1661 φωνῇ,
369 1623 583 1663 ἱστορῃσᾴμενος
618 1620 730 1663 ιῦςγέπῖ
760 1621 859 1663 τρυφῇ·
875 1623 931 1663 ,καὶ

107 1660 244 1693 ἐπλάσατό
257 1660 317 1691 τινα
335 1663 393 1701 βίον
409 1661 586 1695 παλαίτατον,
617 1660 643 1688 ἒν
658 1662 680 1697 ᾧ
710 1661 788 1693 θυσία
801 1671 831 1688 τε
847 1662 930 1701 ζῶσα,

1008 631 1035 658 2.
1052 631 1180 658 Tantum
1206 632 1303 657 autem
1320 630 1404 657 abest
1415 631 1448 656 ut
1470 629 1546 663 ideo,
1564 631 1641 666 quod
1663 630 1799 658 dominus

973 677 1057 703 terrae
1073 675 1253 703 constitutus
1268 676 1322 707 est,
1340 673 1528 710 languescere
1543 676 1570 701 et
1585 675 1643 701 otio
1670 683 1734 702 sese
1749 674 1801 701 de-

975 716 1042 747 dere
1058 721 1086 747 et
1101 729 1117 747 a
1133 719 1218 746 bonis
1243 719 1392 746 laboribus
1416 726 1531 746 cessare
1556 718 1752 754 permittatur,
1772 721 1803 745 ut

974 764 1024 792 illo
1042 765 1106 800 ipso
1122 763 1208 791 etiam
1226 763 1321 799 magis
1336 762 1446 799 impelli
1463 763 1567 790 debeat
1583 763 1617 790 ad
1644 763 1800 799 pulchrum

975 809 1147 837 sectandum
1172 811 1199 835 et
1223 808 1322 835 virtuti
1349 807 1529 836 studendum
1555 815 1612 841 qua
1637 807 1800 835 dominium

976 853 1116 882 divinitus
1130 853 1187 888 ipsi
1212 860 1382 880 concessum
1409 852 1629 879 condecoretur.
1645 851 1799 879 Traditum

977 898 1055 926 enim
1071 900 1115 925 est
1139 905 1233 933 neque
1260 897 1360 933 negari
1385 897 1502 933 poterit,
1524 905 1590 924 eum
1621 896 1671 932 qui
1697 897 1800 932 majori

977 942 1101 978 imperio
1125 942 1244 977 gaudet,
1261 941 1397 978 plurimis
1413 942 1492 969 curis
1519 948 1584 969 esse
1598 940 1777 977 implicitum
1796 950 1802 970 :

978 994 1069 1023 quare
1084 986 1170 1013 etiam
1187 985 1348 1022 imperator
1361 987 1443 1013 tanto
1455 985 1552 1013 studio
1568 987 1597 1013 et
1613 985 1805 1013 meditatione

977 1035 1006 1059 et
1021 1030 1118 1058 labore
1144 1039 1218 1066 opus
1240 1030 1354 1061 habuit,
1371 1032 1404 1058 ut
1428 1038 1463 1057 ne
1488 1031 1551 1057 tota
1574 1029 1693 1066 quidem
1720 1032 1804 1058 nocte

979 1075 1107 1103 dormire
1123 1075 1260 1111 potuerit.

1014 1129 1040 1157 3.
1060 1129 1125 1157 Jam
1155 1136 1223 1156 vero
1252 1128 1277 1156 si
1306 1127 1430 1164 quilibet
1457 1128 1556 1163 homo,
1585 1130 1614 1156 et
1642 1128 1673 1156 in
1701 1128 1805 1165 primis

978 1173 1095 1202 virtutis
1124 1173 1286 1207 studiosus,
1317 1181 1414 1201 rerum
1444 1172 1627 1201 terrestrium
1668 1173 1806 1201 dominus

980 1221 1034 1252 est,
1061 1220 1183 1246 conetur
1209 1217 1256 1245 sui
1286 1217 1379 1253 ipsius
1409 1217 1512 1252 solius,
1528 1217 1557 1245 id
1587 1220 1642 1253 est,
1659 1220 1692 1246 ut
1720 1220 1806 1246 vetus

982 1262 1167 1300 proverbium
1191 1262 1241 1297 ait,
1259 1261 1368 1289 nullius
1394 1270 1494 1290 curam
1520 1270 1640 1298 gerere;
1657 1263 1707 1290 sed
1740 1262 1807 1290 reli-

981 1316 1107 1344 quorum
1132 1315 1205 1343 quos
1230 1308 1306 1335 Deus
1331 1307 1357 1335 ei
1382 1307 1518 1343 subjecit,
1544 1316 1639 1344 neque
1664 1308 1810 1336 desideret

981 1352 1044 1381 sine
1069 1352 1167 1380 labore
1194 1361 1227 1380 ac
1251 1352 1348 1380 studio
1370 1352 1488 1380 virtutis
1511 1360 1630 1389 compos
1656 1353 1729 1388 fieri,
1759 1362 1810 1390 spe
1853 1372 1858 1377 ι

981 1406 1056 1424 vana
1071 1396 1211 1433 deceptus
1227 1397 1262 1424 ad
1280 1397 1374 1424 instar
1389 1396 1506 1424 illorum
1523 1397 1573 1432 qui
1598 1397 1722 1425 somniis
1739 1406 1808 1426 con-

981 1441 1078 1469 ﬁdunt
1101 1443 1130 1468 et
1154 1440 1251 1477 cupita
1263 1441 1325 1476 jam
1351 1441 1408 1468 sibi
1434 1441 1536 1469 adesse
1559 1443 1739 1470 autumant:
1756 1442 1808 1470 sed

983 1486 1081 1523 potius
1106 1486 1237 1512 animum
1255 1485 1387 1513 advertat
1411 1485 1445 1512 ad
1462 1484 1546 1512 illum
1561 1487 1688 1513 veterem
1713 1486 1809 1521 philo-

983 1531 1120 1567 sophum,
1147 1530 1208 1566 qui,
1225 1532 1257 1557 ut
1280 1529 1417 1558 illuderet
1444 1530 1482 1558 iis
1506 1530 1555 1566 qui
1580 1531 1665 1558 bonis
1690 1531 1811 1566 quidem

984 1575 1040 1603 frui
1065 1575 1243 1606 desiderant,
1269 1575 1318 1602 sed
1346 1574 1445 1602 labore
1471 1574 1637 1602 desiderata
1660 1575 1812 1611 acquirere

986 1622 1132 1653 recusant,
1153 1619 1251 1647 fabula
1280 1620 1408 1655 quadam
1437 1620 1472 1647 de
1499 1619 1620 1647 mollitie
1650 1620 1813 1657 excogitata

987 1668 1103 1701 tempus
1132 1664 1202 1692 olim
1233 1664 1323 1691 fuisse
1351 1664 1434 1698 dixit,
1465 1673 1522 1701 quo
1551 1664 1672 1692 victima
1700 1665 1810 1698 vivens,

106 1706 140 1733 τα
162 1715 192 1732 τε
215 1704 280 1742 κρέα
304 1703 372 1741 ἑφθὰ
386 1703 431 1730 καὶ
447 1702 516 1729 ὀπτὰ
531 1704 589 1732 ταῖς
612 1700 759 1739 τραπέζαις
783 1700 927 1745 ἀπραγμό-

987 1718 1089 1737 carnes
1106 1712 1203 1737 autem
1229 1712 1315 1736 coctis
1341 1700 1503 1745 assntmque
1527 1710 1561 1737 ad
1587 1717 1704 1737 mensas
1727 1718 1811 1737 accu-

106 1760 162 1781 νως
177 1749 323 1786 ἐπέτρεχον
354 1747 391 1778 εἷς
416 1747 506 1774 ἑστίαν
536 1746 668 1785 μακαρίαν
698 1747 742 1773 καὶ
772 1744 930 1782 εὐδαίμονα,

107 1795 153 1823 καὶ
193 1793 282 1830 ζωμοὶ
320 1792 433 1830 λιπαροὶ
461 1790 622 1828 ποταμηδὸν
646 1788 739 1829 ἕρῥεον
766 1790 803 1822 εἷς
831 1793 931 1828 χρῆσιν

107 1842 166 1871 τοῖς
182 1838 388 1877 ὀριγνωμένοις,
414 1837 459 1864 καὶ
481 1837 571 1872 πτηνὰ
594 1835 666 1863 καλὰ
690 1836 728 1867 είς
756 1836 855 1874 βρῶσιν
884 1845 932 1863 κα-

104 1884 299 1912 τεπετάννυντο
324 1879 420 1918 ἕτοιμα
442 1884 501 1912 τοῖς
526 1880 680 1918 δαιτυμόσι,
707 1881 752 1908 καὶ
781 1884 840 1912 τοῖς
865 1880 932 1908 ἐκεί-

106 1939 161 1956 νων
179 1927 348 1965 ἐμπίπτοντα
374 1926 488 1962 στόμασι
517 1923 696 1963 παρεδύοντο,
720 1925 763 1952 καὶ
786 1925 880 1963 ἰχθύες
906 1923 934 1952 δὲ

108 1974 245 2003 ὀπτῶντες
275 1970 408 2005 ἑαυτοὺς,
449 1969 554 1998 ἐπειδᾶν
586 1970 697 2008 θάτερον
730 1970 811 2007 μέρος
839 1980 934 2006 κατερ-

105 2020 226 2057 γασθῶσι
270 2017 356 2054 πυρὶ,
400 2015 611 2054 μετεστρέφοντο
652 2014 843 2042 αὖτοκύλιστοι
890 2014 934 2042 ἐπὶ

112 2062 219 2099 θάτερα,
235 2061 280 2089 καὶ
310 2060 398 2092 οὕτως
426 2058 529 2091 εὔθετοι
553 2059 693 2097 γεγονότες
730 2059 842 2096 ἆρτύσαι
868 2060 936 2096 τρά-

110 2110 205 2142 πεζαν,
221 2107 265 2134 καὶ
284 2105 412 2143 ἀρθέντες
430 2104 561 2141 μετέωροι
576 2106 637 2135 ταῖς
646 2103 791 2141 τραπέζαις
804 2101 937 2130 ἐνεκυϐίσ-

109 2161 177 2180 των·
193 2151 239 2178 καὶ
254 2149 377 2188 ἐτρύφων
393 2149 479 2180 οὕτως
496 2148 521 2185 ἐξ
537 2148 699 2186 αὐτομάτων
720 2148 747 2175 οἱ
767 2147 829 2176 τότε
844 2146 935 2175 δαιτα-

112 2197 170 2228 λεῖς
187 2197 292 2224 ἄπονοι.

149 2293 181 2324 δ’.
198 2294 250 2323 Καὶ
265 2293 368 2329 ἐξέθετο
397 2293 443 2329 μὲν
467 2291 551 2319 ταότα
573 2291 587 2319 ὁ
612 2291 695 2331 σοφὸς
720 2290 822 2322 ἐκεῖνος
845 2289 937 2319 λαλῶν

115 2337 268 2378 εὐτράπελοι
295 2337 364 2365 κατᾶ⁸
391 2340 441 2372 τῆς
467 2335 615 2374 Ἀσκραίοις
645 2335 749 2373 μούσης
765 2336 813 2373 (ὡς
842 2334 873 2363 ἃν
897 2346 938 2366 τις

987 1755 1090 1783 rcbant
1105 1753 1256 1781 hominum
1273 1754 1301 1780 in
1318 1753 1412 1781 beatis
1439 1753 1673 1782 habitationibus
1691 1753 1814 1782 feliciter

988 1799 1169 1835 degentium,
1199 1798 1346 1834 liquor-um
1385 1806 1471 1834 porro
1500 1798 1633 1826 dulcium
1670 1800 1814 1827 torrentes

987 1844 1066 1872 velut
1094 1843 1128 1871 ad
1160 1846 1265 1870 nutum
1296 1843 1524 1870 desiderantium
1554 1843 1724 1876 afﬂuebant,
1748 1852 1816 1872 aves

989 1897 1105 1925 quoque
1130 1888 1272 1916 deliciosae
1297 1896 1466 1916 mensarum
1483 1888 1702 1916 accubitoribus
1728 1889 1817 1916 advo-

989 1933 1094 1969 lantes,
1118 1934 1185 1960 tota
1215 1933 1250 1960 ad
1280 1941 1362 1960 esum
1393 1933 1504 1960 idonea:
1533 1933 1650 1960 illorum
1680 1933 1723 1961 ori
1752 1941 1816 1961 sese

989 1977 1201 2010 immittebant,
1217 1977 1312 2013 pisces
1341 1978 1468 2013 denique
1497 1986 1527 2005 se
1558 1977 1638 2014 ipsos
1671 1980 1815 2014 assantes,

990 2023 1040 2050 ubi
1075 2021 1135 2058 igni
1169 2022 1278 2049 admoti
1313 2030 1348 2049 ex
1389 2030 1447 2050 una
1481 2024 1562 2057 parte
1595 2022 1664 2049 tosti
1706 2024 1814 2056 essent,
1844 2030 1847 2032 '

991 2075 1044 2094 sua
1060 2068 1164 2101 sponte
1193 2066 1222 2093 in
1248 2066 1370 2093 alteram
1399 2068 1510 2101 partem
1541 2074 1573 2093 se
1597 2067 1816 2100 convertebant,

992 2119 1050 2147 quo
1080 2111 1154 2137 facto
1184 2111 1295 2138 mensis
1321 2111 1385 2146 jam
1415 2112 1508 2146 aptas,
1539 2110 1649 2146 impetu
1689 2109 1817 2146 gratuito

992 2154 1136 2190 provoluti
1165 2153 1292 2181 convivis
1322 2162 1353 2181 se
1382 2153 1552 2187 offerebant,
1577 2153 1649 2180 adeo
1679 2155 1711 2181 ut
1738 2153 1819 2180 illius

993 2199 1043 2226 aevi
1074 2198 1208 2226 homines
1238 2198 1301 2225 sine
1335 2197 1413 2225 omni
1443 2197 1542 2225 labore
1567 2197 1680 2225 deliciis
1715 2199 1820 2233 sponte

993 2242 1184 2271 affluentibus
1200 2243 1394 2270 abundarent.

1029 2298 1055 2324 4.
1072 2296 1137 2325 Haec
1152 2296 1268 2332 sapiens
1284 2295 1332 2324 ille
1349 2295 1457 2330 retulit,
1475 2295 1588 2332 lepores
1609 2295 1730 2324 imitans
1755 2304 1823 2323 mu-

995 2351 1032 2370 sae
1060 2342 1179 2369 Ascuam
1208 2340 1262 2377 (uti
1292 2340 1375 2369 facile
1404 2341 1471 2377 quis
1502 2341 1704 2375 intellexerit),
1730 2340 1823 2376 siqui-

115 2382 271 2414 εὐουϐόλως
287 2383 405 2418 νοήσω),
422 2381 462 2420 ἐφ’
493 2382 533 2412 οἷς
559 2382 674 2420 χρύσεον
703 2380 792 2416 ἐκείνη
822 2380 927 2418 ἀρχαῖον

994 2387 1060 2415 dem
1076 2386 1126 2414 illa
1138 2386 1239 2414 eodem
1266 2386 1353 2414 modo
1370 2394 1427 2422 quo
1452 2386 1556 2413 artifex
1577 2386 1689 2422 peritus
1717 2394 1823 2414 aurum

117 2428 250 2464 ζωώσασα
278 2427 355 2464 γένος
379 2425 574 2464 ἡγαλμάτωσε,
603 2425 809 2462 μεταλλεύσασα
834 2424 940 2461 δεξιῶς,

116 2472 163 2502 καὶ
179 2472 373 2511 χρυσοχοῖκῶς
389 2470 565 2508 χοανεόσασα.
576 2469 624 2498 Καῖ
643 2470 676 2498 τὰ
689 2473 782 2508 τρῶτα
800 2471 847 2507 μὲν
864 2469 939 2498 αὐτό·

118 2517 210 2545 ἔπειτα
239 2515 268 2543 δὲ
296 2514 334 2545 εἷς
357 2514 487 2552 ἀργόρεον
512 2515 577 2542 αὐτὸ
608 2512 765 2549 ὑπεϐίϐασε,
795 2515 839 2542 καὶ
860 2515 942 2542 θάνα-

117 2573 164 2590 τον
190 2559 368 2599 έῤῥητόρευσε
392 2562 450 2589 τοῖς
477 2559 539 2586 τότε
565 2558 678 2597 γλυκὺν,
709 2560 754 2587 οἴα
774 2560 818 2587 καὶ
850 2559 942 2596 ὕπνον,

122 2606 247 2646 ῥᾳστώνῃ
267 2604 326 2642 βίου
355 2602 399 2630 καὶ
428 2602 522 2639 ἀπόνῳ
548 2604 604 2641 ζωῇ
624 2604 778 2642 ἀνάλγητον
803 2604 847 2632 καὶ
863 2604 942 2632 αὐτὸν

122 2651 299 2690 ἐφεπόμενον.
317 2647 538 2686 Διαγραψάμενος
554 2647 582 2675 δε
606 2648 691 2680 οὕτως
706 2650 720 2676 ὁ
746 2649 852 2680 ἀστεῖος
879 2648 946 2676 ἐκεῖ·

123 2707 178 2730 νος,
192 2695 236 2723 καὶ
249 2692 398 2731 γοητεύσας
427 2692 520 2724 ἀκοὰς,
544 2692 580 2724 ὡς
603 2693 647 2720 καὶ
669 2693 852 2732 ὀνειροπολεῖν
879 2704 945 2732 τρυ-

123 2741 174 2780 φὰς
189 2740 231 2767 καὶ
255 2737 466 2776 τραπεζώματα,
497 2736 527 2764 οὗ
557 2737 679 2776 φαύλως,
707 2739 794 2776 οἶμαι,
821 2739 945 2766 καθίκετο

122 2787 177 2813 τῶν
194 2783 231 2815 εἰς
250 2784 337 2821 μάτην
365 2782 567 2820 χασμωμένων,
583 2782 627 2810 καὶ
642 2782 686 2810 τὸν
716 2783 818 2811 κόλπον
834 2782 878 2811 διὰ
901 2795 946 2811 κε-

125 2834 174 2866 νῆς
191 2827 437 2862 ἀναπεταννῦντων,
452 2826 640 2864 ἑξαπλούντων
665 2826 693 2855 δὶ
721 2827 765 2856 καὶ
794 2829 833 2856 τὼ
858 2831 947 2867 χεῖρε,

287 2893 417 2923 Panos.
443 2892 498 2922 Ga.
521 2891 667 2924 CXXXV.

995 2432 1121 2460 conﬂare
1138 2433 1166 2459 et
1181 2431 1209 2458 in
1226 2430 1355 2458 diversas
1372 2430 1480 2458 formas
1505 2430 1644 2458 diducere
1664 2430 1753 2467 novit,
1770 2439 1823 2458 au-

995 2476 1110 2512 tiquum
1128 2475 1280 2504 hominum
1305 2483 1398 2512 genus
1415 2477 1554 2510 tanquam
1581 2484 1701 2503 aureum
1718 2484 1824 2512 reprae-

997 2520 1130 2549 sentavit.
1161 2523 1193 2548 Et
1220 2520 1274 2548 hoc
1302 2520 1420 2556 quidem
1452 2520 1487 2548 ab
1516 2520 1602 2548 initio
1630 2521 1694 2548 fuit.
1720 2523 1826 2548 Postea

998 2567 1096 2594 autem
1125 2565 1198 2593 illud
1229 2565 1264 2593 ad
1288 2567 1460 2602 argenteum
1481 2564 1636 2601 depressit,
1653 2568 1681 2594 et
1709 2565 1746 2593 iis
1775 2565 1825 2601 qui

999 2613 1069 2638 tunc
1085 2610 1224 2644 viverent,
1242 2613 1365 2638 mortem
1380 2609 1453 2637 dixit
1478 2610 1568 2638 fuisse
1585 2610 1711 2645 dulcem,
1729 2609 1826 2638 somni

1000 2654 1134 2687 similem.
1152 2655 1215 2682 vita
1241 2654 1323 2682 suavi
1348 2663 1380 2682 ac
1402 2654 1537 2682 laborum
1562 2655 1756 2691 dolorumque
1779 2663 1827 2682 ex-

1001 2699 1076 2735 perti
1093 2699 1267 2726 insecutum.
1288 2699 1359 2727 Dum
1378 2702 1473 2727 autem
1491 2700 1607 2735 sapiens
1622 2699 1670 2727 ille
1695 2699 1769 2727 hanc
1784 2698 1826 2726 fa-

1001 2743 1102 2772 bulam
1118 2743 1213 2780 lepide
1229 2744 1376 2772 enarravit
1391 2746 1419 2772 ct
1434 2753 1519 2772 aures
1544 2744 1683 2772 demulsit
1697 2744 1733 2771 ad
1750 2751 1829 2771 som-

1002 2789 1127 2817 niandas
1138 2789 1234 2816 omnis
1245 2789 1361 2825 generis
1373 2789 1503 2825 delicias,
1521 2789 1598 2818 haud
1612 2788 1698 2824 male,
1715 2788 1828 2825 opinor,

1002 2834 1132 2862 traduxit
1161 2833 1228 2862 illos
1257 2833 1309 2870 qui
1346 2835 1457 2863 frustra
1486 2843 1519 2862 os
1547 2834 1702 2868 diducunt,
1729 2835 1758 2861 ct
1784 2833 1829 2860 in-

1631 2899 1667 2927 17
