2021 3176
235 150 295 182 523

618 151 829 182 EUSTATHII
852 149 1241 182 THESSALONIGENSIS
1265 148 1558 179 METROPOLITE
1874 152 1918 183 5M

234 225 353 247 cassum
369 217 468 245 sinum
493 217 630 253 aperiunt
645 219 675 244 et
699 217 801 246 ambas
830 225 936 245 manus
960 218 1054 244 exten-

1115 224 1154 246 ως
1176 214 1221 242 καὶ
1250 213 1381 253 ἐμφαγεῖν
1411 212 1449 244 εἷς
1472 212 1553 251 κόρον
1567 235 1574 249 ,
1599 213 1644 241 καὶ
1666 213 1788 242 πλοῦτον
1810 216 1919 244 κατακολ-

235 264 318 297 dunt,
336 264 369 290 ut
391 262 456 290 cibo
480 262 662 298 repleantur,
679 263 707 289 et
722 261 841 290 divitias
865 261 1015 296 colligant,
1033 262 1061 288 et

233 307 398 336 desiderata
413 307 598 343 prehendant
613 306 695 334 nullo
710 306 810 334 labore
826 306 970 334 adhibito.

268 353 295 380 5.
313 352 496 379 Luctandum
514 359 582 387 ergo
599 351 684 379 nobis
700 353 756 383 est,
773 359 789 378 ο
805 351 920 384 fratres,
937 352 966 377 et
979 349 1059 378 labo-

232 397 402 430 randum,et
416 396 666 429 contendendum,
677 397 706 424 et
721 396 901 430 sudandum,
913 394 1058 431 siquidem

233 441 311 469 haud
327 441 423 473 aliter,
439 441 489 468 sed
515 440 569 468 hac
588 441 651 468 sola
675 440 796 473 ratione,
812 440 847 468 ad
873 440 949 467 bona
972 441 1060 474 atque

233 486 357 514 honesta
372 485 522 522 pervenire
539 485 612 512 licet.
631 485 672 513 Ad
688 485 763 521 quod
790 485 974 520 probandum
999 492 1059 520 pro-

234 531 294 559 fero
308 531 381 558 illud
398 530 539 566 (quamvis
551 530 744 558 minutiarum
755 530 908 558 studiosus
918 529 1027 563 videar)
1043 537 1060 556 a

234 575 364 611 profanis
388 575 522 602 dictum:
543 575 622 602 Nihil
647 575 779 603 succedit
804 574 867 602 sine
891 574 1000 601 labore.
1027 573 1060 601 Et

234 619 369 655 quamvis
385 621 520 647 sexcenta
536 619 593 647 alia
608 619 732 647 habeam
749 617 914 654 (non,velut
927 620 1059 646 ostenta-

232 666 278 692 tor
293 663 359 700 quis
373 664 489 699 dixerit,
505 672 569 695 quae
592 665 734 697 ernctem,
750 664 799 691 sed
817 671 882 699 quea
905 662 1059 690 commode

231 699 378 743 referam),
395 708 530 736 lubenter
544 708 659 742 omitto,
683 710 716 735 ut
732 716 767 735 ne
792 706 960 735 ambitionis
982 699 1059 734 male

231 755 402 788 opportunas
427 752 603 787 vituperium
626 752 787 779 incurram.
804 752 875 779 Cum
903 753 999 778 autem
1027 751 1056 777 in

232 804 313 825 sacro
328 796 486 832 Scriptura:
501 796 640 823 thesauro
667 798 881 832 peropportune
898 795 1055 823 invenerim

229 842 365 869 sanctum
383 841 580 868 characterem
596 849 654 876 quo
671 840 813 876 propheta
837 847 971 875 magnus,
989 848 1057 867 san-

231 885 381 914 ctissimus
406 885 510 918 David,
527 888 559 913 ut
575 885 603 912 in
621 885 721 913 tabula
737 884 886 919 Sinaitica,
900 883 1058 920 descripsit

231 932 360 959 mentem
375 929 679 965 divinam,praalegam
695 929 779 957 vobis
794 929 882 957 verba
898 929 1007 965 quibus
1022 929 1058 956 de

229 975 292 1002 viro
315 977 372 1002 Deo
398 974 503 1001 dilecto
527 974 617 1001 dicit:
634 984 649 998 ‹‹
673 973 828 1001 Laboravit
851 974 880 1000 in
906 973 1056 1006 staculum,

229 1021 258 1048 et
272 1020 347 1047 vivet
361 1019 391 1046 in
408 1019 495 1046 ﬁnem
513 1020 521 1036 ¹
540 1027 546 1046 ;
561 1028 574 1044 ι
592 1019 620 1046 id
639 1020 693 1053 est,
710 1027 766 1046 non
783 1018 925 1046 laboravit
939 1018 1057 1054 quando

229 1064 343 1097 habuit,
359 1063 409 1091 sed
427 1071 477 1099 per
491 1071 577 1090 omne
592 1063 656 1090 vita:
672 1065 803 1099 tempus:
822 1062 960 1090 smculum
978 1062 1056 1089 enim

230 1117 318 1137 sensu
334 1108 428 1136 altiori
445 1110 596 1144 acceptum
613 1108 771 1143 cujuslibet
796 1107 925 1135 hominis
941 1109 1057 1142 tempus

228 1154 294 1182 vitae
309 1154 454 1189 designat.
466 1155 620 1188 Propterea
635 1153 726 1188 igitur
741 1153 869 1180 inveniet
885 1152 953 1180 talis
969 1153 1056 1179 ﬁnem

229 1198 303 1225 bene
317 1206 350 1225 ac
372 1197 494 1224 feliciter
508 1197 634 1230 vivendi,
650 1196 729 1224 velut
754 1197 778 1224 si
803 1197 869 1232 quis
893 1204 1057 1224 aerumnosa

228 1244 336 1270 terram
349 1244 461 1269 exercet
472 1243 522 1269 aut
546 1249 626 1269 mare
639 1243 753 1274 tractat,
770 1243 798 1268 et
813 1241 958 1276 ejusmodi
976 1240 1056 1268 labo~

229 1285 310 1313 ribus
326 1285 389 1313 vita:
400 1286 565 1313 necessaria
576 1285 629 1313 sibi
646 1287 807 1321 comparat,
824 1285 939 1312 etiamsi
955 1292 1054 1312 eorum

194 1350 202 1357 ι
229 1330 337 1366 quibus
361 1338 435 1366 opus
451 1330 548 1364 habet,
565 1329 663 1365 aliquo
692 1331 789 1357 careat
803 1329 833 1356 in
852 1331 1013 1365 posterum,
1027 1330 1057 1356 et

228 1375 376 1411 imprimis
391 1375 508 1410 quando
530 1376 666 1402 senectus
691 1373 815 1402 molesta
833 1373 988 1410 ingruerit,
1004 1373 1054 1400 ubi

229 1419 329 1447 dulces
343 1418 458 1447 labores
483 1419 624 1446 deﬁciunt
639 1420 668 1446 et
682 1426 818 1446 aerumna;
845 1418 918 1446 senii
945 1418 1055 1453 impor-

228 1463 293 1492 tuni
309 1464 464 1500 incipiunt,
481 1464 598 1499 quando
614 1463 755 1491 nimirum
772 1462 982 1498 octogesimum
1001 1471 1056 1490 an-

229 1517 300 1536 num
317 1509 540 1542 excesserimus,
558 1508 600 1535 uti
616 1508 705 1536 David
723 1508 813 1535 canit.
832 1509 912 1535 Tunc
936 1508 1013 1535 enim
1029 1507 1056 1535 is

230 1554 279 1590 qui
299 1554 352 1581 hoc
366 1553 472 1581 saeculo
487 1553 640 1588 laboravit,
658 1553 686 1580 id
702 1555 747 1581 est
764 1555 825 1580 tota
839 1553 908 1586 vita,
926 1553 1054 1588 primum

1115 259 1205 293 πίσαι,
1229 259 1274 286 καὶ
1300 257 1443 296 δράξασθαι
1465 260 1519 286 τῶν
1539 259 1720 296 ποθουμένων
1753 257 1815 297 δίχα
1840 262 1918 288 κοπιά-

1117 314 1210 340 ματος.

1150 349 1177 377 ε’.
1197 347 1361 385 Μοχθητέον
1380 348 1436 382 οὖν,
1462 348 1484 375 ὦ
1505 347 1631 387 ἀδελφοὶ,
1659 348 1705 376 καὶ
1720 349 1866 386 κοπιατέον,
1885 351 1918 378 καὶ

1114 393 1259 428 πονητέον,
1287 392 1333 420 καὶ
1361 391 1489 430 ἰδρωτέον
1519 392 1561 420 ἐπ’
1588 392 1715 430 ἀγαθοῖς,
1747 393 1784 425 ὡς
1813 395 1847 430 μὴ
1867 397 1918 423 κατά

1113 447 1174 465 τινα
1186 435 1287 475 τρόπον
1300 435 1402 474 ἕτερον,
1430 436 1503 465 ἀλλὰ
1526 439 1623 465 τοῦτον
1647 436 1680 473 δὴ
1709 437 1758 465 καὶ
1788 438 1864 475 μόνον
1885 451 1919 467 πει

1115 481 1339 520 ριγενησομένοις
1369 483 1437 517 ἡμῖν
1462 484 1509 509 τοῦ
1538 484 1687 520 κατορθοῦν
1710 482 1745 510 τὰ
1774 483 1854 510 καλά.
1881 484 1918 511 Καὶ

1114 529 1280 565 παραγαγεῖν
1303 526 1349 563 μὲν
1375 526 1412 558 εἰς
1443 526 1590 564 μαρτυρίαν
1612 527 1643 554 τὸ
1670 540 1683 553 ι(
1717 526 1801 564 μηδὲν
1819 527 1919 566 ἐντυχεῖν

1115 571 1176 598 ἄνευ
1203 569 1300 605 πόνου,
1330 583 1340 597 ιι
1370 571 1408 602 εἷς
1437 574 1566 599 τοσοῦτον
1593 571 1800 610 στενολεσχῶν,
1826 573 1919 610 παράγω

1114 617 1159 643 οἷα
1174 615 1343 653 ἐξωτερικόν.
1372 615 1460 653 Μυρία
1476 615 1504 644 δὲ
1532 616 1577 644 καὶ
1606 615 1679 644 ἄλλα
1707 616 1782 654 ἔχων
1804 616 1920 654 (οὐ,καθὶ

1113 671 1155 691 τις
1182 659 1212 687 ἃν
1242 659 1456 698 περιαυτολόγος
1486 660 1557 699 ἐρεῖ,
1583 660 1789 698 ἐξερεύεασθαι,
1815 661 1867 689 κατ’
1887 661 1919 688 ttu-

1113 705 1211 742 πορίαν
1244 703 1272 732 δὲ
1304 702 1522 742 προϐαλέσθαι),
1552 705 1654 744 ἀφίημι
1680 705 1875 743 ἀπολεγόμενος
1896 707 1919 733 τὸ

1114 749 1233 787 ἀκαίρως
1249 749 1407 787 φιλότιμον.
1429 750 1546 787 Καιρίως
1569 748 1599 778 δὲ
1623 752 1672 777 τοῦ
1700 750 1847 787 ἱερωτάτου
1867 760 1919 788 γρα-

1114 796 1194 832 φικοῦ
1219 795 1357 832 θησαυροῦ
1385 793 1582 831 ἀναλεξάμενος
1607 794 1682 833 ἅγιον
1713 798 1878 833 χαρακτῆρα,
1899 795 1918 822 ἐν

1113 839 1136 875 ᾧ
1160 839 1306 877 προφήτης
1327 839 1411 876 μέγας
1434 839 1478 867 καὶ
1507 837 1687 877 ὑπερϐάλλων
1716 840 1794 877 ἅγιος
1816 841 1829 868 ὁ
1853 839 1917 868 Δαυῖδ

1113 883 1297 919 ἐξετυπώσατο
1312 885 1372 910 νοῦν
1389 884 1472 918 θεῖον,
1495 883 1544 911 ὅσα
1570 884 1614 911 καὶ
1641 884 1667 912 ἐν
1696 886 1814 921 Σικαῖκῇ
1840 885 1917 918 πλακὶ,

1113 927 1302 964 ἀναγνώσομαι
1335 927 1398 963 ὑμῖν
1424 925 1645 964 διαλαμϐάνοντα
1670 927 1773 956 ἐκεῖνον
1794 928 1853 966 περὶ
1876 933 1919 959 θεο-

1112 972 1209 1010 φιλοῦς
1223 971 1331 1009 ἀνδρὸς,
1348 972 1386 1003 ὡς
1414 971 1459 999 καὶ
1487 984 1501 998 ‹‹
1530 972 1687 1000 Ἐκοπίασεν
1709 973 1749 1005 εἰς
1776 972 1820 1000 τὸν
1842 972 1916 1006 αἰῶνα,

1112 1016 1157 1044 καὶ
1180 1017 1275 1052 ζήοται
1302 1016 1340 1047 εἷς
1368 1015 1458 1052 τέλος,
1490 1028 1503 1042 ››
1534 1018 1599 1054 ὅπερ
1627 1017 1708 1045 ἐστίν·
1742 1017 1873 1045 ἐκοπίασεν
1894 1017 1917 1044 οὐ

1116 1059 1186 1098 τυχό
1211 1071 1275 1095 τως,
1300 1060 1373 1088 ἀλλὰ
1399 1059 1468 1095 ὅλην
1497 1061 1545 1096 τὴν
1575 1064 1631 1089 κατ¹
1645 1061 1725 1089 αὐτὸν
1742 1061 1768 1089 ἐν
1787 1060 1836 1099 βΐῳ
1851 1062 1916 1095 ζωήν·

1114 1116 1126 1131 ι
1145 1105 1210 1132 αἰὼν
1238 1116 1252 1130 ››
1276 1105 1329 1142 γὰρ
1354 1104 1533 1142 ὡμολόγηται
1562 1105 1727 1144 σεμνότερον
1750 1105 1866 1144 λέγεσθαι
1884 1104 1917 1131 ιιιιῖ

1113 1161 1128 1176 ‹‹
1144 1151 1158 1177 ὁ
1173 1149 1273 1187 χρόνος
1289 1162 1303 1174 »ι
1326 1153 1376 1184 τῆς
1403 1149 1519 1177 ἑκάστων
1541 1150 1691 1187 ἀνθρώπων
1716 1153 1802 1185 ζωῆς.
1833 1149 1916 1177 Οὐκοῦν

1112 1193 1147 1221 δι’
1161 1194 1226 1221 αὐτὸ
1239 1193 1320 1225 τέλος
1335 1195 1349 1221 ὁ
1364 1192 1489 1226 τοιοῦτος
1508 1194 1617 1233 εὑρήσει
1641 1195 1672 1222 τὸ
1697 1195 1745 1222 καὶ
1770 1194 1798 1222 εὖ
1824 1195 1866 1230 ζῇν
1883 1193 1916 1220 καὶ

1113 1238 1252 1276 μακαρίως
1279 1237 1324 1266 διὰ
1350 1238 1408 1274 βίου
1433 1241 1576 1276 περιεῖναι,
1604 1239 1701 1276 δμοιον
1732 1239 1770 1270 ὡς
1795 1237 1916 1266 εἲκαὶκυ-

1111 1284 1245 1320 πτόμενός
1269 1294 1310 1316 τις
1333 1281 1448 1315 ἔκκοπος
1474 1285 1547 1321 παρὰ
1572 1286 1635 1322 γῆν,
1658 1283 1675 1318 ἢ
1691 1283 1857 1320 πονούμενος
1869 1281 1916 1318 περὶ

1111 1327 1246 1360 θάλασσαν
1265 1350 1273 1362 ,
1292 1328 1433 1366 πορίσεται
1460 1327 1596 1360 τοιούτοις
1624 1329 1746 1366 μόχθοις
1776 1328 1857 1363 ἐαυτῷ
1877 1326 1915 1359 τήν

1112 1373 1196 1407 ζωὴν,
1213 1372 1251 1403 ὡς
1267 1373 1311 1400 καὶ
1329 1372 1406 1399 αὐτόν
1430 1383 1457 1399 τι
1480 1374 1534 1400 τῶν
1560 1371 1675 1400 δεόντων
1693 1372 1776 1401 αὐτὸν
1800 1371 1913 1400 ἐπιλιπεῖν

1110 1419 1160 1444 τοῦ
1176 1416 1286 1450 λοιποῦ,
1301 1417 1346 1444 καὶ
1364 1415 1484 1453 μᾶλλον,
1501 1416 1545 1444 ὅτε
1563 1417 1595 1444 τὸ
1614 1420 1700 1455 γῆρας
1729 1416 1859 1455 ἐγκρατῶς
1879 1413 1915 1442 αὖ-

1109 1463 1158 1489 τοῦ
1174 1461 1339 1500 ἀμφήσεται,
1364 1461 1426 1499 περὶ
1450 1462 1465 1488 'o
1494 1461 1684 1489 ουντελοῦνται
1713 1462 1762 1499 μὲν
1788 1461 1813 1489 οἳ
1827 1459 1915 1498 γλυκεῖς

1111 1506 1252 1544 ἐργατικοὶ
1282 1507 1362 1534 πόνοι
1391 1506 1436 1533 καὶ
1464 1507 1557 1541 κόποι,
1588 1506 1752 1545 ἐνάρχονται
1780 1506 1808 1533 δὶ
1835 1505 1857 1532 οἱ
1880 1507 1917 1537 τῆς

1109 1551 1242 1589 ἀργαλέας
1258 1550 1472 1589 γηραλεότητος,
1488 1551 1513 1578 οἱ
1532 1551 1599 1588 μετὰ
1620 1552 1654 1578 τὰ
1681 1550 1847 1589 ὀγδοήκοντα
1871 1547 1916 1582 ἔτη,

231 1600 314 1626 {etate
335 1597 469 1634 juvenili,
496 1597 602 1625 deinde
625 1596 714 1632 virili,
739 1597 866 1632 denique
888 1597 984 1632 senili,
1001 1605 1054 1633 qua

1115 1596 1152 1627 ὡς
1170 1594 1270 1633 ψάλλει
1300 1594 1393 1624 Δαυῒό.
1419 1595 1488 1624 Τότε
1510 1596 1562 1633 γὰρ
1589 1596 1603 1623 ὁ
1618 1596 1663 1623 τὸν
1680 1596 1767 1623 αἰῶνα
1782 1597 1868 1623 τοῦτον
1882 1603 1919 1620 πο-

231 1643 312 1670 nervi
328 1643 526 1671 laborantium
551 1642 752 1676 remittuntur,
770 1642 806 1672 is,
828 1642 960 1678 inquam,
986 1641 1060 1669 vivet

228 1689 258 1715 in
283 1687 371 1715 ﬁnem
387 1689 489 1724 utpote
505 1687 567 1722 qui,
584 1695 648 1722 qum
674 1695 740 1714 cum
766 1686 865 1714 labore
889 1686 1057 1722 acquisivit,

226 1732 257 1760 in
272 1732 362 1760 vitam
377 1731 514 1767 deposuit
529 1732 668 1765 futuram,
681 1739 737 1758 non
757 1731 946 1759 formicarum
963 1731 1060 1759 instar

228 1785 291 1812 qum
314 1777 349 1804 de
373 1784 449 1803 anno
474 1777 503 1803 in
528 1783 638 1803 annum
665 1775 800 1803 laborant
823 1777 856 1802 ut
879 1775 989 1807 vivant,
1006 1776 1057 1803 sed

227 1821 475 1856 quemadmodum
497 1821 579 1847 decet
602 1819 751 1848 hominem
775 1819 888 1847 domini
909 1819 952 1847 vel
977 1820 1056 1855 regis

228 1873 309 1892 more
325 1864 482 1898 viventem,
499 1866 528 1892 et
543 1864 592 1900 qui
609 1864 644 1891 ab
660 1864 725 1900 ipso
752 1866 807 1893 Deo
820 1864 850 1891 in
867 1864 921 1892 hoc
947 1864 1056 1893 consti-

227 1911 309 1937 tutus
325 1911 370 1937 est
384 1909 512 1945 fastigio.

259 1999 286 2027 6.
304 1999 375 2027 Cum
387 2001 482 2027 autem
495 1998 644 2034 loquimur
659 1999 695 2027 de
708 1998 866 2027 virtutibus
877 1999 986 2036 quibus
1003 2000 1052 2036 qui

225 2044 255 2072 in
283 2043 423 2072 streculum
447 2044 572 2077 laborat,
603 2044 632 2071 in
657 2044 744 2072 ﬁnem
773 2043 860 2075 vivet.
886 2044 1052 2072 necessario

225 2089 369 2117 addemus
394 2089 616 2117 beneﬁcentiam
642 2091 670 2117 et
684 2097 782 2116 veram
808 2089 980 2117 amicitiam.
998 2089 1052 2122 Qui

224 2133 303 2161 enim
320 2142 388 2161 cum
412 2133 461 2161 Dei
478 2142 576 2161 amore
600 2135 628 2161 et
653 2135 796 2169 perpetuo
822 2133 943 2166 laborat,
959 2136 988 2161 et
1012 2135 1052 2162 ita

224 2178 333 2215 dignus
350 2179 382 2206 ﬁt
396 2178 547 2206 beneﬁciis
563 2178 610 2206 Dei
628 2178 677 2214 qui
694 2178 774 2206 omni
791 2179 871 2206 carni
888 2179 1052 2207 nutrimen-

220 2225 284 2251 tum
300 2223 508 2260 suppeditat,is
523 2230 602 2258 sane,
613 2223 759 2258 siquidem
774 2231 826 2258 pro
841 2223 953 2250 viribus
969 2231 1049 2251 com-

1114 1642 1208 1676 νήσας,
1235 1639 1318 1677 ἤγουν
1347 1640 1396 1674 τὴν
1425 1641 1484 1668 κατ’
1512 1640 1591 1668 αὐτὸν
1619 1640 1687 1676 ὅλην
1714 1641 1802 1675 ζωὴν,
1828 1638 1918 1676 πρώτην

1114 1686 1163 1720 τὴν
1179 1685 1354 1721 νεωτερικήν,
1384 1686 1442 1712 εἶτα
1465 1685 1516 1720 τήν
1539 1685 1667 1722 ἀκμαίαν,
1693 1686 1740 1713 καί
1767 1684 1856 1724 ἐφεξῆς
1881 1681 1917 1715 τήν

1114 1729 1347 1768 ὠμογεροντικὴν,
1381 1730 1438 1766 μεθ’
1467 1731 1499 1765 ἣν
1533 1729 1706 1768 ὑποχαλᾶται
1721 1731 1758 1758 τὰ
1780 1731 1855 1766 νεῦρα
1874 1728 1918 1756 τοῖς

1113 1773 1256 1810 κάμνουσι,
1275 1775 1383 1809 ζήσεται
1400 1773 1444 1801 διὰ
1457 1773 1567 1810 τέλους,
1584 1775 1625 1806 οἷς
1648 1776 1843 1811 προεπόνησεν,
1866 1772 1917 1799 ἀπο-

1113 1818 1227 1855 θέμενος
1240 1818 1266 1849 ὶς
1283 1819 1344 1856 βίον
1360 1818 1439 1852 αὐτὰ,
1456 1818 1488 1846 οὐ
1510 1819 1578 1846 κατὰ
1604 1818 1762 1856 μύρμηκας,
1792 1817 1863 1854 οἵπερ
1887 1813 1917 1842 ἀεὶ

1112 1863 1138 1898 ἐξ
1152 1861 1229 1895 ἔτους
1244 1863 1281 1894 εἷς
1298 1861 1358 1894 ἔτος
1382 1866 1537 1897 πονοῦνται,
1561 1863 1608 1891 καὶ
1628 1863 1699 1892 οὕτω
1715 1866 1808 1899 ζῶσιν,
1823 1861 1878 1890 ἀλλ’
1890 1860 1917 1889 ὦ(

1112 1908 1248 1945 ἀνθρώπῳ
1264 1908 1406 1945 ἐπιπρέπει
1425 1909 1530 1946 βιοῦντι
1546 1907 1723 1943 δεσποτικῶς,
1754 1907 1800 1937 εἶτ’
1825 1906 1865 1934 οὗν
1880 1905 1918 1942 βασ

1111 1951 1237 1986 σιλικῶς,
1253 1953 1292 1984 ὡς
1307 1953 1351 1980 καὶ
1366 1952 1519 1980 πέπλασται
1535 1953 1602 1992 πρὸς
1616 1955 1665 1981 τοῦ
1684 1956 1765 1982 θεοῦ.

1146 1998 1178 2030 ς’.
1204 1998 1393 2026 Συνεισακτέον
1423 1996 1452 2025 δὶ
1479 2001 1538 2029 τοῖς
1565 1997 1690 2036 τρόποις,
1721 1997 1758 2025 δι’
1787 1998 1821 2024 ὧν
1849 1995 1862 2022 ὁ
1886 1992 1915 2022 εἷς

1108 2042 1155 2070 τὸν
1171 2042 1256 2070 αἰῶνα
1283 2042 1416 2074 χοπιάσας
1440 2043 1549 2077 ζήσεται
1574 2042 1612 2074 εἷς
1640 2042 1730 2076 τέλος,
1761 2042 1804 2070 καὶ
1826 2039 1882 2070 τοὺς
1897 2036 1916 2070 ἐξ

1109 2086 1263 2125 εὐεργεσίας
1278 2086 1400 2118 καὶτοὺς
1416 2087 1504 2124 ὀρθῶς
1530 2085 1667 2124 φιλικούς.
1697 2087 1728 2116 '0
1753 2087 1803 2126 γὰρ
1829 2083 1914 2112 κοπιῶν

1108 2132 1244 2171 θεοφιλῶς
1259 2132 1315 2168 ἅμα
1338 2132 1384 2159 καὶ
1413 2130 1556 2167 διηνεκῶς,
1584 2131 1629 2159 καὶ
1654 2132 1833 2170 ποριζόμενος
1857 2126 1914 2171 οῧτυξ

1104 2176 1138 2203 τὰ
1152 2169 1182 2203 ἐκ
1195 2178 1243 2204 τοῦ
1269 2175 1346 2211 Θεοῦ,
1378 2176 1407 2207 ’ὸς
1436 2175 1532 2203 δίδωσι
1558 2177 1662 2214 τροφὴν
1685 2169 1759 2214 πάσῃ
1781 2173 1861 2212 σαρκὶ,
1881 2169 1914 2197 ναῖ

1106 2218 1135 2247 δὲ
1149 2221 1194 2248 καὶ
1211 2221 1224 2247 ὁ
1243 2219 1402 2258 μεταδιδοὺς
1418 2223 1471 2247 τῶν
1487 2221 1525 2251 εἰς
1541 2213 1633 2258 χρείαν
1650 2224 1709 2252 τοῖς
1734 2213 1815 2249 αὐτοῦ
1835 2213 1912 2252 δεομέ-

221 2268 353 2296 municat
361 2259 581 2303 indigentibus,
597 2269 625 2294 et
641 2267 744 2294 amicis
765 2267 930 2295 necessaria
947 2268 1049 2302 donat,

1111 2275 1172 2301 θοις,
1189 2265 1226 2296 ὡς
1254 2263 1378 2302 δύναμις,
1409 2267 1539 2302 χορηγῶν
1565 2263 1594 2292 δὲ
1620 2265 1664 2293 καὶ
1695 2265 1787 2304 φίλοις
1802 2264 1829 2291 τὰ
1840 2259 1909 2306 καθῆζ

220 2313 348 2341 inveniet
364 2312 445 2340 illinc
460 2312 568 2346 quibus
584 2311 612 2338 in
628 2313 777 2339 senectute
785 2311 875 2338 vitam
892 2314 1048 2345 sustentet,

220 2357 359 2393 quoniam
377 2356 418 2383 illi
435 2356 491 2391 ipsi
503 2363 627 2390 quorum
645 2355 871 2383 necessitatibus
889 2356 970 2391 prius
986 2365 1050 2384 suc-

220 2401 321 2434 currit,
334 2400 390 2435 ipsi
407 2399 574 2427 necessaria
590 2399 754 2427 retribuent
769 2401 807 2432 et,
825 2403 969 2435 quantum
986 2401 1048 2429 ﬁeri

221 2446 327 2481 potest,
351 2444 446 2471 ofﬁcio
474 2452 527 2471 suo
549 2451 618 2480 erga
646 2452 712 2471 eum
746 2444 916 2480 fungentur,
942 2445 1050 2473 hones-

220 2491 327 2525 tosque
356 2497 384 2517 se
412 2488 591 2517 exhibebunt
620 2491 648 2516 et
675 2489 800 2524 gratiam
830 2489 965 2518 referent.
981 2490 1047 2518 Jam

220 2541 288 2561 vero
304 2533 329 2561 si
354 2534 427 2562 forte
443 2534 510 2561 boni
536 2533 678 2561 memoria
691 2541 723 2560 ex
740 2533 859 2561 illorum
885 2537 982 2562 mente
1002 2534 1045 2562 di-

221 2578 304 2615 lapsa
320 2579 496 2612 fuerit,l)eus
511 2579 609 2606 tamen
624 2577 673 2613 qui
689 2578 805 2606 abunde
821 2578 980 2612 distribuit,
996 2579 1046 2615 qui

221 2622 356 2652 amicitiae
373 2623 482 2651 arbiter
505 2625 532 2650 et
547 2622 754 2650 beneﬁciorum
779 2625 944 2651 nostrorum
959 2624 1043 2651 retri-

221 2669 308 2696 butor
323 2667 446 2700 exsistit,
463 2676 519 2694 non
547 2667 694 2703 permittet
711 2669 743 2695 ut
756 2667 805 2695 ille
821 2676 879 2695 non
901 2668 930 2695 in
958 2669 1045 2696 ﬁnem

219 2714 305 2748 vivat,
323 2713 366 2741 uti
383 2712 526 2749 Propheta
541 2711 591 2746 ait,
605 2712 656 2740 sed
673 2713 911 2741 remunerabitur
926 2715 955 2741 et
970 2721 1046 2749 prae-

257 2822 265 2840 ι
282 2820 358 2849 Psal.
373 2829 470 2857 xnvm,
485 2820 513 2848 9.

1105 2319 1196 2343 κοντα,
1213 2310 1320 2347 εὑρήσει
1343 2310 1482 2337 κάντεῦθεν
1513 2309 1539 2337 ἐν
1562 2312 1603 2347 τῷ
1622 2311 1697 2348 γήρᾳ
1719 2309 1844 2349 χορηγίαν
1868 2304 1909 2330 τοῦ

1107 2355 1165 2391 ζῇν,
1187 2353 1274 2381 αὐτῶν
1299 2354 1418 2390 ἐκείνων,
1446 2355 1488 2385 οἷς
1512 2354 1543 2382 τὸ
1569 2353 1627 2382 δέον
1653 2355 1794 2393 ἐχορήγει,
1814 2353 1909 2380 ἀνταπο-

1106 2397 1237 2426 διδόντων
1250 2399 1284 2426 τᾶι
1299 2397 1402 2432 δέοντα,
1428 2398 1473 2426 καῖ
1498 2399 1730 2437 ἀναπληρούντων
1757 2395 1908 2433 εὐδιακρίτω(

1102 2443 1133 2470 τὸ
1149 2442 1208 2470 δέον
1227 2443 1253 2470 έν
1279 2442 1363 2479 αὐτῷ,
1393 2442 1420 2470 εἷ’
1432 2453 1463 2481 γε
1488 2443 1532 2471 καὶ
1559 2443 1695 2480 δύναιντο,
1721 2444 1765 2472 καὶ
1791 2443 1908 2481 εὐγνωμοζ

1103 2487 1185 2523 σύνην
1211 2486 1383 2527 φυλάττοιεν,
1409 2479 1446 2519 ὡς
1466 2489 1511 2516 καὶ
1536 2486 1631 2528 ῧφλιιν
1652 2479 1777 2528 χάριτας.
1796 2487 1824 2517 El
1839 2484 1864 2512 δὲ
1873 2479 1908 2528 Vl

1102 2530 1168 2563 ἴσως
1199 2526 1223 2568 εξ
1249 2531 1356 2560 ἐκείνων
1379 2534 1396 2568 ἡ
1421 2535 1469 2560 τοῦ
1491 2526 1579 2561 καλοῦ
1719 2526 1907 2562 ἀποπετασθείηο

1102 2576 1174 2605 ἀλλὰ
1188 2579 1237 2605 τοῦ
1252 2576 1329 2613 θεοῦ,
1350 2580 1398 2605 τοῦ
1426 2576 1623 2615 δανειζομένου,
1653 2579 1688 2606 τὰ
1706 2580 1763 2606 κατ’
1787 2571 1907 2615 εὐπορίαγι

1101 2622 1130 2654 ὃς
1142 2622 1252 2657 καὶτῆς
1283 2621 1376 2661 φιλίας
1405 2623 1506 2659 ταμίας
1535 2614 1579 2650 καὶ
1608 2622 1794 2657 ἀνταποδότης
1820 2620 1867 2647 τῶν
1886 2614 1907 2661 ἐξ

1101 2668 1169 2704 ἡμῖν
1187 2658 1373 2706 ἀγαθουργιῶν
1389 2658 1518 2705 πέφηνεν,
1550 2667 1597 2695 οὖν
1629 2668 1752 2704 ἀφιέντος
1776 2663 1848 2696 αὐτόν

1101 2702 1148 2750 ζῇν
1178 2702 1215 2744 ιὶς
1243 2702 1342 2748 τέλος,
1369 2713 1405 2744 ὡς
1465 2702 1613 2751 Προφήτης
1641 2702 1821 2753 (ἐπεφθέγξατο
1845 2702 1906 2734 ἀλλὰ
