2021 3176
105 179 173 208 525

803 177 844 207 ΙΝ
866 177 976 208 PSAL.
999 178 1131 210 XLVIII.

1763 185 1820 215 326

105 244 158 272 καὶ
185 242 370 278 ἀποδιδόντος,
395 243 440 271 καὶ
463 243 503 280 τῷ
533 243 673 282 κεφαλαίῳ
701 240 934 281 προσεπιϐάλλον-

994 246 1039 273 ter
1065 253 1212 274 summam
1240 245 1432 282 principalem
1461 246 1551 274 etiam
1581 247 1679 276 fenore
1706 249 1820 278 reddet.

105 299 169 324 τος,
187 289 250 316 ὡσεὶ
269 288 314 316 καὶ
341 289 420 316 τόκον
447 288 610 317 ἀπετίννυεν.
634 288 747 320 Ἀνύσας
772 289 826 327 γάφ
854 289 868 316 ὁ
897 299 940 327 φι-

107 333 212 372 λεργὸς
238 333 272 361 δι’
287 333 354 361 ὅλου
376 335 425 361 τοῦ
439 334 506 362 κατὰ
533 334 583 368 τήν
611 332 754 371 ἐπίκηρον,
779 333 823 360 καί
854 333 940 364 οὕτως

107 379 210 414 εἰπεῖν,
227 378 365 416 ἐπίκαιρον
393 379 436 406 καὶ
461 378 598 418 ἐφήμερον
627 379 709 406 αὐτοῦ
732 379 804 414 ζωὴν
832 378 938 414 αἱῶνος,

107 423 179 461 ὅπερ
195 422 311 462 ὤφειλεν
326 424 365 460 τῷ
388 424 432 451 καὶ
459 422 646 460 παμπλουσίῳ
672 423 716 451 καὶ
747 422 938 460 ἀψευὸεστάτῳ

107 467 230 505 δεσπότῃ
244 470 312 505 Θεῷ,
328 468 373 496 καὶ
401 469 449 502 τήν
476 467 589 506 ἕγκοπον
619 469 837 507 πληροφορήσας
862 467 939 505 ἐργα-

105 513 183 541 τεὶαν
211 513 303 548 αὐτοῦ,
334 512 360 540 ἐν
387 515 428 549 τῷ
465 513 538 541 τέλει
574 513 777 540 ἀναπαύσεται·
805 513 849 540 καὶ
889 511 939 540 οὐκ

107 556 278 594 ἀποῦήσεται
295 558 309 585 ὁ
324 557 428 596 καίριος
453 558 538 589 κόπος
567 557 640 592 αὖτῷ
666 557 704 589 εἷς
731 568 756 586 τι
784 558 877 594 κακὸν,
895 559 940 585 οἷα

107 603 303 642 συγκοπτικὸς,
320 602 393 630 ἀλλά
409 604 517 638 ζήσεται
541 602 608 640 δίχα
630 601 760 637 δηλονότι
785 603 883 637 κόπου,
900 602 937 633 ὡς

105 650 159 676 τοῦ
175 650 271 684 κοπιᾷν
289 648 327 684 μὴ
344 647 537 684 ἆνταττομὶνου
553 647 591 680 εἰς
606 648 738 686 ἀκραιφνῆ
766 647 850 682 ζωὴν,
864 646 937 675 ἀλλὰ

75 722 79 725 _
109 693 206 731 ὑγείας
221 692 397 730 ἇγκοπτικήν.

149 741 179 773 ζ’.
195 737 273 766 Οὕτω
304 736 332 765 δὲ
359 738 408 772 τὴν
437 736 622 774 ἐκτεθειμξνην
647 735 834 774 ψαλμῳδικῶς
860 736 938 775 ῥῆσιν

108 783 231 812 ἐπελθὼν
248 783 448 821 ταπεινότερον,
463 783 549 816 ὲθὲλω
569 783 613 811 καί
638 782 731 815 ἄλλως
756 782 838 816 αὐτὴν
865 782 936 819 ἐξερ-

107 830 240 867 γάσασθαι
268 827 448 866 ὑψηλότερον.
479 831 557 866 Ἔχει
598 827 644 865 μὶν
682 828 732 865 γὰρ
759 826 824 855 οὐδὲ
851 826 936 854 ἐκεῖνο

109 873 223 913 φαύλως
245 874 276 901 τὸ
301 872 474 912 προῤῥηθὲνσ
492 873 540 901 οὐκ
564 873 594 900 ἂν
620 871 657 906 δὲ,
683 871 765 900 αὐτοῦ
788 871 936 909 ἐγκοσμίου

109 917 198 953 ὄντος,
215 917 372 955 λελείψοιτο
397 917 435 949 εἰς
459 916 582 954 ἐνάρετον
612 915 714 944 ἔννοιαν
741 914 803 944 οὐδέ
830 916 861 943 τὸ
877 914 936 943 33'5-
951 939 975 971 B

251 967 265 971 _
311 964 318 971 .
355 966 364 971 .
456 964 461 971 .
571 962 581 971 ν,
702 963 707 971 .
834 961 841 971 η
904 964 917 970 ..

107 975 198 1003 τερον,
232 967 272 1000 τῷ
310 964 394 991 ἐκεῖσε
431 964 526 1000 κόσμῳ
568 962 769 1002 ἀφωρισμένον,
798 961 842 989 καὶ
884 964 934 996 τῆς

109 1009 225 1037 αἷωνίου
254 1011 326 1044 ζωῆς
353 1007 495 1046 ἰχόμενον.
521 1019 535 1033 (ι
564 1007 613 1035 Καὶ
641 1006 777 1040 ἐκοπίασε,
798 1018 812 1032 ››
843 1007 933 1045 φησὶν,

111 1066 126 1080 ‹‹
143 1053 181 1084 εἰς
211 1052 256 1080 τὸν
285 1052 381 1086 αἰῶνα,
396 1052 441 1079 καὶ
458 1053 566 1087 ζήσεται
589 1051 627 1082 εἰς
651 1050 742 1082 τελος.
759 1062 773 1076 ››
791 1051 838 1078 Καὶ
867 1050 936 1082 τὲως

110 1096 298 1135 ιιτιροληπτὲον⁷
315 1097 356 1125 ὅτι
373 1096 457 1124 αἰῶνα
475 1095 613 1133 μέλλομεν
627 1095 687 1134 ἄρτι
703 1097 800 1128 νοῆσαι
829 1094 860 1122 οὐ
888 1095 932 1122 τὸν

107 1143 173 1180 παρ’
187 1143 256 1178 ἡμῖν
271 1144 329 1173 τοῖς
343 1142 411 1169 κατά
438 1143 517 1178 σῶμα
546 1143 665 1176 θνητοῖς,
681 1140 727 1167 τὸν
756 1142 806 1173 τῆς
835 1139 933 1176 ἡμετὲ-

108 1197 156 1225 ρας
188 1189 272 1221 ζωῆς,
298 1187 344 1214 τὸν
370 1187 478 1217 ἀπόνως
509 1185 655 1223 μετρητὸν,
670 1186 714 1213 τὸν
746 1184 844 1224 ῥᾳδίως
874 1185 934 1223 ἀρι-

108 1232 224 1268 θμητὸν,
240 1231 286 1258 τὸν
301 1232 346 1259 καὶ
363 1231 487 1268 ἀόριστον
499 1230 544 1258 καὶ
558 1230 759 1267 τελειοῦμενον,
775 1230 821 1257 τὸν
847 1230 933 1267 πρόσ-

106 1286 212 1314 καιρον,
243 1275 265 1303 εἱ
308 1276 352 1303 καὶ
390 1274 549 1314 χιλιοστόος
584 1274 662 1313 ἔγγὺς
691 1276 932 1312 παρεκταθήσεται·

107 1319 181 1348 ἀλλά
208 1321 253 1348 τὸν
279 1319 399 1358 ὕστερον,
416 1320 461 1347 τὸν
488 1317 573 1350 ὄντως
601 1318 723 1356 ἄπειρον,
739 1319 783 1346 τὸν
813 1318 934 1356 ἀμέτρη-

105 1376 165 1399 τον,
193 1365 239 1392 τὸν
270 1363 353 1401 μηδὲν
381 1364 449 1402 πρὸς
477 1365 550 1400 ἡμᾶς
575 1363 641 1394 τοὺς
670 1362 724 1390 ὧδε
754 1360 932 1400 βραχυϐίους,

107 1410 277 1448 ἀνθρώπους,
293 1409 338 1437 τὸν
362 1410 400 1446 μὴ
425 1411 464 1445 τῷ
489 1408 585 1445 κόσμῳ
610 1407 777 1445 σύμμετρον,
805 1408 880 1444 μόνῳ
905 1406 934 1435 δὲ

105 1457 146 1491 τῷ
167 1457 225 1490 Θεῷ
249 1454 464 1492 ἁρμοττόμενον,
484 1453 528 1480 καὶ
552 1455 586 1490 τῇ
615 1453 672 1480 κατ’
695 1452 795 1480 ἐκεῖνον
824 1453 934 1490 ἀπειρίᾳ

107 1499 416 1536 συμπαρεκτεινόμενον,
440 1498 486 1525 τὸν
517 1497 664 1533 μέλλοντα,
687 1497 732 1525 τὸν
762 1494 870 1534 ὄγδοον,
886 1497 931 1524 τὸν

107 1544 310 1571 ἀκατάπαυστον
342 1543 384 1570 καὶ
415 1541 604 1577 ἀτελεύτητον,
624 1542 669 1569 καὶ
699 1541 734 1569 δι’
762 1541 826 1569 αὐτὸ
853 1541 932 1572 τέλος

107 1588 315 1625 ὠνομασμένον,
343 1586 566 1625 ὲνόελεχὲστατον
597 1586 661 1614 αὐτὸ
687 1587 806 1621 πάντως,
831 1586 874 1614 καὶ
901 1586 932 1613 οὗ

107 1634 229 1662 ἐπέκεινα
257 1633 302 1660 καὶ
332 1630 514 1669 μεθ”ὸτὲλος
539 1632 590 1659 οὐκ
615 1628 685 1659 ἔστιν
714 1629 795 1667 ἄλλο,
817 1630 863 1658 ’ίνα
890 1641 932 1663 τις

107 1678 186 1716 λέγῃ,
203 1677 273 1715 μηδὲ
299 1678 343 1705 καὶ
368 1676 448 1708 τέλος
475 1678 554 1711 εἶναι,
572 1676 608 1708 ὡς
625 1674 690 1704 οὐδὲ
711 1679 760 1711 τῆς
792 1674 930 1714 βασιλείας

106 1726 154 1751 τοῦ
168 1725 245 1751 Θεοῦ.

141 1772 176 1804 η’.
196 1767 305 1796 Τούτων
335 1766 369 1802 δὴ
396 1766 468 1794 οὕτω
496 1765 740 1804 προειλημμὲνων,
769 1762 932 1800 ἐπιϐλητὲον

105 1815 141 1850 τῇ
156 1812 325 1849 ὶκτεθειμὲνῃ
345 1813 472 1848 Δαυϊτικῇ
492 1813 619 1849 προφορᾷ
643 1810 686 1838 καὶ
711 1809 806 1841 οὕτως.
825 1822 839 1836 ι(
853 1810 930 1838 Ἑκο-

107 1858 195 1892 πίασε,
213 1869 228 1883 ι)
244 1857 337 1895 φησὶν,
354 1856 418 1895 οὐχὶ
440 1857 453 1883 ὁ
475 1855 580 1890 ἁπλῶς,
597 1854 669 1883 ἀλλά
693 1856 707 1882 ὁ
732 1854 853 1892 ἐνάρετος
883 1853 931 1882 ἅν-

109 1904 229 1941 θρωπος,
245 1903 288 1930 οἷα
303 1902 348 1929 καὶ
363 1899 401 1933 εἵς
422 1911 481 1929 τινα
503 1898 732 1938 προϐεϐλημένον
754 1900 866 1935 σκοπὸν,
883 1900 931 1927 τὸν

108 1947 194 1975 αἰῶνα
222 1946 322 1975 ἐκεῖνον
355 1946 401 1973 τὸν
431 1944 552 1983 ἄπειρον,
583 1945 613 1972 οὐ
643 1945 711 1982 πρὸς
746 1945 791 1972 τὸν
821 1944 932 1972 ἐνταῦθα

109 1990 216 2028 δηλαδή
231 1992 278 2019 τὸν
293 1992 496 2028 πεπερασμένον
518 1987 694 2024 ἀποϐλέπων,
710 1989 755 2016 καὶ
784 1989 855 2016 οὕτω
884 1999 931 2016 κο-

107 2039 177 2064 πιῶν
207 2035 251 2064 διὰ
281 2035 366 2072 μόνην
395 2035 444 2069 τήν
475 2034 548 2062 κάτω
579 2035 662 2069 ζωὴν,
679 2034 724 2061 καὶ
754 2034 787 2061 τὰ
813 2033 931 2065 ἐντεῦθεν

108 2081 218 2120 κοπηρὰ
229 2079 310 2115 καλὰ,
327 2081 395 2118 πρὸς
410 2079 510 2107 ἐκεῖνον
537 2078 565 2106 δί
594 2079 638 2106 καὶ
671 2078 754 2115 μόνον
783 2078 828 2106 τὸν
857 2078 932 2105 ὕστε-

110 2137 165 2164 ρον,
181 2126 225 2154 καὶ
254 2126 322 2163 πρὸς
352 2124 421 2161 μόνα
449 2124 483 2151 τὰ
509 2123 565 2151 ἐκεῖ
593 2122 749 2150 ἀπευθύνων
766 2123 860 2150 ἑαυτὸν
888 2123 934 2150 καὶ

108 2171 288 2207 τυπούμενος.
315 2171 376 2201 Πῶς
402 2168 430 2197 δὲ
453 2170 533 2196 τοῦτο
549 2170 689 2206 κατορθῶν
704 2178 711 2203 ;
728 2167 754 2195 ἐν
783 2169 823 2203 τῷ
847 2177 934 2204 παρα-

111 2219 217 2254 μετρεῖν
261 2216 346 2243 αἱῶνα
386 2214 474 2242 στενὸν
515 2216 611 2241 τοῦτον
652 2212 731 2240 αῑῶνι
773 2211 936 2248 πλατυτάτῳ

110 2261 217 2297 ἐκείνῳ,
233 2260 279 2288 καὶ
311 2260 383 2295 ζωὴν
413 2258 550 2296 καιρικῆν,
573 2258 622 2292 τήν
650 2257 675 2285 ἐν
700 2260 758 2288 τοῖς
788 2255 852 2293 ὦδε,
879 2258 936 2294 ζωῇ

109 2305 223 2342 ἀλήκτῳ
252 2306 286 2342 τῇ
314 2304 378 2338 ἐκεῖ,
399 2304 444 2331 καὶ
460 2302 532 2331 οὕτω
546 2302 616 2330 καικά
639 2301 741 2338 κόσμον
762 2301 935 2339 παρατιθέναι

110 2351 144 2378 τὰ
173 2349 352 2387 ὁπερκόσμια,
380 2348 425 2376 καὶ
450 2347 679 2376 ἀπαλλάττεσθαι
708 2346 810 2374 τούτων
837 2345 935 2373 ἐκεῖνα.

112 2395 158 2422 Διὸ
178 2394 223 2420 καὶ
245 2395 348 2420 κοπιῶν
375 2394 412 2424 εἷς
431 2395 554 2420 τοιοῦτον
580 2391 675 2426 αῗὼνα,
693 2392 802 2426 ζήσεται
829 2390 867 2422 εἰς
894 2390 937 2418 τέ-

111 2439 159 2470 λος
175 2438 308 2473 ἄληκτον,
325 2437 408 2465 εἰπεῖν
426 2436 455 2465 δὲ
479 2439 625 2476 προσφυῶς
651 2436 696 2464 καί
721 2439 858 2473 προσῆκον
880 2437 938 2471 [κα-

110 2485 193 2518 θῆκον
296 2481 341 2508 καὶ
371 2481 706 2517 ἁληθῶς,ἆντελὲστατον,
722 2481 768 2508 καὶ
795 2481 832 2512 ὡς
863 2478 938 2507 εἴπο-

113 2539 171 2565 μεν,
200 2526 382 2555 τελειότατον.
419 2526 468 2553 Καὶ
495 2524 602 2554 τοιόνδε
641 2527 688 2562 μὲν
718 2526 762 2553 καὶ
793 2524 866 2561 τόδε,
892 2524 936 2552 καὶ

109 2574 217 2611 γᾶνοιτο
230 2571 322 2603 καλῶς
337 2569 410 2608 ἔχειν
425 2570 470 2597 καὶ
487 2569 562 2598 αὐτό.

145 2621 176 2650 θ’,
194 2616 228 2646 Εἴ
243 2615 272 2644 δὲ
283 2616 315 2644 τὸ
340 2614 381 2646 δὶς
412 2615 447 2642 τὰ
474 2614 546 2642 καλὰ
575 2614 776 2652 προσαυξητὲον
802 2614 937 2652 ἁρμοζόν-

109 2672 173 2696 τως,
189 2661 235 2688 καὶ
251 2660 289 2692 εἷς
302 2659 334 2687 τὸ
355 2658 415 2697 τρὶς
441 2655 603 2693 ἐπιϐλητέον
629 2658 672 2685 καί
697 2669 749 2685 τινι
775 2659 852 2695 τρίτῃ
881 2658 939 2694 ἐξη-

111 2707 189 2744 γήσει
204 2708 252 2733 τοῦ
265 2706 408 2732 Δαυϊτικοῦ
425 2703 510 2741 ῥητοῦ
525 2702 645 2741 ἐχόμενά
661 2713 719 2734 πως
747 2703 859 2740 κειμένῃ
888 2707 938 2738 τῆς

111 2752 275 2789 προσεχοῦς,
287 2749 332 2777 καὶ
353 2748 449 2786 ῥητέον
473 2747 500 2775 ἐν
529 2747 662 2785 πρώτοις,
676 2747 718 2775 ὅτι
749 2747 938 2786 μυστηριωδε-

148 2833 187 2870 (1)
202 2831 338 2862 Scholion
352 2832 383 2861 in
399 2839 455 2860 ms.

996 290 1087 318 Homo
1103 290 1179 318 enim
1197 290 1246 326 qui
1262 299 1313 326 per
1328 293 1422 318 totum
1439 291 1529 327 hujus
1545 292 1658 320 caducas
1682 293 1819 323 brevissi-

995 343 1107 371 maque
1122 334 1185 363 vitae
1210 336 1325 371 tempus
1341 344 1405 372 qua
1424 336 1479 363 Deo
1504 335 1650 365 ditissima
1667 339 1820 367 veracissi-

995 387 1102 415 moque
1117 379 1242 408 debebat
1258 380 1368 416 peregit
1382 382 1419 416 et,
1437 382 1572 416 quamvis
1588 382 1736 418 fatigatus,
1748 384 1819 412 acti-

994 424 1091 452 vitatis
1108 424 1259 452 laboriosae
1274 425 1426 453 studiosus
1438 425 1534 460 fuit,in
1548 426 1635 454 ﬁnem
1646 428 1819 464 requiescet,

994 477 1089 504 neque
1105 468 1188 497 labor
1203 469 1292 505 hujus
1308 469 1374 497 vitae
1389 470 1418 497 in
1446 469 1557 499 malum
1573 471 1599 499 ei
1613 472 1707 508 cedet,
1723 474 1755 500 ut
1770 473 1819 508 qui

992 513 1083 541 vitam
1100 513 1305 550 interrumpat,
1319 515 1368 542 sed
1386 515 1460 543 vivet
1475 515 1614 543 nimirum
1631 516 1693 544 sine
1709 516 1820 552 labore,

993 557 1141 594 siquidem
1170 558 1253 587 labor
1268 562 1296 587 et
1311 568 1447 587 aerumnae
1472 569 1535 596 quae
1552 561 1669 589 sanitati
1685 561 1821 591 ofﬁciunt

994 602 1028 630 ad
1045 611 1149 639 puram
1165 603 1254 632 vitam
1271 613 1326 632 non
1342 604 1568 633 transferuntur.

1026 737 1053 764 7.
1072 737 1231 773 Postquam
1256 739 1354 766 autem
1370 738 1449 766 hunc
1474 739 1582 767 Asalmi
1607 739 1704 768 locum
1730 748 1820 770 sensu

992 781 1143 809 humiliori
1154 782 1358 818 exposui,jam
1375 783 1469 811 altiori
1486 792 1603 820 quoque
1617 786 1753 814 eumdem
1770 795 1820 815 ex-

993 825 1100 861 plicare
1116 825 1206 854 lubet.
1222 827 1261 855 Ac
1277 827 1351 855 bene
1366 828 1485 863 quidem
1501 828 1611 857 habent
1626 837 1689 865 quae
1710 830 1820 859 hucus-

993 878 1049 906 que
1066 871 1270 905 disseruimus,
1282 872 1417 908 quamvis
1427 872 1502 901 hanc
1515 875 1622 902 terram
1636 875 1796 911 respiciant
1811 884 1819 904 :

992 916 1044 944 sed
1067 925 1130 951 quis
1147 917 1222 952 jam,
1249 920 1351 954 utpote
1376 920 1515 947 aeternum
1540 919 1631 947 vitam
1657 921 1821 956 spectantia

990 963 1018 988 et
1048 961 1122 989 hanc
1152 963 1261 990 terram
1291 962 1500 999 despicientia,
1529 964 1674 1000 prolaturi
1704 974 1819 1002 sumus,

989 1005 1079 1041 priori
1103 1005 1145 1033 illi
1162 1006 1262 1034 sensui
1289 1007 1498 1043 hauquaqunm
1523 1009 1636 1036 cedent.
1654 1020 1667 1034 ‹‹
1685 1010 1811 1038 Labora-

988 1050 1038 1084 vit,
1056 1050 1161 1087 inquit,
1182 1051 1212 1078 in
1228 1051 1380 1086 saeculum,
1401 1055 1429 1080 et
1443 1052 1519 1081 vivet
1534 1053 1563 1081 in
1589 1053 1689 1082 ﬁnem.
1706 1066 1721 1081 »
1740 1055 1811 1084 Prae-

989 1095 1168 1122 monendum
1184 1097 1280 1123 autem
1296 1096 1412 1124 videtur
1426 1105 1478 1125 nos
1488 1097 1551 1132 jam
1568 1105 1625 1126 non
1641 1101 1813 1135 accepturos

988 1147 1054 1167 esse
1069 1139 1210 1168 saeculum
1225 1142 1368 1177 tanquam
1384 1144 1500 1178 tempus
1518 1142 1602 1171 nobis
1618 1143 1734 1172 mortin
1750 1152 1812 1172 cor-

988 1192 1056 1220 pore
1072 1184 1184 1213 indutis
1198 1185 1234 1212 ad
1265 1185 1420 1214 vivendum
1436 1195 1620 1222 concessum,
1636 1188 1699 1216 sine
1715 1189 1814 1217 labore

988 1230 1298 1266 commensurandum,
1315 1230 1378 1258 sine
1391 1231 1507 1267 negotio
1531 1233 1755 1269 numerandum,
1771 1234 1814 1261 in-

987 1275 1099 1301 certum
1115 1275 1143 1301 et
1167 1274 1275 1302 ﬁnibus
1297 1274 1565 1311 circumscriptum,
1591 1276 1812 1312 brevissimum,

988 1318 1122 1353 quamvis
1138 1318 1174 1346 ad
1201 1318 1282 1347 mille
1297 1327 1390 1347 annos
1406 1323 1540 1348 excurrat
1557 1328 1563 1348 :
1581 1322 1630 1349 sed
1653 1322 1812 1358 posterius,

987 1371 1087 1390 revera
1107 1363 1267 1399 infinitum,
1284 1363 1592 1400 incummensurabile,
1610 1375 1704 1403 neque
1728 1367 1813 1396 nobis

987 1407 1160 1436 brevissimo
1175 1408 1239 1436 vitae
1256 1408 1350 1444 spatio
1367 1409 1686 1446 circumclusis,neque
1702 1412 1812 1440 mundo

987 1452 1183 1488 adaequalum,
1199 1454 1249 1481 sed
1270 1454 1332 1481 solo
1348 1456 1404 1481 Deo
1432 1454 1603 1490 adaptatum
1620 1458 1647 1483 et
1664 1456 1728 1491 ejus
1744 1456 1810 1484 inﬁ-

987 1496 1072 1524 nitati
1087 1505 1262 1533 congruum,
1279 1498 1422 1532 futurum,
1439 1501 1584 1535 octavum,
1595 1499 1769 1529 incessabile
1783 1503 1812 1529 et

986 1541 1214 1577 interminabile,
1230 1545 1259 1570 et
1275 1546 1427 1579 propterea
1444 1554 1458 1568 ι(
1474 1543 1541 1571 ﬁnis
1557 1554 1569 1569 ι)
1587 1544 1811 1581 appellatum,in

987 1588 1128 1614 aeternum
1141 1587 1328 1620 duraturum,
1345 1587 1422 1615 ultra
1437 1589 1465 1616 et
1480 1590 1546 1624 post
1568 1589 1646 1624 quod
1662 1598 1720 1618 non
1736 1589 1812 1619 alius

947 1623 968 1657 C
987 1631 1042 1659 erit
1065 1631 1142 1664 ﬁnis,
1159 1632 1409 1667 quemadmodum
1437 1623 1489 1660 nec
1505 1623 1629 1668 regnum
1654 1633 1704 1662 Dei
1723 1634 1811 1663 ﬁnem

986 1675 1157 1704 habiturum
1174 1684 1237 1704 esse
1249 1676 1317 1712 jure
1332 1677 1399 1712 quis
1415 1677 1530 1706 dixerit.

1021 1767 1047 1794 8.
1063 1766 1114 1794 His
1138 1766 1318 1803 premonitis
1343 1767 1379 1795 ad
1395 1767 1549 1796 laudatum
1571 1767 1690 1797 Davidis
1714 1769 1812 1798 locum

986 1811 1202 1847 aggrediamur.
1221 1822 1234 1836 (ι
1251 1811 1409 1846 Laboravit,
1428 1822 1440 1837 ι
1466 1811 1572 1848 inquit,
1589 1821 1646 1841 non
1671 1813 1813 1851 simplici-

985 1858 1038 1889 ter,
1054 1856 1105 1884 sed
1121 1856 1208 1884 homo
1223 1855 1340 1884 virtutis
1361 1856 1524 1890 studiosus,
1543 1858 1704 1894 respiciens
1723 1859 1810 1887 nimi-

986 1909 1051 1929 rum
1069 1900 1104 1929 ad
1127 1909 1249 1937 scopum
1274 1901 1469 1938 propositum,
1487 1902 1627 1930 saeculum
1652 1902 1723 1931 illud
1748 1903 1812 1931 inﬁ-

987 1946 1093 1979 nitum,
1110 1953 1168 1973 non
1184 1945 1220 1973 ad
1236 1945 1326 1981 hujus
1342 1946 1406 1974 vita:
1417 1945 1562 1974 limitibus
1578 1947 1812 1982 restrictum,aut

987 1990 1125 2018 laborans
1147 1991 1182 2018 ob
1199 1989 1275 2017 hanc
1290 1989 1384 2018 solam
1400 1990 1489 2018 vitam
1505 1993 1674 2019 terrestrem
1691 1993 1813 2029 ejusque

988 2034 1066 2062 bona
1090 2034 1239 2069 fugienda,
1257 2034 1308 2061 sed
1334 2034 1369 2061 ad
1386 2033 1467 2062 illam
1493 2036 1698 2063 tantummodo
1723 2037 1813 2066 vitam

988 2078 1147 2106 secundam
1171 2081 1199 2105 et
1215 2086 1278 2113 quae
1293 2086 1356 2106 eam
1374 2081 1554 2106 concernunt
1568 2087 1600 2106 se
1619 2079 1749 2115 dirigens
1770 2083 1815 2109 at-

988 2131 1043 2157 que
1058 2130 1247 2158 componens.
1266 2123 1416 2156 Quomodo
1437 2125 1535 2150 autem
1552 2123 1607 2151 hoc
1623 2125 1817 2160 assequitur?

989 2166 1190 2202 Comparando
1221 2166 1361 2194 nimirum
1384 2166 1438 2194 hoc
1468 2167 1608 2195 szsculum
1635 2170 1816 2198 coarctutum

990 2219 1057 2239 cum
1073 2210 1179 2238 seculo
1202 2210 1252 2238 illo
1269 2210 1426 2245 latissimo,
1445 2213 1473 2239 et
1488 2211 1577 2239 vitam
1594 2221 1682 2248 quam
1705 2213 1752 2242 hic
1769 2215 1818 2243 de-

990 2256 1089 2292 gimus
1105 2256 1220 2283 brevem
1237 2263 1305 2283 cum
1331 2255 1380 2284 illa
1397 2256 1455 2284 vita
1478 2265 1630 2292 nunquam
1656 2262 1818 2293 cessatura,

951 2311 975 2343 D
991 2304 1019 2328 et
1032 2301 1233 2337 componendo
1258 2301 1409 2328 mundana
1428 2309 1495 2329 cum
1512 2303 1774 2340 supramundanis,
1791 2307 1820 2334 et

992 2345 1053 2373 hzec
1069 2353 1135 2373 cum
1152 2345 1209 2373 illis
1226 2345 1431 2382 permutando.
1448 2345 1520 2373 Cum
1538 2345 1626 2382 igitur
1641 2347 1676 2375 ad
1693 2348 1749 2376 tale
1765 2358 1819 2378 sae-

993 2389 1092 2419 culum
1109 2390 1274 2426 pertingere
1290 2389 1443 2422 adnititur,
1460 2389 1535 2418 viret
1560 2391 1589 2418 in
1605 2392 1694 2420 ﬁnem
1719 2393 1818 2422 inﬁni-

992 2438 1067 2471 tum,
1092 2435 1146 2468 vcl,
1173 2438 1205 2462 ut
1232 2434 1329 2463 verius
1358 2435 1627 2471 congruentiusque
1654 2436 1818 2475 loquamur,

992 2480 1240 2516 perfectissimum
1267 2483 1305 2513 et,
1328 2479 1369 2507 uti
1398 2488 1488 2516 supra
1516 2480 1652 2516 diximus,
1681 2484 1819 2514 omnibus

993 2525 1124 2552 numeris
1140 2524 1320 2552 absolutum.
1338 2523 1384 2552 Sic
1400 2525 1532 2552 secunda
1547 2525 1636 2555 habet
1651 2527 1819 2565 explicatio,

992 2572 1021 2598 ct
1036 2570 1150 2598 utinam
1165 2569 1254 2597 etiam
1272 2569 1345 2597 bene
1361 2569 1487 2597 habeat!

1027 2615 1054 2642 9.
1071 2614 1101 2643 Si
1125 2616 1222 2642 autem
1249 2614 1379 2642 secunda
1405 2614 1604 2651 interpretatio
1630 2619 1820 2647 commendato

993 2662 1050 2693 tur,
1069 2661 1282 2695 consequenter
1306 2659 1407 2687 eadem
1424 2659 1469 2687 via
1490 2661 1707 2696 procedendum
1723 2663 1776 2691 erit
1793 2666 1821 2692 et

993 2704 1078 2732 tertia
1094 2704 1171 2732 etiati
1189 2703 1317 2732 Davidici
1333 2704 1486 2740 explicatio
1504 2706 1664 2741 promenda
1680 2715 1743 2743 quae
1752 2716 1819 2737 cum

993 2751 1181 2778 antecedente
1203 2751 1283 2777 arcte
1307 2748 1442 2777 coharet.
1464 2749 1537 2778 Ante
1560 2751 1659 2780 omnia
1682 2754 1819 2783 notamus
