2021 3176
220 179 280 210 527

606 175 816 206 EUSTATHII
838 172 1222 204 THESSALONICENSIS
1245 173 1540 204 METROPOLITE

1873 175 1923 204 528

221 245 298 273 hanc
320 243 438 272 tertiam
454 242 663 279 expositionem
689 248 777 269 sensu
804 239 934 276 mysterii
957 238 1042 275 pleno

1107 238 1180 275 ττὲρα
1206 239 1223 274 ἡ
1248 239 1326 277 τρίτη
1352 240 1410 267 κατ’
1438 237 1540 266 ἔννοιαν
1569 236 1701 274 ἐπιϐολὴ,
1736 238 1860 276 ἐχομένη
1886 241 1924 267 καί

223 289 423 326 accipiendam
438 295 501 316 esse
526 289 614 322 atque
627 285 707 313 illam
722 285 866 321 attingere
883 283 1046 311 doctrinam

224 333 448 362 reconditiorem
465 339 553 367 quam
570 331 605 358 de
620 329 813 358 retributione
834 329 977 356 bonorum
993 327 1047 355 hu-

221 379 273 415 jus
286 378 351 406 vitae
363 385 484 413 operum
507 378 613 403 aeterna
628 377 655 402 et
678 374 713 402 de
729 374 839 402 ultione
863 374 1048 409 peccatorum

225 425 296 452 dum
313 423 359 450 hic
384 421 508 449 vivimus
533 419 756 448 commissorum
781 418 958 454 accepimus.
986 417 1048 445 Dis-

226 470 375 504 ceptatum
400 466 478 494 enim
502 467 556 499 est,
582 473 634 492 cur
659 466 733 492 Deus
757 463 840 491 illum
865 463 916 499 qui
940 463 994 490 hoc
1019 462 1048 490 in

226 512 338 540 mundo
354 513 471 548 peccata
485 510 610 537 limitata
624 508 763 541 admittit,
778 507 808 535 in
824 510 965 535 aeternum
995 515 1048 542 pu-

227 557 299 585 niat.
316 556 358 584 Ad
375 555 465 589 hujus
481 553 651 590 quaestionis
666 552 843 580 solutionem
867 551 1049 587 sapientissi-

229 610 295 630 mus
319 600 368 628 Dei
384 599 494 627 Psaltes
509 599 539 626 in
555 597 617 626 loco
642 597 729 625 modo
748 598 909 624 memorato
935 595 1050 630 alludit,

228 649 256 674 et
271 645 411 673 indirecte
425 643 526 672 saltem
551 645 578 671 et
606 642 769 670 secundum
794 649 915 669 sensum
941 640 1052 676 profert

228 689 451 726 explicationem
467 688 513 715 cui
531 695 616 715 nemo
631 686 815 714 Christianus
832 685 954 713 ﬁrmiter
971 684 1050 712 oblo-

228 735 276 772 qui
293 733 458 762 conabitur.
473 733 580 760 Sensus
595 734 693 759 autem
719 730 822 758 Psaltm
846 729 893 757 hic
915 732 960 757 est
976 737 982 757 :
999 729 1050 756 Bo-

227 788 298 808 num
313 781 342 806 et
356 778 456 806 virtuti
473 777 639 805 studentem
656 776 806 803 hominem
822 777 940 811 propter
961 774 1050 801 vitam

228 824 297 852 licet
311 821 515 850 brevissimam
542 820 643 848 virtuti
659 822 858 848 consecratam
876 819 1050 854 adepturum

229 876 294 897 esse
309 869 386 896 bona
401 869 518 900 aeterna,
536 868 635 902 utpote
651 865 702 901 qui
724 864 874 892 laboribus
900 865 929 891 et
954 863 1050 897 luetis,

1105 284 1306 322 μυσταγωγίας,
1337 285 1367 319 ἦν
1394 285 1456 323 περὶ
1493 287 1544 319 τῆς
1570 283 1682 311 αἰωνίου
1712 284 1763 311 καί
1789 282 1924 311 ἀνταποδό-

1103 338 1170 360 σεως
1185 331 1237 356 τῶν
1255 329 1280 356 ἐν
1298 329 1347 366 βίῳ
1363 329 1468 366 ἀγαθῶν
1493 329 1537 356 καὶ
1564 327 1728 360 ἀντιδόσεως
1760 330 1817 355 τῶν
1843 328 1867 355 ἐν
1893 331 1924 364 τῷ

1106 373 1181 410 βιοῦν
1198 373 1364 412 σφαλμάτων
1389 371 1591 412 παρελάϐομεν.
1611 373 1770 410 Ἡπόρηται
1800 373 1848 409 μὲν
1871 373 1924 410 γὰρ,

1104 416 1175 446 διατί
1191 419 1205 446 6
1221 419 1284 450 Θεὸς
1301 418 1468 454 ἀτελεύτητα
1490 417 1601 453 κολάζει
1627 419 1682 446 ἐκεῖ
1709 419 1761 446 τὸν
1791 417 1925 445 ἐπταικόσι

1104 462 1129 490 ἐν
1151 465 1186 500 τῇ
1208 463 1276 490 κατὰ
1298 464 1401 500 κόσμον
1426 464 1581 501 ἀναστροφῇ
1611 463 1756 501 μετρητά;
1775 462 1878 490 Τούτου
1903 462 1926 490 εἰ

1104 507 1181 535 λύσιν
1201 507 1420 547 ὑποκρουόμενος
1448 509 1474 536 ἐν
1503 511 1562 539 τοῖς
1586 508 1646 546 ἄρτι
1675 509 1689 535 6
1716 508 1861 546 πάνσοφος
1886 510 1926 535 τοῦ

1104 554 1174 580 Θεοῦ
1199 553 1324 588 Ψάλτης,
1341 551 1526 591 προϐάλλεται
1554 555 1599 580 νῦν
1629 551 1743 580 λυτικόν
1768 562 1832 579 τινα
1855 550 1926 589 λόγον

1105 596 1251 635 ἐπιχειρῶν
1279 597 1308 625 ἐκ
1331 600 1384 625 τῶν
1410 598 1561 636 πόρῥωθεν,
1585 598 1643 625 κατ’
1671 596 1826 632 ἔννοιαν,ᾗ
1848 595 1926 628 οὐδεὶς

1104 642 1265 679 Χριστιανὸς
1306 642 1476 680 ἐπιχειρήσει
1511 641 1712 670 ἆντιπαλαίσειν
1758 641 1800 673 εἰς
1837 641 1927 668 ἀκατάο

1106 683 1219 722 ϐλητον.
1237 688 1314 714 Ἔστι
1336 686 1365 714 δὲ
1387 690 1512 719 τοιοῦτος
1528 688 1542 714 ὁ
1557 689 1618 718 νοῦς
1640 689 1679 723 τῷ
1703 684 1873 723 Ψαλμῳδῷ’
1889 685 1924 713 λέ.-

1105 741 1144 768 γει
1160 731 1206 758 τὸν
1221 731 1317 769 ἀγαθὸν
1333 732 1377 758 καὶ
1394 731 1516 768 ἐνάρετον
1531 730 1670 769 ἄνθρωπον
1699 730 1747 758 Si?!
1778 732 1829 765 τήν
1853 731 1926 768 πρόσο

1106 786 1200 814 καιρον
1218 776 1312 814 βιοτὴν
1338 776 1420 804 αὑτοῦ
1443 776 1488 804 καὶ
1508 777 1604 814 ἀρετήν
1631 775 1828 813 ἀπολήψεσθαι
1852 775 1925 812 ἀγαθὰ

1106 820 1214 856 αἰώνια¹
1243 821 1415 859 νεκρώσαντα
1447 820 1544 853 κόποις
1572 821 1616 848 καὶ
1644 820 1741 851 πόνοις
1771 821 1824 855 τήν
1853 820 1925 857 σάρκα

1107 863 1152 892 διὰ
1163 865 1213 899 τὴν
1229 865 1357 903 σταθερὰν
1373 864 1471 893 ἆλπίδα
1494 867 1542 900 τῆς
1568 865 1654 893 ἐκεῖσε
1682 867 1770 900 ζωῆς.
1787 863 1837 891 Καὶ
1865 863 1924 891 οὕτω

230 913 266 942 ob
283 920 365 949 spem
381 911 460 938 illius
475 910 538 938 vita:
554 910 771 943 inconcussam,
787 916 905 936 carnem
931 907 1051 934 mortiﬁ-

1108 907 1251 949 φιλοσόφῳ
1267 908 1382 937 διαθέσει
1397 910 1442 937 καὶ
1460 909 1590 945 κοινωνίᾳ
1617 910 1653 941 ὡς
1674 909 1701 945 ἐξ
1721 908 1847 936 ἐναντίου
1872 909 1924 935 τού-

1172 955 1195 961 nl
1303 954 1312 961 κ
1329 954 1334 961 1
1385 953 1392 961 ﬁ
1428 957 1439 961 .-
1512 954 1518 961 \
1550 954 1558 961 1
1599 954 1615 961 l,
1714 952 1727 961 II
1888 951 1900 956 -

231 957 348 986 caverit.
365 957 400 984 Et
413 956 453 984 sic
469 954 657 983 conclusione
682 952 885 990 philosophica
898 954 927 980 et
942 953 1054 980 ratione

231 1011 266 1031 ex
280 1001 414 1039 opposito
429 1000 554 1028 deducta
569 998 648 1026 illam
671 997 862 1034 quaastionem
889 998 1052 1025 controver-

229 1056 292 1076 sam
309 1046 406 1079 solvit,
422 1052 590 1081 supponens
615 1043 691 1079 quod
704 1043 804 1078 justus
819 1042 906 1070 homo
932 1042 961 1069 in
980 1050 1052 1077 prm-

228 1091 304 1121 senti
330 1091 394 1119 vitae
423 1090 558 1117 humanas
587 1087 692 1116 saeculo
721 1090 892 1123 occupatur,
921 1095 979 1114 non
1009 1086 1052 1113 uti

227 1138 288 1165 fors
303 1135 403 1164 tulerit
428 1134 494 1170 (hoc
510 1132 588 1161 enim
614 1132 660 1159 vix
676 1131 764 1159 ullius
780 1131 850 1159 foret
875 1131 983 1167 pretii),
1000 1130 1051 1158 sed

227 1181 387 1210 admodum
412 1186 575 1206 mrumnose
599 1179 627 1205 et
653 1184 720 1204 cum
746 1176 837 1204 multo
862 1178 891 1203 et
919 1183 1051 1211 perseve-

226 1228 307 1254 rante
317 1227 344 1254 et
356 1223 495 1253 continuo
506 1225 535 1250 et
544 1221 691 1250 exclusivo
702 1222 777 1254 et,ut
787 1219 828 1247 ita
839 1219 947 1254 dicam,
965 1219 1050 1247 unico

225 1274 254 1299 et
268 1273 375 1298 interno
398 1269 508 1302 labore,
524 1266 671 1303 siquidem
697 1273 748 1301 per
763 1267 852 1292 totam
873 1265 962 1292 vitam
987 1264 1051 1292 sine

225 1315 444 1345 intermissione
460 1314 598 1341 luctatur.
789 1318 791 1320 ·

262 1371 306 1398 10.
322 1369 385 1397 Non
400 1367 478 1396 enim
494 1365 578 1399 dixit,
596 1363 747 1392 Laboravit
770 1363 856 1391 certis
872 1362 1050 1398 interstitiis,

227 1415 283 1444 alio
298 1417 430 1449 tempore
444 1414 474 1439 et
489 1409 556 1444 alio,
573 1409 635 1444 sed,
652 1408 743 1436 semel
759 1407 902 1435 laboravit
916 1407 945 1434 in
971 1410 1052 1434 reter-

227 1467 310 1492 num,
324 1459 379 1486 hoc
394 1458 438 1484 est
452 1454 655 1483 convenienter
677 1453 742 1480 vita;
763 1452 888 1488 tempori
911 1452 936 1479 ei
953 1451 981 1479 in
996 1451 1051 1480 hac

227 1507 306 1532 terra
330 1508 478 1530 concesso.
503 1499 645 1531 Quoniam
667 1497 758 1534 igitur
783 1505 833 1533 per
857 1499 949 1524 totam
976 1496 1051 1524 hanc

226 1549 318 1577 vitam
333 1549 390 1574 Deo
416 1543 535 1580 placuit,
548 1544 615 1579 jure
640 1542 802 1578 meritoque
817 1541 893 1569 vivat
917 1541 1005 1569 etiam
1021 1541 1050 1568 in

227 1595 327 1627 ﬁnem,
341 1591 370 1618 id
386 1592 430 1618 est
445 1589 474 1616 in
490 1596 575 1616 omne
591 1590 707 1623 tempus
723 1589 751 1614 et
766 1594 859 1622 usque
878 1586 913 1614 ad
930 1585 1051 1622 profun-

227 1638 349 1665 ditatem
373 1633 470 1662 saeculi
497 1632 614 1665 inﬁniti,
638 1632 724 1667 cujus
748 1631 815 1658 linis
838 1632 884 1658 est
908 1630 1049 1658 inﬁnitas.

227 1683 383 1716 Propterea
405 1678 483 1707 enim
499 1677 575 1713 quod
590 1678 635 1704 est
656 1677 723 1704 linis
747 1675 866 1704 omnino
893 1674 1006 1702 stabilis
1023 1677 1052 1702 et

227 1722 517 1757 immutabilis,nullo
533 1721 626 1749 limite
641 1720 765 1748 aliarum
781 1727 879 1747 rerum
894 1719 988 1747 instar
999 1719 1052 1746 cir-

228 1769 439 1804 cumscriptus,
455 1767 520 1794 ideo
533 1766 620 1793 homo
637 1765 782 1801 perfectus
798 1764 915 1800 assequi
931 1766 1050 1791 conten-

228 1815 269 1843 dit
285 1813 356 1841 illud
373 1813 450 1848 quod
463 1815 508 1839 est
523 1813 663 1838 saeculum
678 1808 863 1842 saeculorum,
874 1809 958 1844 cujus
975 1808 1052 1835 limi-

226 1863 272 1888 tes
300 1865 418 1886 omnem
447 1858 573 1884 mentem
602 1854 755 1888 excedunt,
781 1853 919 1889 quodque
946 1851 1053 1880 saecula

229 1903 418 1940 praeterlapsa
440 1901 470 1928 in
491 1902 633 1928 aeternum
657 1898 806 1926 concludit
832 1901 861 1925 et
883 1897 926 1925 sic
941 1897 1052 1925 ceteris

229 1948 390 1976 terminum
407 1945 577 1982 imponit,ut
587 1942 676 1971 veluti
691 1942 821 1979 sigillum
833 1943 874 1969 eis
891 1941 1051 1977 imprimat.

230 1994 265 2021 Et
280 1993 334 2026 hoc
349 1991 468 2027 quidem
483 1989 605 2017 addecet
618 1987 864 2021 Deum,nimirum
883 1990 915 2014 ut
928 1987 1052 2022 gratiam

229 2038 349 2074 dignam
374 2044 425 2072 pro
454 2035 548 2070 gratia
576 2033 714 2069 rependat
738 2031 764 2059 ei
789 2031 838 2066 qui
865 2031 963 2067 ipsum
989 2039 1055 2059 vere

229 2089 404 2119 semperque
417 2079 527 2112 dilexit,
537 2081 564 2106 et
573 2077 712 2106 szsculum
724 2076 872 2103 infinitum
885 2076 987 2103 reddat
1003 2085 1054 2112 pro

229 2127 318 2162 hujus
333 2125 437 2154 mundi
454 2123 570 2156 saeculo,
586 2122 616 2149 in
633 2130 691 2157 quo
706 2121 802 2148 cultor
822 2120 916 2156 ipsius
940 2120 1054 2148 labora-

228 2173 280 2206 vit,
296 2170 445 2205 sasculum,
461 2170 595 2204 inquam,
612 2165 726 2193 inﬁnite
743 2173 833 2201 supra
847 2165 977 2193 humana
993 2165 1054 2193 ela-

225 2221 300 2250 tum,
318 2215 435 2252 ipsique
456 2212 617 2249 proprium,
643 2210 707 2246 lege
730 2210 866 2238 amicitias
892 2218 956 2246 qua;
978 2211 1056 2238 bona

227 2262 390 2291 amicorum
407 2256 576 2286 communia
590 2263 653 2283 esse
666 2255 761 2290 jubet.

1107 964 1155 982 του
1170 955 1285 990 Θίματος
1303 954 1361 982 λύει
1383 953 1468 982 ἰκεῖνο
1492 954 1524 982 τὸ
1545 954 1681 986 ἀντίθετον
1709 952 1830 991 ἔπορον,
1854 951 1921 986 νοῶν,

1109 998 1150 1026 ὅτι
1166 999 1180 1026 ὁ
1196 997 1300 1030 δίκαιος
1315 999 1455 1038 ἄνθρωπος
1480 997 1641 1037 ἀσχολεῖται
1669 998 1707 1030 εἲς
1737 998 1787 1025 τὸν
1818 997 1923 1034 παρόντα

1109 1043 1204 1078 αἰῶνα,
1220 1044 1265 1071 τὸν
1291 1047 1342 1078 τῆς
1371 1044 1429 1071 κατ’
1446 1045 1589 1082 ἄνθρωπον
1619 1045 1703 1078 ζωῆς,
1728 1042 1763 1070 οὐ
1791 1042 1870 1079 μόνον
1894 1042 1922 1072 ὡς

1107 1086 1244 1126 ἐνδέχεται
1272 1087 1360 1125 (οὐδὲν
1389 1089 1439 1126 γὰρ
1462 1088 1531 1126 μέγα
1557 1088 1589 1116 τὸ
1617 1087 1702 1119 οὕτως
1734 1087 1847 1123 εἰπεῖν),
1863 1085 1922 1114 ἀλλὰ

1107 1132 1145 1164 εἰς
1162 1131 1222 1160 λίαν
1240 1132 1376 1165 ἐπιπόνως
1390 1133 1435 1160 καὶ
1453 1133 1519 1170 μετὰ
1540 1132 1646 1160 πολλοῦ
1660 1132 1751 1160 κόπου
1781 1131 1828 1159 καὶ
1850 1129 1922 1165 διηνε-

1105 1179 1170 1208 κοῦς
1185 1177 1229 1204 καί
1245 1179 1375 1215 συνεχοῦς
1397 1177 1442 1205 καὶ
1459 1176 1592 1214 ἐπιμόνου
1613 1177 1657 1204 καὶ
1682 1177 1719 1208 ὡς
1748 1177 1807 1204 οἷον
1837 1175 1920 1203 ἱνιαίου

1105 1222 1149 1250 καὶ
1179 1222 1250 1250 οὕτω
1279 1233 1338 1254 πως
1367 1223 1489 1260 αἷωνίου,
1507 1222 1551 1251 διὰ
1577 1223 1609 1250 τὸ
1635 1221 1796 1253 ἆδιακόπως
1814 1221 1839 1249 ιν
1861 1222 1920 1257 πάσῃ

1105 1269 1139 1304 τῇ
1155 1267 1236 1295 αὐτοῦ
1253 1270 1310 1305 ζωῇ
1326 1271 1429 1297 πονεῖν.

1143 1368 1167 1394 ι’.
1185 1364 1223 1393 Οὐ
1246 1364 1296 1402 γὰρ
1320 1364 1427 1401 ἐκοπία,
1444 1365 1536 1404 φησὶν,
1553 1362 1583 1392 ἔκ
1605 1376 1686 1392 τινων
1709 1363 1917 1401 διαλειμμάτων,

1106 1409 1207 1437 ἄλλοτε
1234 1409 1280 1436 καὶ
1309 1409 1420 1445 ἄλλοτε,
1448 1408 1520 1437 ἀλλὰ
1552 1409 1673 1445 καθάπαξ
1713 1409 1854 1436 ἐκοπίασεν
1889 1407 1918 1437 εἰς

1105 1453 1236 1488 αἰώνιον,
1266 1453 1282 1481 6'
1312 1453 1382 1481 ἐστιν
1425 1453 1565 1492 ὰιαλόγως
1601 1456 1641 1490 τῷ
1682 1453 1918 1491 ἐπιμεμετρημὲνῳ

1105 1498 1178 1534 αὐτῷ
1208 1498 1318 1530 ἐνταῦθα
1345 1498 1434 1526 αἰῶνι.
1460 1499 1534 1527 Ἐπεὶ
1575 1497 1621 1526 οὖν
1661 1498 1725 1526 ὅλον
1768 1499 1814 1526 τὸν
1849 1497 1919 1525 αὐτοῦ

1105 1543 1190 1570 αἰῶνα
1204 1545 1298 1570 τοῦτον
1321 1544 1468 1579 θεαρέστως
1495 1542 1583 1578 ἔζησε,
1611 1541 1721 1574 δικαίως
1753 1544 1860 1578 ζήσεται
1882 1541 1917 1568 καὶ

1108 1599 1122 1614 ι(
1137 1587 1175 1618 εἰς
1204 1586 1293 1621 τέλος,
1310 1586 1423 1625 »ἤγουν
1452 1586 1498 1615 διὰ
1523 1587 1632 1621 παντὸς,
1658 1587 1702 1615 καὶ
1723 1587 1810 1626 μέχρι
1836 1587 1918 1624 βάθους

1105 1631 1218 1667 ἀπείρου
1233 1631 1389 1666 αἴῶνος,ο’ὺ
1419 1633 1503 1669 περας
1522 1633 1579 1660 οῖον
1604 1632 1722 1669 ἀπειρία.
1753 1632 1805 1660 Καὶ
1831 1631 1860 1659 τὸ
1884 1629 1918 1657 αὖ·

1104 1676 1151 1704 τὸν
1167 1676 1240 1708 ὅλως
1266 1677 1332 1704 εἶναι
1357 1677 1473 1713 μόνιμον
1501 1676 1591 1711 τέλος,
1613 1677 1658 1704 καὶ
1688 1678 1725 1713 μὴ
1752 1675 1827 1715 ἔχειν
1850 1674 1916 1702 κατά-

1105 1732 1202 1749 παυσιν
1218 1722 1256 1752 ὡς
1277 1720 1368 1759 ἕτερόν
1393 1722 1544 1760 τι,πὲφυκε
1571 1720 1763 1758 τελειούμενον
1794 1719 1915 1758 δευτερεύ-

1107 1776 1143 1794 ειν
1176 1766 1232 1802 μετ’
1249 1765 1338 1800 αὐτὸν,
1353 1766 1459 1793 αἰώνων
1489 1763 1553 1793 ὅντα
1579 1765 1675 1800 αίῶνα,
1705 1766 1736 1794 οὗ
1762 1765 1845 1804 πέρας
1871 1762 1916 1791 οὐδ’

1106 1809 1136 1837 ἂν
1153 1809 1329 1845 ἐπινοήσηταί
1343 1820 1396 1844 τις,
1413 1810 1457 1837 καὶ
1479 1809 1560 1840 τέλος
1585 1810 1692 1838 αἰώνων
1719 1813 1775 1838 τῶν
1803 1809 1854 1845 πρὸ
1878 1807 1915 1835 αὖ·

1105 1856 1164 1888 τοῦ,
1192 1854 1393 1882 ἀκατάπαυστον
1422 1853 1465 1882 δι·
1496 1854 1567 1882 οὕτω
1594 1857 1762 1893 περατοῦντα
1790 1854 1851 1884 τοὺς
1876 1852 1915 1880 ἂλ-

1107 1898 1184 1933 λους,
1201 1899 1264 1926 ὡσεὶ
1287 1899 1331 1926 καὶ
1356 1900 1471 1938 σφραγὶς
1495 1899 1575 1931 αὐτὸς
1599 1899 1711 1931 ἐκείνοις
1731 1899 1860 1927 ἐπέκειτο.
1875 1896 1913 1924 Καὶ

1108 1941 1163 1971 ἔστι
1187 1945 1268 1970 τοῦτο
1292 1944 1395 1981 πρέπον
1421 1946 1461 1980 τῷ
1485 1946 1554 1980 Θεῷ,
1577 1945 1609 1971 τὸ
1635 1945 1717 1981 χάριν
1741 1942 1847 1980 δηλαδὴ
1869 1940 1915 1969 ἀντὶ

1108 1988 1220 2026 χάριτος
1238 1987 1311 2023 ἀξίαν
1337 1987 1484 2016 ἀποδοῦναι
1512 1991 1552 2025 τῷ
1577 1988 1657 2016 αὐτὸν
1674 1988 1763 2026 ὀρθῶς
1786 1987 1837 2018 ἓως
1863 1986 1915 2013 δλον

1108 2033 1288 2070 ἀγαπήσαντι,
1304 2033 1348 2060 καὶ
1369 2032 1469 2064 αἶ’ῶνος
1496 2032 1648 2060 ἀντιδοῦναι
1679 2033 1765 2060 αἰῶνα
1791 2034 1837 2060 τοῦ
1861 2029 1915 2057 κατά

1108 2077 1223 2114 κόσμον,
1240 2076 1266 2104 ὶν
1292 2077 1315 2113 ᾦ
1336 2076 1477 2104 ἐκοπίασεν
1501 2078 1515 2104 ὁ
1539 2078 1622 2105 αὐτοῦ
1646 2078 1782 2115 θεράπων,
1797 2077 1840 2104 τὸν
1861 2074 1915 2109 ὗπὶρ

1108 2121 1142 2149 τὰ
1169 2124 1217 2150 τοῦ
1241 2121 1346 2158 κόσμου
1368 2123 1417 2149 τοῦ
1440 2122 1623 2160 ἀνθρωπίνου,
1646 2122 1692 2149 τὸν
1723 2122 1828 2156 ἑαυτοῦ,
1851 2119 1914 2154 νόμῳ

1110 2165 1213 2206 φιλίας,
1229 2166 1259 2197 ὃς
1273 2168 1350 2194 κοινὰ
1363 2166 1397 2194 τὰ
1411 2168 1464 2194 τῶν
1481 2165 1567 2205 φίλων
1582 2166 1696 2198 τίθεται.

263 2316 307 2343 11.
328 2314 394 2342 Jam
420 2312 442 2338 si
470 2311 524 2337 hoc
549 2309 591 2337 sic
607 2317 638 2336 se
660 2308 747 2336 habet
772 2309 862 2345 (quod
888 2307 1051 2336 addubitari

1148 2309 1190 2337 ια’,
1210 2308 1242 2336 Εἰ
1259 2307 1292 2343 δή
1307 2310 1381 2341 τοῦθ’
1397 2308 1483 2340 οὕτως
1507 2306 1566 2346 ἔχει
1586 2307 1655 2347 (ἔχει
1681 2307 1710 2337 δὲ
1740 2309 1790 2337 οὐκ
1815 2305 1912 2340 ἄλλως),

228 2369 286 2388 non
316 2357 432 2394 potest).
450 2357 662 2390 consequenter
691 2361 725 2381 ex
753 2353 887 2389 opposito
915 2354 1055 2381 demons-

228 2403 356 2432 trabitur
369 2401 515 2429 hominem
542 2399 591 2434 qui
608 2407 664 2426 non
691 2398 835 2426 laboravit
860 2398 889 2425 in
915 2398 1053 2425 saeculum

229 2454 323 2482 neque
350 2445 444 2473 vivere
471 2444 498 2470 in
530 2444 617 2470 linem
647 2445 741 2470 sancti
770 2442 875 2476 instar,
892 2443 942 2469 sed
964 2442 1054 2469 vitam

228 2492 323 2528 ipsius
349 2497 466 2526 prorsus
489 2489 634 2516 diversam
660 2487 761 2522 illique
786 2486 962 2514 contrariam
983 2487 1053 2514 fore.

227 2536 255 2564 Si
271 2536 349 2564 enim
375 2534 424 2562 ille
446 2535 586 2561 internum
615 2532 684 2559 vivit
708 2531 738 2558 in
754 2531 839 2558 bouis
862 2531 898 2558 ob
923 2531 1052 2558 animam

225 2579 436 2612 immortalem,
453 2578 500 2606 hic
513 2586 529 2605 e
544 2580 656 2609 contra,
674 2578 808 2611 peccator
827 2575 979 2608 nimirum,
996 2575 1053 2603 alio

225 2626 312 2655 modo
327 2625 403 2652 vivet
426 2624 454 2651 in
480 2631 538 2650 non
564 2620 701 2655 bonis,in
727 2623 867 2646 aeternum
895 2622 991 2647 tamen
1016 2620 1052 2648 ob

225 2671 355 2700 animam
368 2668 527 2697 identidem
540 2666 626 2694 morti
639 2673 695 2692 non
704 2672 736 2691 su
743 2663 931 2698 bjectam.Est
943 2668 1050 2698 autem,

225 2725 261 2744 ne
277 2716 382 2751 longus
398 2714 466 2745 sim,
483 2719 588 2740 sensus
606 2711 663 2736 fere
678 2708 726 2735 hic
742 2717 749 2735 :
765 2707 869 2736 Justus
895 2717 946 2745 per
960 2711 1051 2737 tolam

225 2761 317 2789 vitam
330 2759 360 2786 in
372 2759 428 2787 hoc
439 2756 549 2785 mundo
562 2754 738 2782 transactam
751 2751 902 2789 laboravit,
912 2762 980 2790 ergo
992 2753 1051 2782 illic

226 2805 304 2833 vivet
318 2804 455 2832 felicitate
470 2809 536 2829 eum
555 2802 611 2826 Deo
627 2798 726 2826 fruens
748 2800 874 2831 interna;
890 2798 938 2826 ille
952 2801 1050 2827 autem

231 2849 280 2887 qui
296 2858 353 2878 non
369 2849 471 2877 eodem
487 2845 574 2874 modo
590 2844 678 2872 vitam
705 2851 859 2880 moresque
874 2845 1049 2882 composuit,

1111 2352 1224 2390 ιῦλογόν
1253 2353 1334 2386 ἐστιν,
1361 2353 1398 2384 ὡς
1429 2353 1453 2389 ἐξ
1483 2353 1604 2381 ἐναντίου
1636 2354 1722 2381 τόπου
1749 2353 1912 2391 ἐπιχειρῆσιυι

1109 2397 1154 2424 τὸν
1174 2398 1212 2434 μὴ
1228 2400 1366 2424 κοπιῶντα
1379 2397 1417 2429 εἷς
1430 2398 1475 2425 τὸν
1492 2398 1578 2425 αἰῶνα
1600 2397 1670 2434 μηδὲ
1698 2400 1745 2435 ζῇν
1776 2398 1814 2429 εἰς
1839 2394 1911 2427 τέλος»

1109 2442 1140 2468 τὸ
1154 2442 1222 2469 κατᾶ
1235 2442 1281 2468 τὸν
1307 2442 1382 2479 ἅγιον
1409 2441 1562 2480 ἄνθρωπον,
1579 2441 1652 2470 ἀλλὰ
1676 2442 1808 2471 ἀνάπαλιν
1835 2440 1911 2472 ἐκείνῳ

1108 2486 1141 2512 τὰ
1156 2485 1195 2516 εἴς
1209 2487 1345 2520 ποιότητα
1362 2488 1443 2521 ζωῆς.
1461 2486 1492 2514 El
1507 2487 1558 2524 γὰρ
1570 2486 1672 2518 ἐκεῖνος
1702 2489 1734 2524 ζῇ
1764 2486 1871 2514 αἰωνίωε
1891 2481 1910 2509 έν

1108 2529 1205 2561 καλοῖς
1221 2529 1266 2557 διὰ
1279 2531 1328 2564 τήν
1344 2531 1437 2568 ψυχὴν
1452 2531 1583 2563 ἀθάνατον
1597 2531 1688 2566 οὖσαν,
1708 2532 1722 2559 ό
1745 2531 1840 2561 λοιπὸς
1864 2526 1911 2564 ἄρα.

1108 2576 1122 2603 6
1137 2574 1300 2613 ἁμαρτωλὸς
1317 2574 1436 2610 δηλαδὴ,
1450 2577 1557 2612 ξήσεται
1572 2575 1666 2607 ἄλλως
1687 2577 1735 2612 μὲν
1766 2575 1792 2603 ἐν
1821 2574 1848 2602 οὐ
1873 2580 1911 2599 κα·

1108 2619 1180 2653 λοῖς,
1196 2619 1313 2652 αἰωνίως
1326 2618 1354 2647 δὶ
1369 2620 1456 2656 ὅμως,
1472 2619 1516 2647 διὰ
1530 2621 1579 2654 τὴν
1599 2621 1682 2656 αὐτὴν
1707 2621 1799 2659 ψυχὴν
1826 2616 1911 2649 θανάτῳ

1109 2665 1146 2702 μὴ
1187 2664 1408 2693 ὑποπίπτουσαν.
1441 2664 1491 2693 Καὶ
1519 2662 1590 2692 ἔστιν
1630 2666 1647 2699 ἠ
1682 2666 1795 2700 τοιαύτη
1830 2661 1909 2692 ἔννοιαν

1107 2709 1245 2746 ἐπιτόμως
1275 2709 1367 2747 φάναι,
1394 2709 1507 2744 τοιαύτη
1536 2719 1589 2740 τις·
1615 2709 1742 2737 ἐκοπίασε
1769 2710 1818 2744 τήν
1843 2702 1909 2734 αὖτοῦ

1106 2753 1174 2789 ὅλην
1192 2755 1263 2789 ζωὴν
1281 2755 1295 2782 6
1311 2753 1417 2785 δίκαιος
1432 2754 1458 2781 ἐν
1474 2753 1543 2789 τῷδε
1563 2756 1603 2790 τῷ
1625 2754 1733 2790 κόσμῳ,
1750 2755 1853 2789 ζήσεται
1875 2746 1910 2776 οὖν

1107 2799 1161 2828 ὶκιῖ
1177 2799 1245 2827 κατὰ
1262 2799 1325 2827 Θεὸν
1350 2799 1558 2830 ἀπολαυστικῶς
1580 2798 1618 2830 εἷς
1647 2798 1769 2826 αἰώνιον·
1793 2799 1807 2826 ὁ
1829 2796 1854 2825 δὲ
1878 2791 1907 2830 μὴ

1105 2844 1163 2872 κατ’
1180 2843 1258 2872 αὐτὸν
1277 2843 1352 2881 βιοὺς
1370 2845 1476 2880 ζήσεται
1495 2844 1543 2881 μὶν
1562 2843 1680 2880 πάντως,
1705 2842 1799 2876 ἄλλως
1825 2840 1908 2881 μέντοιι
