2021 3176
142 211 202 241 529

841 211 880 242 ΙΝ
905 212 1011 242 PSAL.
1035 211 1166 242 XLVIII.

1791 211 1850 242 530

139 276 240 307 πόνους
255 275 384 312 δηλονότι
400 275 484 315 ἔχων,
500 276 545 304 καὶ
561 275 730 314 ὀδυνώμενος
757 277 837 308 αὐτὸς
862 277 960 315 βαρέως

1022 278 1098 306 vivet
1113 279 1240 314 quidem,
1257 279 1307 307 sed
1334 287 1456 315 prorsus
1480 278 1573 314 aliter,
1589 277 1740 306 laboribus
1758 277 1849 306 nimi-

141 321 181 353 οἷς
207 331 237 348 τε
265 320 409 356 κολάζεται
438 321 483 349 καὶ
518 322 560 353 οἱς
591 320 686 359 βλέπει
715 322 760 350 τὸν
791 320 894 350 δίκαιον
927 323 964 358 μὴ

142 368 375 404 συγκοινωνοῦντα
391 369 463 401 ζωῆς
494 369 597 404 μακρᾶς
624 367 669 394 τὸν
686 365 782 403 ὅμοιον
799 367 874 403 αὐτῷ
901 367 965 405 τρό-

141 421 204 444 πον,
220 410 293 438 ἀλλᾶ
306 410 332 438 έν
359 410 472 448 ἀγαθοῖς
495 410 568 446 ὄντα,
595 411 701 442 ὁποίοις
729 411 870 450 χαίρουσιν
889 410 965 449 ἅγγε-

142 455 197 483 λοι·
213 452 387 490 ὁπηνίκα,τὸ
413 466 443 493 γε
473 455 512 488 εἴς
538 455 637 484 ἐκεῖνον
665 457 742 492 ἧκον,
772 456 822 484 οὐκ
843 455 872 483 ἓν
903 454 966 483 οὐδὶ

142 499 232 527 ἐθέλοι
263 500 334 535 ζωὴν
364 499 499 537 ἐπιμήκη,
526 499 600 528 ἀλλὰ
627 501 658 528 τὸ
686 500 859 539 θνητόψυχον
874 499 965 528 ἕλοιτο

142 544 172 572 ἂν
189 543 232 572 ἐπὶ
248 544 395 582 ἀπαλλαγῇ
417 544 598 580 αἰωνιζούσης
627 549 734 580 ποινῆςν
763 545 831 573 ὥστε
856 544 967 578 δικαίως

139 588 218 625 καὶὴ
248 588 398 620 ἀπόλαυσις
413 589 457 617 καὶ
483 590 501 624 ὴ
530 589 654 625 κόλασις,
683 590 745 628 περί
774 590 810 617 ὧν
838 590 852 618 6
882 589 966 628 λόγος

139 632 211 672 ἐίρτι.
242 633 348 661 αῒώνιοι
378 631 494 661 ἔσονται·
525 634 569 662 καὶ
583 634 653 666 καθὰ
671 635 684 662 6
709 637 759 669 τῆς
774 634 871 672 ἀρετῆς
892 644 965 672 χρη-

143 677 255 714 ματίσας
270 677 296 705 ἐν
325 677 377 715 βίῳ
404 678 549 717 τρόφιμος,
564 679 683 714 ὁπηνίκα
711 679 725 706 6
753 678 856 715 κόσμος
886 678 964 716 ἔσχεν

141 721 231 751 αὐτὸν.
271 722 312 750 ἀεὶ
351 721 423 750 ἔσται
450 725 498 750 τοῦ
537 723 728 761 ὀπιρκοσμίως
763 723 820 751 ἐκεῖ
851 726 965 762 τρυφᾷν,

142 766 213 794 οὕτω
240 767 285 794 καὶ
301 766 493 805 ὁάπότροφος,
523 768 566 799 οἷς
595 767 645 796 οὐκ
659 767 756 806 ἐχρῆν,
784 768 899 795 πάντοτε
919 778 966 795 κα-

139 811 195 842 κῶς
224 810 279 839 ἐκεῖ
304 811 430 849 πάσχων,
456 811 506 839 οὐκ
535 811 581 847 ἃν,
611 813 700 849 οἶμαι,
730 810 792 840 οὐδὲ
822 811 964 851 ὀφθαλμὸν

141 855 282 894 έπιρῥίψαι
297 855 427 894 τολμήσῃ
443 859 483 893 τῷ
513 857 610 894 χωρίῳ
639 858 687 892 τῆς
702 860 817 896 τρυφῆς.
846 858 888 894 Τῇ
913 857 964 895 γὰρ

139 901 201 932 καθ’
217 899 281 928 ὅλον
296 901 342 928 τὸν
359 901 472 933 ἐνταυθα
488 901 574 928 αἰῶνα
598 902 642 929 καὶ
656 902 673 936 ἡ
689 901 743 929 ἐκεῖ
758 899 892 932 ἀντίδοσις
908 900 964 936 ἐξο-

143 944 300 981 μοιώσεται·
316 945 412 972 αἷωνία
427 944 456 973 δὶ
470 946 488 980 ἡ
504 945 637 980 ἐνταυθοῖ,
668 947 719 984 ἄρα
748 945 795 973 οὗν
810 945 906 973 αἰωνία
920 945 965 973 καὶ
982 964 1005 996 Β

141 990 158 1023 ἡ
176 989 242 1017 ἐκεῖ.

178 1042 223 1079 ιβ’.
253 1042 307 1070 Καὶ
339 1041 410 1070 ἔστιν
436 1043 454 1078 ἡ
483 1042 617 1081 ἀνάλογον
646 1042 758 1081 εὐλογία
785 1044 835 1078 τῆς
861 1043 965 1075 ἐννοίας

142 1087 265 1122 τοιαύτη·
295 1087 309 1114 6
334 1087 372 1119 εἷς
402 1087 486 1115 αἰῶνα
515 1087 646 1119 κοπιάσας
675 1087 713 1120 εἷς
735 1087 820 1115 αἰῶνα
846 1088 964 1124 ζήσεται,

137 1129 185 1158 ’ίνα
213 1131 295 1158 κόποι
324 1131 433 1168 αἰῶνος,
465 1132 494 1159 ὃν
522 1132 646 1164 ένταοθοῖ
675 1129 757 1170 ὥρισε
785 1131 922 1170 προγνοὺς
951 1133 966 1159 6

140 1176 205 1207 Θεὸς
233 1179 273 1212 τῷ
301 1176 394 1214 ἀγαθῷ
422 1177 558 1214 ἀνθρώπῳ
574 1199 582 1213 ,
620 1177 698 1205 αἰῶνι
733 1178 964 1216 παρατεθήσονται

137 1219 300 1252 ἀντιδόσεως
311 1224 362 1256 τῆς
377 1223 424 1249 τοῦ
440 1221 523 1249 αὐτοῦ
539 1222 682 1258 ἀνθρώπου
713 1225 796 1257 ζωῆς·
826 1223 870 1249 καὶ
901 1222 964 1250 ἀνά-

137 1264 220 1292 παλιν
247 1264 399 1303 ἀναγκαίως
429 1266 442 1292 6
479 1265 732 1304 ἐῤῥᾳστωνεομένος
771 1265 798 1293 ἐν
839 1265 897 1302 ὅλῳ
925 1269 965 1303 τῷ

140 1308 219 1336 αἰῶνι
246 1308 336 1345 τούτῳ
365 1308 507 1346 ἅνθρωπος
533 1309 572 1341 εἰς
599 1310 645 1338 τὸν
671 1310 726 1338 ἐκεῖ
738 1310 824 1338 αἰῶνα
854 1311 963 1346 ζήσεται

140 1353 199 1389 μὲν,
229 1353 281 1381 οὐκ
295 1352 326 1380 ἂν
341 1353 370 1381 δὲ
384 1354 453 1382 καθὰ
467 1355 481 1381 ὁ
506 1352 619 1389 δίκαιος,
636 1353 709 1382 ἀλλὰ
733 1355 771 1386 ὡς
794 1356 840 1382 οἶα
868 1355 962 1391 νεκρὸς

138 1397 237 1429 αἴῶνος
266 1397 371 1426 ἐκείνοκ
400 1397 602 1436 λογισθήσεται.
642 1398 695 1427 Καί
735 1409 777 1430 τις
815 1399 857 1427 ἐπ’
889 1399 963 1436 αὐτῷ

138 1440 211 1470 εἷ’ποι
238 1441 281 1477 ἂν,
310 1443 348 1475 ὡς
360 1442 445 1470 καλὸν
462 1444 506 1478 ἦν,
524 1443 546 1470 εἰ
569 1444 607 1480 μὴ
624 1444 661 1474 ὡς
676 1443 802 1481 ἐγεννήθη
820 1444 834 1471 ὁ
856 1443 962 1482 ἅνθρω-

137 1497 188 1518 πος
218 1486 319 1518 ἐκεῖνος
348 1487 386 1518 εἱς
413 1487 460 1515 τὸν
484 1487 598 1524 κόσμον·
625 1489 773 1526 προσθήσει
803 1486 842 1522 δὶ,
870 1488 964 1516 ἀναλε-

138 1531 251 1567 ξάμινος
278 1530 308 1560 ἐκ
330 1534 379 1560 τοῦ
394 1531 547 1570 ἁγιωτάτου
574 1532 756 1570 Εὖαγγελίου,
787 1532 831 1559 ἐπὶ
859 1533 960 1571 ἀμφοῖν

136 1575 243 1603 τούτοιν
265 1577 429 1614 ἀνθρώπων,
453 1579 493 1613 τῷ
512 1587 541 1604 τι
565 1575 599 1604 δι’
615 1576 714 1608 αἶ’ῶνος
730 1576 889 1604 κοπιάσαντι
915 1577 959 1604 καὶ

139 1619 178 1652 εἲς
214 1620 294 1652 τέλος
332 1621 374 1649 ἐπ’
404 1621 514 1659 ἀγαθοῖς
544 1622 664 1657 ζήσοντι,
694 1621 739 1649 καὶ
767 1624 806 1657 τῷ
834 1620 960 1659 ἑτεροίως

137 1663 367 1702 διεκπεσουμένῳ,
390 1665 431 1694 ὅτι
448 1665 558 1696 δικαίως
584 1667 597 1693 6
616 1666 662 1703 μὲν
684 1665 728 1693 ἐπὶ
755 1665 836 1703 ὀλίγα
856 1666 890 1693 τὰ
917 1665 960 1693 ἐν-

135 1710 219 1737 ταῦθα
245 1711 340 1742 πιστὸς
368 1709 604 1738 πολλαπλασιάσει
641 1710 668 1742 ές
700 1710 817 1748 ἄῤῥητον
851 1711 901 1745 τὴν
931 1710 957 1738 ἐν

135 1753 232 1786 καλοῖς
257 1754 342 1782 ἐκεῖσε
370 1754 542 1789 κατάστασιν,
566 1755 580 1782 6
595 1753 624 1782 δὲ
643 1755 686 1782 ἐπὶ
716 1754 796 1793 ὀλίγα
811 1754 899 1782 ἐκεῖνα
927 1755 960 1782 τὰ

137 1797 164 1826 ἐν
186 1800 226 1835 τῷ
257 1798 308 1836 βίῳ
336 1799 573 1837 πονηρεοσάμενος
606 1798 650 1827 ἐπὶ
681 1798 789 1830 οὐδενὸς
828 1799 960 1834 καταστή-

136 1853 220 1871 σεται.

171 1899 214 1934 ιγ,
229 1896 287 1925 Ἵνα
302 1894 330 1924 δὶ
356 1897 409 1924 ἀπὸ
439 1898 540 1935 ἀγαθῆς
567 1897 677 1933 ταύτης,
707 1897 738 1925 οὐ
767 1895 958 1935 παρεκϐάσεως

135 1939 242 1977 εἷ’ποιμι
257 1940 296 1977 ἂν,
313 1940 427 1972 ἀλλ’ὡς
449 1942 507 1968 οἷον
537 1941 602 1970 ὁδοῦ
628 1945 743 1979 σχιστῆς
769 1941 812 1969 ἐπὶ
841 1941 958 1979 ἐναρέτῳ

135 1983 273 2022 διατριϐῇ,
317 1985 344 2016 ἐς
381 1986 413 2013 τὸ
454 1986 661 2024 προτεθειμένον
702 1985 958 2023 ἐπανακάμψωμεν,

135 2029 227 2058 δοτέον
240 2031 314 2067 ἡμᾶς
329 2029 397 2058 αὐτὰ
411 2028 457 2058 διὰ
469 2033 554 2058 ταῦτα
572 2031 617 2058 καὶ
642 2030 746 2066 πόνοις,
775 2031 819 2058 καὶ
834 2067 836 2069 _
850 2031 958 2068 μοχθη-

132 2075 204 2109 τέον,
233 2075 270 2105 ὡς
299 2074 440 2112 ἐπιπρέπει
477 2075 630 2112 ἀνθρώποις
657 2075 726 2111 (ἐπεὶ
756 2075 838 2104 οὐκ...
868 2073 957 2106 ἄνεσις

169 2119 176 2129 \
430 2118 436 2128 Ῐ
645 2119 651 2129 Ι
756 2118 767 2128 Ν

133 2129 177 2146 και
206 2118 379 2155 ἀνάπτωσις,
409 2117 472 2146 ουδὲ
504 2129 546 2150 τις
572 2118 709 2151 καθευδων
738 2129 798 2146 ουτε
827 2119 956 2156 τρόπαιον

133 2163 262 2202 ἐγείρει...
317 2163 466 2202 ἐνεργῶν...
519 2163 642 2202 εἰρηνικὰ
685 2162 956 2200 διοικονομούμενος,

133 2208 231 2246 ἀγαθὸν
260 2210 412 2246 κατορθοῖ),
439 2208 484 2236 καὶ
512 2208 656 2236 κοπιατὲον
686 2208 742 2246 οὐχ
765 2207 872 2242 ἀπλῶς,
889 2208 958 2236 ὥστε

133 2253 237 2290 ἀποζῆν
267 2254 403 2291 βιωτικῶς
430 2255 520 2290 (τοῦτο
562 2254 612 2291 γὰρ
646 2252 756 2284 ἄκοντες
792 2254 955 2290 ποιήσομεν,

132 2297 180 2326 κᾶν
212 2298 249 2335 μὴ
281 2297 461 2336 βουλομένοις
486 2300 554 2335 ἡμῖν
586 2297 639 2333 εἴη,
662 2298 707 2325 καὶ
737 2298 955 2337 φερεπονήσομεν

132 2342 251 2378 πάντως,
275 2342 322 2370 Ἕνα
349 2344 386 2380 μὴ
402 2343 447 2371 καὶ
476 2345 545 2380 ἡμῖν
561 2342 682 2383 ἔμφορος
708 2344 722 2370 ὁ
746 2342 828 2379 λιμὸς
846 2342 954 2381 γένηται

134 2387 240 2424 ἀεργοῖς
271 2386 430 2425 μένουσιν),
459 2388 522 2416 ἀλλ’
547 2388 584 2420 ὡς
610 2388 655 2416 καὶ
676 2390 716 2424 τῷ
739 2387 797 2424 Θεῷ
821 2387 953 2426 ἀρέσκειν,

133 2431 177 2458 καὶ
206 2430 301 2458 αὐτίκα
335 2432 507 2470 εὐλογεῖσθαι
541 2433 586 2461 καὶ
621 2434 695 2470 ἡμᾶς
724 2433 802 2462 καὶ...
829 2433 863 2460 τὰ
889 2430 955 2471 ἔργα

132 2476 226 2512 ἡμῶν,
256 2475 299 2502 καὶ
323 2475 407 2504 κόπον
431 2479 526 2505 τοῦτον
548 2477 591 2505 ἐπὶ
615 2472 785 2515 εὐαρεστήσει
809 2479 876 2506 Θεοῦ
904 2477 955 2505 πό-

132 2531 189 2551 νοις
227 2520 293 2548 εἶναι
337 2521 470 2558 συνέριθον
516 2522 666 2558 βιωτικοῖς,
704 2522 873 2559 ἁρμόττοντα
908 2521 955 2550 ἕνα

133 2564 231 2592 ἐκεῖνον
247 2564 293 2592 καὶ
324 2563 436 2602 μονιιδῆ
451 2568 509 2596 τοῖς
526 2565 612 2602 ὅλοις,
630 2567 666 2593 ὢν
684 2566 733 2594 οὐκ
747 2565 803 2594 ἔστι
832 2566 876 2594 διὰ
893 2567 954 2605 βίου

133 2611 206 2647 ἡμᾶς
237 2608 465 2637 ἀπαλλάττεσθαι.
495 2609 544 2637 Καὶ
580 2609 676 2646 μηδεὶς
702 2613 755 2638 τῶν
794 2611 820 2639 έν
857 2612 954 2648 κόσμῳ

133 2653 228 2690 ὄντων,
243 2654 288 2682 καὶ
313 2654 418 2693 γυναικὶ
446 2654 493 2682 καὶ
521 2654 685 2692 πραγμάτων
712 2653 824 2693 τύρϐαις
853 2654 953 2693 ἐμϐλέ-

133 2701 202 2734 πῶν,
218 2699 346 2738 ἀδελφοῖς
358 2702 418 2731 τοῖς
433 2697 483 2736 ἔξω
497 2699 653 2736 γενομένοις
678 2699 784 2737 κόσμου
806 2700 850 2728 καὶ
882 2701 953 2738 βίου,

134 2743 234 2780 λεγέτω
265 2745 302 2781 μή
332 2743 494 2783 ἐνευκαιρεῖν
524 2743 603 2775 αὐτὸς
632 2744 729 2777 κόποις
744 2748 802 2776 τοῖς
833 2744 876 2772 διὰ
907 2746 953 2773 τὸν

134 2788 208 2816 Θεόν.
225 2787 376 2816 Ἀλώσεται
391 2790 442 2828 γὰρ
467 2789 481 2816 6
508 2791 632 2820 τοιοῦτος
658 2789 778 2826 ἀμαθοῦς
808 2789 954 2828 λογισμοῦ,

134 2831 179 2860 καὶ
207 2833 246 2870 μὴ
274 2834 458 2873 προσέχοντος
487 2834 528 2864 οἷς
557 2831 685 2871 λέγομεν.
711 2834 815 2866 Ἀνεσις
839 2835 889 2874 γὰρ
914 2834 954 2874 ἐφ’

135 2877 212 2914 ὑμῶν
235 2877 397 2916 κολάζομεν,
435 2878 484 2908 οὐκ
512 2876 632 2907 ἐπίτασιν
661 2877 838 2917 ὶπιτάσσομεν
857 2889 863 2896 ·
891 2879 956 2908 ἀνά-

1021 332 1086 350 rum
1101 323 1264 359 implicitus
1280 326 1308 352 et
1323 323 1450 360 graviter
1465 323 1566 351 dolens
1591 325 1737 359 quatenus
1753 321 1846 358 poenis

1022 367 1177 403 subjicitur
1192 371 1220 396 et
1234 369 1312 396 videt
1333 369 1449 404 justum
1467 376 1524 395 non
1551 367 1683 403 ejusdem
1699 375 1765 395 cum
1782 367 1845 402 ipso

1021 412 1084 439 vitas
1108 412 1200 449 longas
1227 413 1408 449 participem,
1433 413 1482 441 sed
1511 412 1540 440 in
1570 412 1656 440 bonis
1680 413 1844 440 versantem

1022 457 1128 493 quibus
1139 458 1233 494 angeli
1245 458 1431 494 gaudent,ita
1439 460 1482 491 ut,
1494 460 1637 493 quantum
1649 465 1737 492 penes
1746 457 1845 492 ipsum

1021 502 1160 536 est,'bolit
1174 503 1233 531 vita
1248 503 1334 537 longa
1343 502 1409 538 frui,
1422 503 1472 531 sed
1488 505 1602 531 aeternae
1613 510 1702 538 paenae
1712 501 1846 537 praeferat

1021 546 1125 574 animai
1151 550 1286 576 mortem.
1313 547 1383 576 Jure
1405 547 1564 582 meritoque
1588 546 1678 582 igitur
1693 544 1846 574 retributio

1021 593 1049 618 et
1063 599 1158 626 paena,
1171 592 1206 620 de
1216 592 1324 628 quibus
1335 592 1420 620 modo
1429 600 1526 620 sermo
1541 591 1607 624 fuit,
1619 593 1732 619 aeterna
1741 591 1844 623 erunt;

1021 637 1049 663 et
1063 637 1314 671 quemadmodum
1331 636 1379 664 ille
1395 636 1454 672 qui,
1465 636 1596 672 quandiu
1612 635 1642 663 in
1659 635 1769 663 mundo
1781 633 1847 668 fuit,

1021 680 1119 708 virtuti
1133 689 1252 716 operam
1269 681 1394 715 navavit,
1404 681 1463 708 illic
1474 683 1582 708 aeterna
1595 679 1733 708 felicitate
1745 687 1847 715 super-

1021 725 1171 753 mundana
1186 726 1311 760 fruetur,
1327 726 1369 754 ita
1383 725 1409 754 is
1424 725 1486 761 qui,
1502 726 1580 762 quod
1596 733 1653 753 non
1670 724 1779 757 debuit,
1792 723 1848 751 vir-

1020 769 1092 797 tutis
1109 770 1241 798 studium
1253 770 1390 807 neglexit,
1400 770 1459 798 illic
1474 771 1503 797 in
1513 773 1653 798 aeternum
1669 768 1769 796 infelix
1780 768 1846 801 erit,

1020 815 1093 842 adeo
1118 816 1159 846 ut,
1184 823 1198 843 e
1223 823 1288 843 mea
1313 815 1431 851 quidem
1457 814 1611 849 sententia,
1632 814 1667 841 ad
1693 814 1845 841 beatorum

1021 859 1120 886 sedem
1136 867 1172 886 ne
1195 859 1313 887 oculum
1338 859 1457 894 quidem
1478 858 1610 886 attollere
1633 857 1749 885 audeat.
1772 856 1844 883 Vitas

1020 903 1099 930 enim
1116 911 1204 939 quam
1219 911 1270 940 per
1283 905 1379 931 totum
1395 903 1442 931 hic
1458 902 1598 931 saeculum
1614 902 1716 938 gessit,
1727 900 1786 928 illic
1798 909 1844 928 re-

1020 947 1141 976 tributio
1165 948 1368 984 adaequabitur
1383 956 1389 976 :
1407 948 1463 975 fuit
1485 950 1584 975 autem
1609 947 1654 975 hic
1679 954 1736 974 n0n
1753 946 1845 973 inter-

1022 993 1118 1027 rupta,
1134 1000 1201 1028 ergo
1217 992 1277 1020 illic
1292 1000 1408 1028 quoque
1425 992 1453 1020 in
1469 995 1611 1020 aeternum
1627 990 1753 1019 durabit.

1059 1045 1102 1072 12.
1119 1045 1169 1073 Est
1184 1048 1280 1073 autem
1296 1053 1402 1073 sensus
1423 1045 1504 1073 illius
1519 1045 1590 1072 dicti
1605 1044 1653 1072 hic
1669 1053 1675 1072 :
1693 1043 1747 1076 Qui
1763 1043 1846 1071 labo-

1022 1090 1097 1117 ravit
1119 1089 1147 1117 in
1172 1089 1311 1117 sarculum
1334 1090 1410 1117 vivet
1432 1090 1461 1117 in
1487 1088 1638 1124 saeculum,
1655 1088 1704 1116 ubi
1731 1087 1846 1115 labores

1020 1134 1120 1162 saeculi
1146 1134 1223 1170 quod
1249 1136 1324 1162 Deus
1347 1134 1510 1170 praevidens
1526 1134 1601 1162 bono
1624 1133 1736 1161 homini
1753 1132 1846 1160 desti-

1021 1178 1110 1212 navit,
1136 1178 1242 1206 seeculo
1267 1178 1470 1207 retributionis
1494 1179 1535 1206 ita
1558 1177 1786 1214 adaptabunlur,
1812 1179 1845 1204 ut

1019 1223 1152 1258 ejusdem
1178 1223 1307 1251 hominis
1329 1224 1393 1251 vita:
1418 1223 1633 1259 respondeant;
1660 1230 1675 1250 θ
1697 1221 1843 1249 contrario

1020 1270 1118 1295 autem
1134 1267 1182 1295 ille
1207 1268 1257 1303 qui
1272 1267 1301 1295 in
1329 1269 1389 1295 toto
1403 1267 1458 1295 hoc
1480 1266 1586 1295 saeculo
1610 1266 1762 1302 negligens
1777 1265 1842 1299 fuit,

1019 1312 1185 1340 necessario
1201 1312 1230 1340 in
1247 1311 1297 1340 illo
1316 1320 1433 1348 quoque
1447 1312 1522 1340 vivet
1536 1311 1652 1346 sreculo,
1669 1319 1725 1339 non
1743 1313 1842 1338 tamen

1018 1357 1119 1384 eodem
1147 1357 1231 1384 modo
1255 1364 1313 1392 quo
1336 1358 1446 1392 justus.
1464 1357 1514 1384 sed
1538 1358 1679 1392 tanquam
1707 1358 1842 1383 mortuus

1017 1400 1098 1429 illius
1113 1401 1211 1428 smouli
1225 1401 1418 1437 reputabitur.
1431 1401 1524 1433 Quare
1539 1401 1573 1428 de
1588 1408 1622 1428 eo
1637 1400 1742 1428 dixerit
1757 1399 1841 1435 quis-

1018 1445 1120 1481 piam:
1147 1446 1239 1477 Quam
1266 1446 1338 1474 bene
1362 1445 1492 1480 haberet,
1518 1445 1542 1473 si
1567 1445 1654 1473 homo
1679 1444 1728 1472 ille
1751 1444 1841 1480 hujus

1018 1491 1121 1517 mundi
1148 1489 1242 1517 lucem
1273 1498 1330 1517 non
1359 1489 1578 1525 conspexisset!
1609 1491 1646 1523 et,
1677 1489 1841 1517 secundum

1017 1534 1197 1562 sanctissimi
1215 1534 1360 1569 Evangelii
1379 1535 1511 1569 effatum,
1528 1534 1563 1561 de
1579 1534 1694 1561 duobus
1709 1533 1774 1561 istis
1789 1533 1842 1561 bo-

1017 1578 1157 1613 minibus,
1174 1587 1298 1614 quorum
1316 1579 1389 1606 alter
1401 1579 1438 1614 gin
1456 1578 1595 1606 szeculum
1611 1578 1753 1606 laboravit
1768 1579 1796 1605 et
1810 1577 1841 1604 in

1017 1623 1104 1650 tinem
1120 1623 1263 1650 bonorum
1275 1624 1456 1651 abundantia
1466 1623 1641 1659 perfruetur,
1653 1621 1726 1650 alter
1741 1623 1840 1650 autem

1017 1675 1032 1695 e
1056 1668 1201 1695 contrario
1226 1676 1243 1695 a
1267 1675 1354 1703 scopo
1379 1667 1532 1701 aberravit,
1550 1667 1671 1703 insuper
1694 1666 1840 1694 addiderit

1015 1712 1091 1747 quod
1104 1713 1171 1747 jure
1193 1712 1356 1748 meritoque
1379 1713 1428 1748 qui
1445 1712 1492 1739 hic
1513 1720 1600 1748 super
1625 1712 1726 1747 paucis
1742 1710 1839 1739 fidelis

1015 1757 1080 1789 fuit,
1097 1757 1126 1784 in
1150 1756 1240 1784 altera
1254 1757 1312 1784 vita
1336 1757 1479 1784 bonorum
1495 1756 1586 1792 [copia
1609 1756 1727 1784 infinita
1741 1755 1838 1784 abun-

1014 1801 1106 1835 dabit,
1123 1801 1173 1838 qui
1189 1805 1285 1829 autem
1313 1801 1341 1828 in
1358 1802 1412 1829 hac
1428 1802 1486 1829 vita
1511 1809 1604 1837 pauca
1618 1800 1669 1829 illa
1692 1800 1771 1829 mala
1785 1808 1837 1828 ne-

1014 1845 1112 1882 glexit,
1129 1854 1219 1882 super
1233 1845 1325 1874 nihilo
1338 1843 1543 1874 constituetur.

1050 1900 1092 1927 13.
1110 1899 1146 1927 Ut
1160 1902 1257 1928 autem
1271 1900 1306 1927 ab
1322 1900 1376 1928 hac
1391 1900 1534 1933 utili,non
1549 1900 1642 1928 dicam
1654 1898 1836 1935 excursione,

1013 1945 1064 1972 sed
1087 1944 1168 1972 velut
1187 1945 1327 1980 bipertita
1343 1944 1386 1972 via
1410 1945 1445 1972 ad
1462 1946 1616 1972 honestam
1640 1943 1839 1972 conversatio-

1014 1997 1080 2016 nem
1097 1989 1230 2023 ducente,
1248 1989 1283 2016 ad
1300 1998 1421 2025 scopum
1447 1990 1629 2025 propositum
1647 1991 1836 2024 revertamur,

1013 2033 1042 2060 in
1069 2033 1184 2061 labores
1207 2034 1282 2061 hanc
1306 2034 1399 2069 ipsam
1425 2034 1460 2061 ob
1476 2042 1597 2061 causam
1622 2033 1793 2061 incumbere
1808 2033 1837 2060 et

1013 2077 1144 2105 studiose
1167 2079 1343 2106 contendere
1364 2078 1515 2113 debemus,
1533 2078 1573 2105 uti
1598 2077 1732 2105 homines
1748 2076 1836 2104 adde.

1013 2124 1058 2149 cet
1072 2121 1229 2156 (siquidem
1257 2131 1348 2150 non...
1375 2122 1500 2158 languor
1523 2124 1552 2149 et
1575 2121 1723 2156 relaxatio,
1741 2127 1836 2156 neque

1013 2165 1159 2200 quispiam
1185 2166 1335 2193 dormiens
1362 2168 1503 2202 tropaeum
1529 2165 1647 2201 erigit...
1675 2172 1835 2201 operans...

1013 2209 1133 2245 paciﬁca
1148 2209 1371 2244 administrans,
1383 2211 1493 2237 bonum
1511 2210 1644 2246 perﬁcit),
1656 2217 1750 2245 neque
1765 2209 1835 2237 sim-

1012 2253 1126 2290 pliciter
1141 2254 1302 2282 allaborare
1318 2257 1349 2282 ut
1373 2255 1435 2282 vitae
1458 2255 1657 2282 sustentandae
1673 2253 1834 2290 prospicia-

1012 2307 1079 2327 mns
1094 2299 1159 2335 (hoc
1184 2299 1262 2326 enim
1288 2303 1316 2327 et
1331 2300 1413 2327 inviti
1437 2308 1470 2327 ac
1484 2300 1568 2335 quasi
1594 2299 1724 2327 nolentes
1746 2298 1834 2326 facie-

970 2335 993 2368 Ῐ)
1009 2352 1086 2377 mus,
1101 2346 1188 2380 atque
1203 2344 1322 2372 omnino
1334 2353 1452 2380 operam
1464 2345 1601 2372 dabimus
1613 2353 1658 2380 ne,
1672 2344 1697 2372 si
1712 2343 1833 2379 ignavias

1011 2397 1064 2416 nos
1080 2389 1257 2422 dederimus,
1276 2390 1352 2417 fame
1367 2390 1543 2426 pereamus),
1556 2390 1606 2417 sed
1622 2391 1654 2416 ut
1674 2389 1760 2417 etiam
1776 2390 1832 2416 Deo

1010 2433 1189 2469 placeamus,
1207 2438 1237 2461 ut
1264 2434 1472 2462 benedicamur
1488 2436 1516 2462 et
1531 2443 1584 2462 nos
1598 2436 1661 2462 et...
1677 2442 1765 2470 opera
1779 2441 1832 2461 no-

1010 2481 1079 2511 stra,
1096 2481 1126 2506 et
1142 2481 1173 2506 ut
1189 2479 1269 2506 labor
1283 2479 1331 2506 ille
1348 2482 1403 2506 Deo
1413 2482 1513 2514 gratus
1523 2487 1569 2506 res
1580 2479 1616 2507 ad
1632 2479 1721 2506 vitam
1733 2486 1834 2507 neces-

1010 2523 1102 2550 sarias
1118 2523 1202 2550 nobis
1228 2527 1371 2559 procuret,
1397 2526 1498 2559 utpote
1523 2523 1572 2559 qui
1587 2523 1668 2551 solus
1693 2525 1780 2560 aptus
1795 2522 1834 2551 sit

1011 2570 1038 2596 et
1053 2569 1290 2597 accommodatus
1316 2569 1452 2597 omnibus
1478 2569 1584 2605 quibus
1606 2569 1636 2596 in
1660 2569 1721 2597 vita
1735 2576 1832 2597 carere

1010 2622 1067 2641 non
1095 2622 1263 2649 possumus.
1292 2614 1390 2649 Neque
1415 2614 1572 2650 quisquam
1599 2623 1700 2642 eorum
1725 2614 1775 2650 qui
1802 2614 1832 2641 in

1009 2659 1120 2685 mundo
1132 2660 1201 2685 sunt
1212 2661 1240 2686 et
1253 2659 1350 2686 uxoris
1363 2667 1518 2694 rerumque
1533 2659 1717 2686 terrestrium
1731 2665 1832 2686 curam

1009 2705 1123 2739 gerunt,
1143 2703 1282 2730 fratribus
1307 2705 1387 2730 extra
1410 2703 1499 2731 vitam
1524 2704 1704 2731 mundanam
1729 2702 1833 2738 positis

1009 2747 1096 2780 dicat,
1114 2755 1178 2774 sese
1201 2747 1350 2775 laboribus
1374 2747 1479 2776 divinisl
1504 2756 1621 2784 operam
1644 2755 1750 2775 navare
1773 2754 1833 2775 non

1010 2800 1105 2828 posse.
1122 2791 1201 2819 Talis
1226 2792 1304 2820 enim
1327 2795 1356 2820 et
1378 2792 1521 2829 insipiens
1537 2801 1601 2821 esse
1623 2794 1652 2820 et
1667 2792 1703 2820 ad
1719 2800 1753 2820 ea
1768 2799 1832 2828 qua

1009 2844 1064 2864 nos
1080 2836 1217 2872 dicimus,
1231 2837 1362 2865 animum
1379 2837 1457 2865 haud
1474 2838 1623 2865 advertere
1633 2837 1832 2866 convincatur.

1009 2881 1228 2910 Relaxationem
1245 2881 1321 2910 enim
1332 2881 1362 2909 in
1377 2881 1460 2910 vobis
1476 2882 1627 2918 punimus,
1638 2891 1696 2911 non
1712 2884 1832 2911 conten-
