2021 3176
207 205 263 234 531

596 204 809 236 EUSTATHII
831 204 1096 236 THESSALONIC
1102 205 1213 236 ENSlS
1236 205 1529 236 METROPOLITE

1863 205 1926 234 532

209 271 317 300 tionem
334 271 538 308 postulamus;
555 271 726 309 languorem
738 274 882 306 vetamus,
899 281 956 301 non
968 281 1035 301 con-

1102 282 1191 300 ττωσιν
1222 271 1381 309 κωλύομεν,
1409 272 1440 299 οὗ
1463 272 1494 299 τὸ
1517 270 1726 308 ἀκατάκαμπτον
1757 270 1925 309 βιαζόμεθα·

208 316 322 344 tinuam
346 316 539 345 intentionem
564 317 764 353 imperamus;
790 317 953 345 effeminate
968 318 1034 346 dor-

209 360 349 388 mientem
373 361 634 398 expergefacimus,
653 371 710 390 non
736 362 964 398 requiescentem
982 363 1035 398 eji-

210 405 314 434 cimus.
332 407 514 442 Quapropter
528 406 615 434 sinite
639 407 800 435 monachos
816 407 919 435 luctari
935 409 964 435 et
979 407 1036 434 for-

211 449 277 478 titer
292 453 404 479 certare
422 460 428 479 :
444 459 495 479 vos
511 454 609 479 autem
636 452 769 488 remisse,
785 454 872 489 prout
895 451 1036 489 poteritis,

209 495 310 523 virtuti
327 504 359 523 ac
375 496 514 532 probitati
530 497 657 524 studete.

247 541 291 568 14.
308 541 416 576 Sponte
440 540 481 568 illi
502 541 609 578 jugum
635 541 760 576 Domini,
776 542 924 569 interdum
941 549 1038 578 grave,

211 584 241 612 in
257 593 288 613 se
303 588 454 621 receptum
473 585 579 613 tollunt
593 594 600 614 :
619 586 754 614 similiter
768 595 818 614 vos
839 595 955 623 quoque
971 595 1040 622 por.

210 631 270 658 tate
293 629 366 658 illud
392 630 483 666 quod,
499 631 541 658 uti
566 631 702 659 Servatur
726 633 824 659 noster
848 632 897 667 ait,
920 631 981 659 leve
996 632 1042 659 est

212 682 246 702 ac
261 674 399 703 salutare.
418 677 461 703 Ita
477 678 506 703 et
517 684 569 703 vos
586 675 652 712 ipsi,
668 675 786 704 illorum
799 676 902 711 instar,
919 684 1042 712 propor-

212 719 361 748 tionaliter
386 722 496 756 tamen,
521 720 745 748 benedicemini.
771 721 990 757 Exspectantes,
1011 723 1043 749 ut

213 772 280 792 cum
309 765 418 793 Davide
450 765 565 801 loquar,
593 768 764 802 exspectant
799 766 840 793 illi
871 766 1040 799 Dominum,

213 811 355 845 tanquam
379 809 522 837 columnae
547 810 676 838 immotae
701 811 765 846 ejus
788 811 941 847 praeceptis
965 810 1042 838 inni-

215 855 310 882 tentes
337 863 343 882 :
367 854 453 882 facite
479 855 556 882 idem
580 859 608 882 et
630 863 690 887 vosI
714 858 855 891 tanquam
882 855 1044 883 columellae

217 898 320 934 ﬁrmae,
336 901 364 926 et
380 899 456 926 sicut
472 899 542 934 illis,
553 899 636 927 vobis
652 908 766 936 quoque
777 901 872 928 aderit
887 900 1041 928 Dominus.

219 943 366 994 laborant
378 943 421 971 illi
434 944 471 994 ad
486 945 622 973 sudorem
634 953 737 994 usque,
747 945 1001 994 humectati_velut
1013 945 1042 972 in
1062 962 1084 994 Β

221 987 336 1022 balneo,
352 990 440 1024 atque
465 988 603 1026 lacrymis
627 989 735 1018 cubilia
750 999 804 1018 sua
824 990 1021 1018 madefaciunt
1037 998 1044 1017 :

219 1033 302 1060 vobis
318 1035 416 1061 autem
442 1034 550 1070 quibus
576 1042 635 1062 non
652 1034 741 1062 iidem
769 1035 891 1063 sudores
905 1034 1046 1063 divinitus

220 1078 351 1105 concessi
374 1080 443 1106 sunt
467 1078 527 1114 (Dei
557 1079 635 1106 enim
665 1080 742 1107 dona
770 1087 836 1108 esse
865 1079 976 1108 scimus
995 1079 1045 1107 illa

219 1122 408 1150 scaturientia
429 1125 458 1151 et
473 1131 523 1158 per
549 1124 805 1160 compunctionem
830 1123 934 1160 pluvia:
952 1124 1046 1152 instar

220 1166 407 1202 delabentis),
430 1176 482 1203 pro
511 1169 618 1196 sudore
647 1169 781 1203 salutari,
809 1169 936 1197 sufﬁciet
964 1177 1043 1204 aqua!

218 1211 319 1239 hilaris
339 1211 478 1248 poculum
495 1212 626 1241 infusum
643 1213 672 1240 in
688 1222 721 1241 os
737 1214 874 1250 pauperis
895 1214 929 1241 ad
952 1213 1043 1241 animi

218 1256 439 1284 recreationem.
466 1257 495 1285 Si
512 1266 578 1286 vero
605 1258 692 1286 etiam
709 1258 767 1285 vini
791 1257 901 1294 aliquid
918 1258 1044 1286 addatur

219 1301 255 1328 ad
272 1309 321 1329 cor
335 1300 415 1329 illius
440 1301 571 1330 hominis
595 1302 815 1338 testiﬁcandum,
832 1305 912 1338 tunc,
930 1303 969 1330 mi
986 1303 1043 1330 fra-

219 1349 272 1381 ter,
295 1346 372 1374 haud
389 1347 517 1383 amplius
537 1356 612 1384 opus
637 1347 758 1376 habebis
776 1348 816 1376 ita
839 1348 874 1376 ad
891 1355 1042 1376 summum

218 1390 336 1418 virtutis
367 1391 483 1420 culmen
518 1393 649 1428 aspirare
679 1395 711 1420 ut
736 1401 802 1420 cum
833 1393 940 1421 sudore
967 1401 1042 1421 ores.

220 1435 309 1464 Dulce
324 1436 403 1464 enim
419 1436 491 1464 illud
516 1437 705 1474 eleemosynas
729 1437 866 1474 poculum
882 1438 1045 1474 imputatur

220 1480 273 1508 tibi
290 1489 341 1516 pro
357 1489 457 1509 amaro
473 1482 591 1516 sudore,
607 1484 636 1510 et
651 1482 690 1510 ita
713 1485 800 1518 potus
816 1491 901 1518 quem
917 1482 1043 1510 liberali-

221 1527 265 1552 ter
279 1525 435 1560 miscuisti,
456 1529 592 1554 accurate
615 1527 818 1563 compensabit
842 1528 990 1560 sudorem,
1016 1529 1045 1555 et

222 1569 422 1598 misericordia
442 1579 499 1606 qua
522 1571 640 1599 fratrem
666 1579 791 1608 egenum
815 1571 1046 1605 humectasti,et

221 1614 323 1642 oculus
347 1614 428 1642 mitis
453 1615 482 1642 in
499 1615 581 1643 illum
613 1616 772 1652 respiciens
796 1619 824 1644 et
852 1616 1045 1644 humanitatis

219 1658 351 1687 laetitiam
374 1660 550 1695 exprimens,
572 1660 768 1696 lacrymarum
785 1662 842 1689 vim
859 1669 891 1689 ac
907 1661 1044 1689 virtutem

221 1703 329 1732 habere
345 1703 540 1740 reputabitur.

256 1749 297 1776 15.
315 1748 345 1776 Si
361 1750 458 1776 autem
475 1750 578 1784 praeter
590 1749 668 1777 hunc
678 1750 786 1778 fontem
800 1749 947 1778 ocularem
958 1750 1046 1778 etiam

218 1792 269 1820 ille
295 1792 425 1826 inferior,
442 1801 474 1820 os
498 1793 575 1827 dico,
596 1801 696 1822 vocem
725 1793 950 1822 consolatoriam
973 1795 1046 1822 emi-

220 1837 302 1871 serit,
321 1839 350 1864 et
365 1837 454 1865 simul
471 1845 537 1865 cum
553 1847 620 1866 voce
636 1839 803 1875 proruperit
817 1839 955 1875 lacryma,
972 1847 1046 1875 quea,

221 1884 321 1917 utpote
336 1890 353 1908 θ.
367 1889 455 1910 manu
473 1882 550 1910 haud
568 1883 711 1917 abstersa,
725 1885 754 1911 in
770 1884 868 1912 sinum
885 1884 1047 1920 descendit,

220 1927 249 1953 et
265 1925 331 1953 hinc
346 1934 461 1962 quoque
478 1927 576 1955 fratris
599 1927 828 1956 consolationem
844 1929 961 1964 promit,
977 1931 1047 1956 tunc

221 1969 314 1997 virtus
331 1970 478 2006 ejusmodi
504 1972 634 2000 hominis
656 1972 752 2000 tribus
778 1972 921 2001 bonorum
938 1972 1048 2008 generi-

220 2013 277 2041 bus
292 2015 449 2051 conspicua
465 2024 498 2043 ac
525 2015 674 2044 laudanda
688 2019 743 2052 est,
770 2016 911 2045 nimirum
927 2019 1047 2053 aspectu

219 2058 289 2093 leni,
315 2059 459 2096 colloquio
488 2064 652 2095 mansueto,
677 2061 790 2090 actione
814 2062 954 2090 beneﬁca.
981 2062 1048 2094 Qua

222 2103 277 2132 tria
297 2104 346 2132 ubi
371 2105 550 2142 possederis,
576 2106 674 2134 nescio
702 2107 737 2134 de
762 2107 869 2142 quibus
891 2106 1049 2134 sudoribus

195 2181 198 2185 ,
220 2156 253 2176 ac
273 2148 411 2186 lacrymis
427 2149 545 2186 gloriari
571 2151 686 2187 possint
711 2151 806 2178 adhuc
832 2151 881 2188 qui
899 2151 1049 2188 perpetuis

221 2193 357 2230 precibus
367 2195 543 2223 incumbunt
552 2198 580 2223 et
596 2196 762 2231 frequenter
773 2204 836 2224 sese
848 2198 1048 2232 prosternunt,

220 2239 292 2266 adeo
317 2241 349 2267 ut
373 2239 461 2267 etiam
487 2242 516 2267 te
539 2240 576 2268 ad
602 2249 698 2276 genus
713 2241 857 2269 ﬂectenda
882 2249 1048 2277 permovere

222 2283 320 2318 velint,
337 2285 369 2311 ut
391 2284 465 2319 ipsis
485 2292 520 2312 ex
544 2287 627 2320 parte
651 2285 758 2313 similis
775 2286 837 2313 ﬁas.
855 2288 888 2313 Et
903 2285 974 2321 quid
1000 2285 1049 2312 ille

1090 316 1173 344 ὕπνου
1200 318 1248 344 τοῦ
1278 317 1315 347 ὡς
1343 317 1381 347 εἰς
1411 315 1562 352 θηλύτατον
1592 316 1780 353 ἒξεγείρομει,
1813 315 1845 343 οὐ
1877 316 1925 342 τὸν

1090 361 1275 398 ἀναπαύσιμον
1314 361 1504 398 ἐξελαύνομιν.
1542 361 1646 389 Οὐκοῦν
1670 360 1751 398 ἄφετε
1779 359 1846 391 τοὺς
1876 371 1927 397 μο-

1090 406 1191 444 ναχοὺς
1221 405 1394 444 ἀγωνίζεσθαι
1435 405 1528 436 ἄλλως
1551 405 1596 433 καὶ
1625 404 1766 436 συντονίας
1795 404 1923 442 ἔχεσθαι·

1093 452 1170 488 ὑμεῖς
1187 450 1215 478 δὲ
1236 450 1398 488 ὑφειμένως,
1426 451 1463 482 ὡς
1493 450 1620 489 ἐγχωρεῖ.
1646 450 1870 489 μεταχειρίζεσθε
1894 450 1926 477 τὸ

1093 495 1225 534 ἑναρέτως
1250 495 1360 533 ἀγαθόν.

1131 539 1176 570 ιδ“.
1206 539 1334 578 Αἵρουσιν
1362 539 1512 568 ἐθελούσιοι
1541 539 1639 567 ἐκεῖνοι
1668 540 1714 567 τὸν
1743 542 1793 567 τοῦ
1823 539 1928 576 Κυρίου

1097 585 1186 623 ζυγὸν,
1225 584 1295 613 ἔστιν
1337 584 1368 612 οὗ
1407 585 1501 623 βαρὺν,
1539 585 1633 616 αὐτοῖς
1665 584 1849 621 ἐπικείμενον
1884 583 1929 611 επὶ

1097 630 1187 667 ὁμοίῳ
1202 629 1294 668 φόρτῳ
1311 631 1392 667 ἄρατε
1407 629 1485 667 ὑμεῖς
1500 629 1557 666 τὸν,
1573 630 1610 660 ὡς
1623 628 1703 660 αὐτὸς
1732 629 1839 660 ἐκεῖνος
1864 628 1930 667 Ep},

1097 674 1214 714 ἐλαφρὸν
1227 675 1273 702 καὶ
1297 674 1428 713 χρηστόν·
1452 674 1497 702 καὶ
1520 674 1592 702 οὕτω
1616 674 1674 702 κατ’
1704 673 1836 711 ἐκείνους,
1862 674 1930 701 ἀνα-

1097 719 1181 758 λόγος
1198 720 1301 757 μέντοι,
1326 718 1546 757 εὖλογηθήσεσθι
1568 719 1612 747 καὶ
1640 719 1718 747 αὐτοί
1759 718 1931 755 Ὑπομὲνου-

1098 776 1138 792 σιν
1158 764 1338 801 ὑπομένοντες
1367 766 1517 795 Δαυῖτικῶς
1543 764 1642 792 ἐκεῖνοι
1656 764 1703 792 τὸν
1731 764 1846 801 Κύριον,
1879 763 1931 790 ὅσα

1097 809 1142 837 καὶ
1157 809 1243 841 κίονες
1260 806 1400 847 ἀστραϐεἷς
1428 808 1608 848 ὑφιστηκότες
1621 811 1681 840 τοῖς
1708 808 1814 836 ἑκεῖνου
1840 818 1930 846 προσ-

1097 853 1226 892 τάγμασι·
1256 857 1360 882 ποιεῖτε
1386 854 1468 881 ταυτὸ
1496 853 1542 881 καὶ
1574 854 1662 890 ὑμεῖς,
1687 853 1770 880 ὁποῖα
1783 851 1930 880 στυλίσιοι

1098 899 1248 937 πραθεροί.
1270 899 1322 927 Καὶ
1348 898 1473 937 προσέξει
1493 899 1538 926 καὶ
1568 898 1631 935 ὑμῖν
1648 897 1760 933 ἐκεῖνος,
1790 898 1862 925 καθὰ
1884 898 1928 924 καὶ

1098 944 1203 975 αὐτοῖς.
1222 945 1370 971 Πονοῦνται
1385 943 1462 970 αὐτοὶ
1479 941 1545 981 ἄχρι
1558 942 1602 970 καὶ
1626 942 1664 974 εἰς
1690 941 1808 980 ἱδρῶτας
1833 942 1931 979 ὑγραὶ-

1100 999 1188 1019 νοντες
1204 989 1241 1020 ὡς
1257 988 1282 1015 ἐν
1297 987 1426 1024 λούματι,
1451 987 1495 1015 καὶ
1527 987 1671 1025 βρέχουσιν
1690 986 1715 1014 ἐν
1739 985 1856 1024 δάκρυσι
1885 987 1932 1016 τὰς

1101 1033 1187 1061 αὐτῶν
1217 1033 1371 1070 στρωμνάς·
1400 1031 1463 1059 ἀλλ’
1502 1032 1577 1068 ὑμῶν
1618 1031 1721 1067 ἑκάστῳ
1747 1032 1787 1068 μὴ
1821 1030 1932 1068 ἑνόαψι-

1100 1076 1244 1114 λευομὲνῳ
1268 1078 1358 1109 θεόθεν
1387 1076 1454 1114 ὑγρᾶ
1478 1074 1544 1108 ἴσως
1565 1078 1677 1104 τοιαῦτα
1697 1077 1776 1113 (Θεοῦ
1801 1075 1854 1114 γὰρ
1879 1086 1931 1102 πα-

1100 1122 1267 1161 ρειλήφαμεν
1298 1121 1365 1149 εἶναι
1391 1120 1465 1159 δῶρα
1489 1121 1534 1148 καὶ
1572 1123 1656 1148 ταῦτα
1689 1118 1859 1155 ἐκϐλύζοντα
1885 1120 1929 1148 καὶ

1098 1164 1322 1205 καταϐρεχόμενα
1351 1165 1395 1193 διὰ
1427 1165 1602 1202 κατανύξεως)
1642 1165 1746 1203 ἀρκέσει
1781 1165 1841 1192 ἀντὶ
1878 1166 1924 1202 μὲν

1099 1211 1236 1247 σωτηρίου
1254 1209 1368 1249 ἱδρῶτος
1398 1209 1494 1243 ὕδατος
1519 1209 1616 1248 ἱλαροῦ
1640 1210 1745 1245 κοτύλη
1770 1210 1921 1248 ἐγχεομὲνη

1099 1254 1132 1283 δι’
1150 1256 1225 1292 ὑμῶν
1243 1255 1281 1288 εἰς
1296 1254 1437 1293 πτωχικὸν
1465 1253 1553 1291 στόμα
1568 1254 1611 1282 ἐπὶ
1639 1254 1765 1291 ἀναψύξει
1793 1256 1850 1281 τῶν
1879 1253 1919 1282 ἐν-

1097 1300 1152 1332 τός.
1169 1299 1200 1328 Εἰ
1217 1298 1245 1327 δὲ
1259 1300 1304 1327 καὶ
1334 1298 1408 1326 οἷ’νου
1420 1297 1620 1337 ἐπισταλαχθῇ,
1645 1299 1682 1330 ὡς
1709 1298 1838 1338 εὐφρᾶναι
1854 1308 1920 1335 καρ-

1099 1343 1156 1372 δίαν
1172 1345 1317 1382 ἀνθρώπου
1332 1344 1468 1379 τοιούτου,
1487 1344 1584 1381 μηκέτι
1611 1344 1755 1381 κοπιάσῃς,
1771 1345 1794 1371 ὦ
1810 1342 1920 1381 ἀδελφέ,

1099 1389 1185 1421 οὕτως
1214 1388 1241 1420 ἐς
1271 1388 1363 1427 ἄκρον,
1390 1389 1427 1421 ὡς
1463 1389 1507 1416 καὶ
1537 1387 1679 1426 ἐνιδρῶσαι
1705 1390 1739 1425 τῇ
1767 1390 1919 1427 προσευχῇ.

1100 1433 1300 1472 Ἐλλελόγηται
1330 1434 1382 1472 γὰρ
1405 1444 1448 1461 σοι
1482 1434 1513 1461 τὸ
1540 1437 1590 1468 τῆς
1618 1432 1807 1470 ἐλιημοσύνης
1836 1433 1921 1461 ἐκεῖνο

1100 1478 1179 1516 ὑγρὸν
1220 1479 1251 1506 τὸ
1284 1477 1371 1516 γλυκὺ
1410 1477 1466 1506 ἀντὶ
1496 1477 1658 1517 ὑφαλμύρου
1681 1476 1849 1516 ἶδρώματος·
1877 1477 1921 1505 καὶ

1100 1523 1171 1550 οὕτω
1202 1523 1250 1560 μὲν
1290 1522 1485 1558 ἀντισηκώσιις
1521 1523 1561 1559 τῷ
1590 1521 1685 1560 ἱδρῶτι
1712 1523 1781 1550 κατὰ
1807 1523 1921 1559 σταθμὸν

1100 1565 1198 1605 ἀκριϐῆ
1227 1567 1258 1595 τὸ
1281 1567 1306 1604 ἐξ
1336 1567 1525 1605 ὲλεημοσύνης
1554 1569 1657 1606 κρᾶμα,
1678 1570 1731 1594 τῶν
1758 1566 1788 1595 δὲ
1802 1566 1921 1605 δακρύων

1100 1623 1141 1640 σοι
1157 1614 1206 1648 τὴν
1224 1613 1319 1650 ἀρετὴν
1337 1612 1509 1650 ἐκπληρώσει
1533 1611 1690 1647 ἐξισωθεῖσα
1712 1614 1746 1650 τῇ
1772 1613 1831 1640 κατ’
1861 1612 1923 1639 ἐκεῖ·

1101 1667 1147 1684 νον
1175 1658 1266 1695 βροχῇ
1291 1656 1444 1694 συμπάθεια
1465 1659 1579 1695 πτωχοῦ
1601 1655 1730 1696 ἀδελφοῦ,
1752 1657 1797 1684 καὶ
1815 1656 1923 1694 βλέμμα

1101 1703 1195 1742 ἱλαρὸν
1212 1704 1280 1741 πρὸς
1295 1703 1409 1738 ἐκεῖνον,
1425 1702 1470 1730 καὶ
1485 1702 1511 1739 ἐξ
1527 1701 1589 1738 ἐλεη
1595 1703 1715 1739 μοσύνης
1732 1702 1875 1740 γαλήνιον.

1139 1749 1178 1776 ιε’.
1196 1748 1226 1776 Et
1243 1747 1271 1775 δὶ
1285 1749 1319 1785 τῇ
1344 1747 1444 1784 ὀπτικῇ
1472 1747 1556 1785 ταύτῃ
1578 1749 1655 1785 πηγῆ
1675 1747 1719 1775 καὶ
1743 1748 1762 1782 ἡ
1779 1748 1838 1784 μετ’
1862 1747 1922 1775 αὐτὸ

1102 1792 1258 1829 κατωτέρω,
1296 1793 1314 1827 ἡ
1349 1792 1417 1820 κατὰ
1448 1792 1546 1829 στόμα,
1574 1789 1699 1820 ἐκϐλύσει
1726 1791 1808 1829 λόγον
1836 1793 1922 1830 παρή,

1103 1848 1196 1876 γορον,
1213 1836 1285 1864 δοκῶ
1304 1847 1363 1874 μοι,
1378 1836 1423 1864 καὶ
1439 1835 1554 1875 δάκρυον
1568 1835 1664 1864 αὐτίκα
1675 1838 1714 1872 τῷ
1730 1835 1807 1874 λόγῳ
1835 1847 1924 1864 συνικ-

1104 1881 1265 1920 δραμιῖσθαι
1282 1903 1290 1916 ,
1337 1882 1402 1920 ὅπερ
1450 1882 1556 1919 ἀποψᾷν
1594 1883 1612 1916 ἡ
1651 1880 1724 1916 δεξιὰ
1760 1881 1823 1919 χεὶρ
1863 1882 1925 1918 ἆμε-

1104 1926 1210 1962 λήσασα
1238 1926 1283 1954 καί
1309 1928 1357 1954 τοῦ
1394 1924 1500 1953 κόλπου
1537 1926 1670 1964 γενομένη
1688 1947 1695 1960 ,
1723 1926 1760 1957 ὡς
1787 1925 1833 1953 καὶ
1861 1925 1926 1953 ἐκεῖ·

1105 1977 1147 2003 θεν
1189 1971 1430 2009 παρηγορήσεσθαι
1464 1971 1511 1998 τὸν
1539 1969 1668 2010 ἀδελφὸν,
1711 1970 1926 2005 ἀποκαταστήσει

1103 2016 1134 2044 τὸ
1163 2015 1267 2044 ἐκείνου
1306 2015 1403 2054 ἀγαθὸν
1441 2015 1478 2046 εἷς
1516 2015 1577 2052 τρία
1614 2013 1696 2049 καλὰ,
1736 2015 1768 2042 τὸ
1797 2013 1842 2042 διὰ
1869 2015 1925 2047 θέας

1103 2060 1255 2099 ἐπαγωγοῦ,
1291 2060 1323 2088 τὸ
1361 2058 1405 2087 διὰ
1438 2059 1550 2097 ὁμιλίας
1576 2058 1724 2097 ἐμμελοὺς,
1752 2059 1797 2087 καὶ
1828 2060 1859 2087 τὸ
1885 2059 1927 2087 διὰ

1103 2105 1224 2142 πράξεως
1254 2104 1433 2144 εὐεργετικῆς.
1460 2105 1547 2142 "Amp
1575 2104 1625 2132 οὐκ
1654 2102 1713 2131 οἶδα
1738 2103 1826 2131 ποίων
1849 2102 1927 2142 ἱδρώ-

1103 2161 1157 2178 των
1173 2150 1216 2178 καὶ
1248 2148 1370 2187 δακρύων
1400 2149 1432 2177 οὐ
1459 2149 1714 2187 κατακαυχήσονται
1744 2147 1782 2176 ἔτι
1812 2148 1926 2186 ἐχόμενα

1103 2193 1292 2226 κατακλῶν-τες
1321 2195 1346 2221 οἱ
1374 2197 1424 2229 τῆς
1454 2192 1615 2231 ἐνδελεχοῦς
1643 2196 1802 2231 προσιυχῆς
1830 2192 1927 2230 ἄνθρω-

1103 2249 1161 2273 ποι,
1184 2239 1229 2266 καὶ
1245 2240 1332 2277 συχνά
1361 2238 1523 2276 βάλλοντες,
1551 2238 1593 2266 ὅτι
1608 2239 1653 2266 καὶ
1669 2238 1707 2270 εἷς
1729 2241 1781 2276 γῆν
1805 2237 1925 2272 ὀκλάζειν

1104 2294 1133 2310 σε
1158 2283 1307 2319 πείθουσιν,
1350 2283 1387 2315 ὡς
1419 2283 1631 2322 ὑπο-γιγνώσκειν
1659 2283 1709 2318 τὴν
1737 2283 1804 2321 πρὸς
1833 2281 1928 2313 αὐτοὺς

222 2327 272 2363 qui
297 2336 386 2363 supra
412 2328 567 2356 modum...
592 2329 626 2357 ad
654 2330 864 2357 continentiam
890 2338 1045 2365 provocant

1105 2327 1294 2366 παρεξίσωσιν.
1319 2327 1371 2356 Καὶ
1406 2328 1432 2356 τί
1465 2329 1479 2355 ὁ
1507 2328 1576 2366 πρὸς
1604 2327 1733 2366 ἀμετρίαν
1764 2327 1927 2365 ἐγκρατευτι-

223 2380 291 2399 eum
307 2371 357 2407 qui
374 2381 390 2399 a
406 2372 490 2400 nobis
505 2373 625 2401 edoctus
637 2374 705 2402 est?
720 2375 806 2402 Decet
822 2375 941 2402 omnino
956 2382 1052 2410 genua

224 2416 350 2450 ﬂectere,
367 2425 383 2444 ο
399 2417 487 2444 frater
502 2417 646 2454 religiose,
659 2422 802 2454 quantum
820 2421 902 2455 potes
916 2427 922 2446 :
934 2419 1052 2454 quando

226 2462 323 2488 autem
350 2469 408 2488 non
435 2461 524 2498 vales,
540 2463 610 2490 otl'er
636 2463 694 2491 Deo
720 2471 820 2499 preces
845 2466 912 2491 tuas
928 2467 1051 2498 erectus,

227 2504 304 2532 haud
317 2504 435 2534 ﬂectens
445 2515 530 2542 genu,
541 2508 705 2535 secundum
723 2508 942 2535 sanctissimum
957 2507 1052 2542 illum,

224 2549 259 2577 de
275 2557 333 2585 quo
349 2550 457 2579 dicitur
473 2560 480 2579 :
498 2552 620 2580 Stetitin
636 2551 803 2580 calamitate
814 2551 862 2579 ille
877 2560 978 2580 servus
989 2551 1050 2588 Dei,

225 2596 254 2622 et
269 2595 448 2631 propitiavit,
466 2599 494 2624 et
509 2597 618 2625 malum
637 2596 773 2630 cessavit,
790 2599 819 2624 et
834 2597 869 2624 ad
886 2597 1051 2624 satietatem

224 2648 318 2676 usque
341 2641 495 2677 colligatus
512 2645 539 2668 et
563 2643 714 2668 contortus
739 2641 769 2668 in
785 2641 836 2668 tali
853 2641 969 2669 tristitia
987 2649 1053 2677 per-

223 2685 318 2719 stitit;
344 2688 483 2722 praaterea
508 2685 533 2712 ei
559 2693 665 2713 manus
691 2686 824 2714 Mosaicae
849 2695 906 2714 non
928 2686 957 2713 in
974 2689 1053 2714 terra

224 2729 361 2765 sulfultaa,
378 2730 427 2757 ubi
441 2729 583 2765 propheta
610 2730 746 2765 fatigatus
771 2733 843 2765 erat,
859 2739 912 2767 per
926 2731 1051 2767 ﬁguram

225 2776 471 2809 repraesentat-unt
486 2774 618 2802 futurum
641 2775 738 2803 crucis
754 2775 927 2804 miraculum
949 2777 1051 2804 erectas

227 2817 264 2845 ad
287 2818 392 2846 coelum
416 2820 504 2854 atque
527 2819 570 2847 sic
593 2819 727 2856 precibus
751 2820 894 2848 auxilium
919 2820 1051 2849 divinum

229 2863 422 2892 attrahentes.

1106 2375 1161 2404 κῶς
1177 2372 1399 2409 προκαλούμενος
1415 2373 1460 2400 τὸν
1479 2372 1504 2400 ἐν
1521 2374 1588 2410 ἡμῖν
1612 2371 1807 2409 διδασκόμενον
1821 2381 1829 2406 ;
1855 2375 1925 2399 Γονυ-

1107 2417 1236 2452 κλίτησον
1252 2417 1414 2455 ἀναγκαίως,
1445 2418 1468 2445 ὦ
1489 2418 1557 2445 κατὰ
1583 2418 1647 2445 Θεὸν
1661 2415 1770 2456 ἀδελφὶ,
1803 2416 1842 2448 εἰς
1871 2415 1924 2443 ὅσον

1108 2460 1227 2488 δύνασαι-
1261 2462 1298 2498 μὴ
1328 2461 1459 2500 ἑξισχύων
1489 2461 1517 2490 δὲ
1537 2462 1622 2498 ὅλως,
1636 2461 1779 2499 πρόσευξαι
1807 2463 1849 2498 τῷ
1876 2462 1926 2496 Θεῷ

1107 2506 1281 2540 καθηκόντως
1320 2505 1500 2544 ὀρθοστάδην,
1540 2507 1578 2544 μὴ
1619 2507 1750 2544 κάμπτων
1775 2505 1842 2543 γόνυ
1866 2506 1926 2533 κατὰ

1107 2551 1151 2577 τὸν
1169 2551 1319 2588 ἁγιώτατον
1334 2551 1439 2588 τοῦτον,
1469 2553 1567 2587 "Eu-1n,
1596 2551 1692 2594 φησὶν,
1722 2550 1749 2578 ἐν
1777 2553 1812 2588 τῇ
1826 2550 1926 2589 θραύσει

1108 2595 1121 2622 ὁ
1138 2594 1211 2623 δεὶνα
1227 2597 1349 2634 θεράπων
1367 2599 1445 2629 Θεοῦ,
1461 2597 1506 2624 καὶ
1536 2596 1687 2633 ἐξιλάσατο,
1717 2595 1762 2623 καὶ
1792 2596 1823 2623 τὸ
1852 2595 1925 2623 κακὸν

1108 2639 1252 2676 ἐπαύσατο,
1268 2641 1313 2668 καὶ
1329 2641 1457 2679 ἐκορέσθη
1480 2641 1621 2680 κρινωθεὶς
1650 2640 1762 2675 ἐκεῖνος,
1788 2640 1834 2668 καὶ
1863 2639 1927 2667 οὕτω

1107 2686 1279 2723 σφαιρωθεὶς,
1294 2686 1339 2713 καὶ
1357 2685 1476 2723 συστολῇ
1492 2686 1602 2724 τοιαύτῃ
1617 2686 1761 2724 γνόμενος,
1793 2684 1831 2713 ἔτι
1860 2684 1927 2720 αὗτῷ

1107 2730 1134 2757 αἱ
1151 2731 1275 2759 Μωσαϊκὶ
1293 2733 1384 2769 χεῖρες
1400 2730 1430 2758 οὐ
1445 2731 1513 2769 πρὸς
1538 2733 1572 2768 τῇ
1602 2732 1638 2769 γῇ
1664 2729 1845 2768 ἐρειδόμεναι,
1875 2739 1926 2766 συγ-

1107 2774 1272 2813 χαλωμὲνου
1296 2778 1344 2803 τοῦ
1369 2777 1523 2815 προφήτου,
1549 2775 1677 2814 ἐνήργουν
1705 2773 1841 2806 τυπωδῶς
1856 2775 1887 2801 τὰ
1901 2773 1923 2801 ἐν

1108 2820 1209 2858 ὑστέρῳ
1230 2820 1324 2858 χρόνῳ
1339 2821 1469 2858 σταυρικὰ
1486 2821 1624 2859 τεράστια,
1650 2819 1876 2858 μεταρσιούμενιιι
1890 2818 1925 2849 εἷς

1107 2865 1230 2902 οὐρανὸν,
1246 2865 1291 2892 καὶ
1308 2865 1379 2894 οὕτω
1391 2863 1571 2898 καθέλκουσαι
1587 2864 1623 2893 δι’
1650 2864 1737 2903 εὐχῆς
1763 2860 1813 2899 τὴν
1830 2863 1922 2896 ἰκεῖθεν

1107 2909 1247 2948 βοήθειαν.
