  <div class='ocr_page' id='page_1' title='image "/cluster/home/n/w/nwhite01/storage/ocr_20150623/135/njp.32101077773107/282.png"; bbox 0 0 2021 3176; ppageno 0'>
   <div class='ocr_carea' id='block_1_1' title="bbox 159 203 217 234">
    <p class='ocr_par' dir='ltr' id='par_1_1' title="bbox 159 203 217 234">
     <span class='ocr_line' id='line_1_1' title="bbox 159 203 217 234; baseline 0.034 -2"><span class='ocrx_word' id='word_1_1' title='bbox 159 203 217 234; x_wconf 83' lang='grc'>533</span> 
     </span>
    </p>
   </div>
   <div class='ocr_carea' id='block_1_2' title="bbox 846 200 1179 234">
    <p class='ocr_par' dir='ltr' id='par_1_2' title="bbox 846 200 1179 234">
     <span class='ocr_line' id='line_1_2' title="bbox 846 200 1179 234; baseline -0.003 -2"><span class='ocrx_word' id='word_1_2' title='bbox 846 201 885 232; x_wconf 88' lang='lat' dir='ltr'>IN</span> <span class='ocrx_word' id='word_1_3' title='bbox 907 200 1019 232; x_wconf 85' lang='lat' dir='ltr'>PSAL.</span> <span class='ocrx_word' id='word_1_4' title='bbox 1042 201 1179 234; x_wconf 80' lang='lat' dir='ltr'>XLVIII.</span> 
     </span>
    </p>
   </div>
   <div class='ocr_carea' id='block_1_3' title="bbox 1806 202 1865 233">
    <p class='ocr_par' dir='ltr' id='par_1_3' title="bbox 1806 202 1865 233">
     <span class='ocr_line' id='line_1_3' title="bbox 1806 202 1865 233; baseline 0.034 -2"><span class='ocrx_word' id='word_1_5' title='bbox 1806 202 1865 233; x_wconf 77' lang='grc'>534</span> 
     </span>
    </p>
   </div>
   <div class='ocr_carea' id='block_1_4' title="bbox 197 264 975 305">
    <p class='ocr_par' dir='ltr' id='par_1_4' title="bbox 197 264 975 305">
     <span class='ocr_line' id='line_1_4' title="bbox 197 264 975 305; baseline 0.001 -10"><span class='ocrx_word' id='word_1_6' title='bbox 197 269 235 299; x_wconf 86' lang='grc' dir='ltr'>ις’.</span> <span class='ocrx_word' id='word_1_7' title='bbox 252 268 380 305; x_wconf 84' lang='grc' dir='ltr'>Μίμησαι</span> <span class='ocrx_word' id='word_1_8' title='bbox 405 269 450 296; x_wconf 83' lang='grc' dir='ltr'>καί</span> <span class='ocrx_word' id='word_1_9' title='bbox 476 266 655 300; x_wconf 76' lang='grc' dir='ltr'>διδασκάλους</span> <span class='ocrx_word' id='word_1_10' title='bbox 683 267 805 296; x_wconf 73' lang='grc' dir='ltr'>ἐνταῦθα.</span> <span class='ocrx_word' id='word_1_11' title='bbox 831 267 868 294; x_wconf 87' lang='grc' dir='ltr'>ὧν</span> <span class='ocrx_word' id='word_1_12' title='bbox 891 264 975 296; x_wconf 67' lang='grc' dir='ltr'>οὐδεὶ(</span> 
     </span>
    </p>
   </div>
   <div class='ocr_carea' id='block_1_5' title="bbox 1031 264 1864 305">
    <p class='ocr_par' dir='ltr' id='par_1_5' title="bbox 1073 268 1864 304">
     <span class='ocr_line' id='line_1_5' title="bbox 1073 268 1864 304; baseline 0.001 -8"><span class='ocrx_word' id='word_1_13' title='bbox 1073 268 1116 296; x_wconf 86' lang='grc'>16.</span> <span class='ocrx_word' id='word_1_14' title='bbox 1135 268 1253 296; x_wconf 79' lang='lat' dir='ltr'>Imitare</span> <span class='ocrx_word' id='word_1_15' title='bbox 1268 268 1316 296; x_wconf 88' lang='lat' dir='ltr'>hic</span> <span class='ocrx_word' id='word_1_16' title='bbox 1340 268 1429 296; x_wconf 85' lang='lat' dir='ltr'>etiam</span> <span class='ocrx_word' id='word_1_17' title='bbox 1457 268 1613 304; x_wconf 82' lang='lat' dir='ltr'>magistros</span> <span class='ocrx_word' id='word_1_18' title='bbox 1629 276 1755 304; x_wconf 88' lang='lat' dir='ltr'>quorum</span> <span class='ocrx_word' id='word_1_19' title='bbox 1778 277 1864 297; x_wconf 89' lang='lat' dir='ltr'>nemo</span> 
     </span>
    </p>
   </div>
   <div class='ocr_carea' id='block_1_6' title="bbox 161 309 980 351">
    <p class='ocr_par' dir='ltr' id='par_1_6' title="bbox 161 309 980 351">
     <span class='ocr_line' id='line_1_6' title="bbox 161 309 980 351; baseline -0.002 -11"><span class='ocrx_word' id='word_1_20' title='bbox 161 312 205 340; x_wconf 83' lang='grc' dir='ltr'>ἐπὶ</span> <span class='ocrx_word' id='word_1_21' title='bbox 241 323 374 350; x_wconf 85' lang='grc' dir='ltr'>πρσωπου</span> <span class='ocrx_word' id='word_1_22' title='bbox 403 312 657 351; x_wconf 59' lang='grc' dir='ltr'>Μταρῥηγνύμενος</span> <span class='ocrx_word' id='word_1_23' title='bbox 700 311 802 351; x_wconf 75' lang='grc' dir='ltr'>ὠφελεῖ</span> <span class='ocrx_word' id='word_1_24' title='bbox 847 309 980 338; x_wconf 79' lang='grc' dir='ltr'>διδάσκων</span> 
     </span>
    </p>
   </div>
   <div class='ocr_carea' id='block_1_7' title="bbox 155 355 981 393">
    <p class='ocr_par' dir='ltr' id='par_1_7' title="bbox 155 355 981 393">
     <span class='ocr_line' id='line_1_7' title="bbox 155 355 981 393; baseline -0.002 -9"><span class='ocrx_word' id='word_1_25' title='bbox 155 356 221 388; x_wconf 76' lang='grc' dir='ltr'>τοὺς</span> <span class='ocrx_word' id='word_1_26' title='bbox 247 357 440 393; x_wconf 65' lang='grc' dir='ltr'>μανθάνοντας.</span> <span class='ocrx_word' id='word_1_27' title='bbox 466 357 632 393; x_wconf 82' lang='grc' dir='ltr'>Ἐνθύμησαι</span> <span class='ocrx_word' id='word_1_28' title='bbox 655 357 700 384; x_wconf 77' lang='grc' dir='ltr'>καὶ</span> <span class='ocrx_word' id='word_1_29' title='bbox 723 356 754 384; x_wconf 86' lang='grc' dir='ltr'>τό</span> <span class='ocrx_word' id='word_1_30' title='bbox 785 365 792 372; x_wconf 88' lang='grc'><strong>·</strong></span> <span class='ocrx_word' id='word_1_31' title='bbox 822 367 835 383; x_wconf 80' lang='grc' dir='ltr'>ι</span> <span class='ocrx_word' id='word_1_32' title='bbox 855 355 940 390; x_wconf 82' lang='grc' dir='ltr'>Ἓστη</span> <span class='ocrx_word' id='word_1_33' title='bbox 967 355 981 382; x_wconf 84' lang='grc' dir='ltr'><strong>ὸ</strong></span> 
     </span>
    </p>
   </div>
   <div class='ocr_carea' id='block_1_8' title="bbox 154 399 979 437">
    <p class='ocr_par' dir='ltr' id='par_1_8' title="bbox 154 399 979 437">
     <span class='ocr_line' id='line_1_8' title="bbox 154 399 979 437; baseline -0.002 -9"><span class='ocrx_word' id='word_1_34' title='bbox 154 401 261 436; x_wconf 81' lang='grc' dir='ltr'>Ἰησοῦς</span> <span class='ocrx_word' id='word_1_35' title='bbox 283 400 326 428; x_wconf 81' lang='grc' dir='ltr'>ἐπὶ</span> <span class='ocrx_word' id='word_1_36' title='bbox 355 401 441 429; x_wconf 84' lang='grc' dir='ltr'>τόπου</span> <span class='ocrx_word' id='word_1_37' title='bbox 477 399 597 436; x_wconf 79' lang='grc' dir='ltr'>πεδινοῦ,</span> <span class='ocrx_word' id='word_1_38' title='bbox 637 403 682 429; x_wconf 88' lang='grc' dir='ltr'>καὶ</span> <span class='ocrx_word' id='word_1_39' title='bbox 711 402 819 433; x_wconf 79' lang='grc' dir='ltr'>πλῆθος</span> <span class='ocrx_word' id='word_1_40' title='bbox 849 401 979 437; x_wconf 80' lang='grc' dir='ltr'><strong>μαθητῶν</strong></span> 
     </span>
    </p>
   </div>
   <div class='ocr_carea' id='block_1_9' title="bbox 152 442 975 484">
    <p class='ocr_par' dir='ltr' id='par_1_9' title="bbox 152 442 975 484">
     <span class='ocr_line' id='line_1_9' title="bbox 152 442 975 484; baseline -0.004 -11"><span class='ocrx_word' id='word_1_41' title='bbox 152 445 225 473; x_wconf 81' lang='grc' dir='ltr'>πολὺ</span> <span class='ocrx_word' id='word_1_42' title='bbox 239 445 301 484; x_wconf 81' lang='grc' dir='ltr'>περὶ</span> <span class='ocrx_word' id='word_1_43' title='bbox 317 446 395 474; x_wconf 75' lang='grc' dir='ltr'>αὐτὸν</span> <span class='ocrx_word' id='word_1_44' title='bbox 414 455 420 462; x_wconf 72' lang='grc'><em>’</em></span> <span class='ocrx_word' id='word_1_45' title='bbox 447 458 462 472; x_wconf 74' lang='grc'><strong>)›</strong></span> <span class='ocrx_word' id='word_1_46' title='bbox 486 446 517 474; x_wconf 80' lang='grc' dir='ltr'>οὗ</span> <span class='ocrx_word' id='word_1_47' title='bbox 545 447 597 483; x_wconf 87' lang='grc' dir='ltr'>μὴν</span> <span class='ocrx_word' id='word_1_48' title='bbox 623 448 780 484; x_wconf 81' lang='grc' dir='ltr'>γονυπετῶς</span> <span class='ocrx_word' id='word_1_49' title='bbox 806 444 924 479; x_wconf 66' lang='grc' dir='ltr'>διετέθη.</span> <span class='ocrx_word' id='word_1_50' title='bbox 941 442 975 471; x_wconf 78' lang='grc' dir='ltr'>Εἴ</span> 
     </span>
    </p>
   </div>
   <div class='ocr_carea' id='block_1_10' title="bbox 152 487 978 529">
    <p class='ocr_par' dir='ltr' id='par_1_10' title="bbox 152 487 978 529">
     <span class='ocr_line' id='line_1_10' title="bbox 152 487 978 529; baseline -0.005 -11"><span class='ocrx_word' id='word_1_51' title='bbox 152 489 181 518; x_wconf 75' lang='grc' dir='ltr'>δὶ</span> <span class='ocrx_word' id='word_1_52' title='bbox 195 490 239 518; x_wconf 81' lang='grc' dir='ltr'>καὶ</span> <span class='ocrx_word' id='word_1_53' title='bbox 255 490 349 525; x_wconf 87' lang='grc' dir='ltr'>πολλή</span> <span class='ocrx_word' id='word_1_54' title='bbox 366 492 466 529; x_wconf 81' lang='grc' dir='ltr'>χρῆσις</span> <span class='ocrx_word' id='word_1_55' title='bbox 491 490 612 528; x_wconf 76' lang='grc' dir='ltr'>γονάτων</span> <span class='ocrx_word' id='word_1_56' title='bbox 635 490 762 526; x_wconf 83' lang='grc' dir='ltr'>κλίσεως,</span> <span class='ocrx_word' id='word_1_57' title='bbox 791 490 837 518; x_wconf 80' lang='grc' dir='ltr'>καὶ</span> <span class='ocrx_word' id='word_1_58' title='bbox 854 487 978 527; x_wconf 75' lang='grc' dir='ltr'>ἱδρώτων</span> 
     </span>
    </p>
   </div>
   <div class='ocr_carea' id='block_1_11' title="bbox 153 532 980 574">
    <p class='ocr_par' dir='ltr' id='par_1_11' title="bbox 153 532 980 574">
     <span class='ocr_line' id='line_1_11' title="bbox 153 532 980 574; baseline -0.004 -11"><span class='ocrx_word' id='word_1_59' title='bbox 153 533 316 572; x_wconf 73' lang='grc' dir='ltr'>ἰκϐλύσιως,</span> <span class='ocrx_word' id='word_1_60' title='bbox 340 537 385 563; x_wconf 85' lang='grc' dir='ltr'>καὶ</span> <span class='ocrx_word' id='word_1_61' title='bbox 409 535 497 564; x_wconf 75' lang='grc' dir='ltr'>αὐτῶν</span> <span class='ocrx_word' id='word_1_62' title='bbox 522 537 590 564; x_wconf 70' lang='grc' dir='ltr'>κατὰ</span> <span class='ocrx_word' id='word_1_63' title='bbox 618 533 756 574; x_wconf 77' lang='grc' dir='ltr'>θρόμϐους</span> <span class='ocrx_word' id='word_1_64' title='bbox 788 535 909 572; x_wconf 79' lang='grc' dir='ltr'>αἱμάτων</span> <span class='ocrx_word' id='word_1_65' title='bbox 934 532 980 560; x_wconf 85' lang='grc' dir='ltr'>καὶ</span> 
     </span>
    </p>
   </div>
   <div class='ocr_carea' id='block_1_12' title="bbox 153 579 977 619">
    <p class='ocr_par' dir='ltr' id='par_1_12' title="bbox 153 579 977 619">
     <span class='ocr_line' id='line_1_12' title="bbox 153 579 977 619; baseline -0.001 -11"><span class='ocrx_word' id='word_1_66' title='bbox 153 579 277 619; x_wconf 78' lang='grc' dir='ltr'>δακρύων</span> <span class='ocrx_word' id='word_1_67' title='bbox 307 580 471 619; x_wconf 73' lang='grc' dir='ltr'>καταῤῥοῆς,</span> <span class='ocrx_word' id='word_1_68' title='bbox 496 581 541 609; x_wconf 80' lang='grc' dir='ltr'>καὶ</span> <span class='ocrx_word' id='word_1_69' title='bbox 569 581 657 609; x_wconf 87' lang='grc' dir='ltr'>κόπου</span> <span class='ocrx_word' id='word_1_70' title='bbox 681 580 732 612; x_wconf 77' lang='grc' dir='ltr'>ἔως</span> <span class='ocrx_word' id='word_1_71' title='bbox 756 580 801 608; x_wconf 85' lang='grc' dir='ltr'>καὶ</span> <span class='ocrx_word' id='word_1_72' title='bbox 824 580 863 611; x_wconf 80' lang='grc' dir='ltr'>εἱς</span> <span class='ocrx_word' id='word_1_73' title='bbox 887 579 977 616; x_wconf 81' lang='grc' dir='ltr'>μελῶν</span> 
     </span>
    </p>
   </div>
   <div class='ocr_carea' id='block_1_13' title="bbox 152 623 978 663">
    <p class='ocr_par' dir='ltr' id='par_1_13' title="bbox 152 623 978 663">
     <span class='ocr_line' id='line_1_13' title="bbox 152 623 978 663; baseline -0.002 -10"><span class='ocrx_word' id='word_1_74' title='bbox 152 625 272 663; x_wconf 72' lang='grc' dir='ltr'>πάρεσιν,</span> <span class='ocrx_word' id='word_1_75' title='bbox 300 625 375 653; x_wconf 77' lang='grc' dir='ltr'>ἀλλὰ</span> <span class='ocrx_word' id='word_1_76' title='bbox 400 625 456 663; x_wconf 76' lang='grc' dir='ltr'>ἐγὼ</span> <span class='ocrx_word' id='word_1_77' title='bbox 482 627 528 654; x_wconf 86' lang='grc' dir='ltr'>τὸν</span> <span class='ocrx_word' id='word_1_78' title='bbox 549 626 612 654; x_wconf 84' lang='grc' dir='ltr'>Θεὸν</span> <span class='ocrx_word' id='word_1_79' title='bbox 639 626 683 654; x_wconf 84' lang='grc' dir='ltr'>καὶ</span> <span class='ocrx_word' id='word_1_80' title='bbox 709 624 788 653; x_wconf 62' lang='lat' dir='ltr'>dimov</span> <span class='ocrx_word' id='word_1_81' title='bbox 817 623 906 659; x_wconf 76' lang='grc' dir='ltr'>εἰδὼς,</span> <span class='ocrx_word' id='word_1_82' title='bbox 933 624 978 652; x_wconf 78' lang='grc' dir='ltr'>καὶ</span> 
     </span>
    </p>
   </div>
   <div class='ocr_carea' id='block_1_14' title="bbox 151 669 976 708">
    <p class='ocr_par' dir='ltr' id='par_1_14' title="bbox 151 669 976 708">
     <span class='ocr_line' id='line_1_14' title="bbox 151 669 976 708; baseline -0.004 -10"><span class='ocrx_word' id='word_1_83' title='bbox 151 670 202 704; x_wconf 81' lang='grc' dir='ltr'>τήν</span> <span class='ocrx_word' id='word_1_84' title='bbox 231 670 314 697; x_wconf 75' lang='grc' dir='ltr'>αὐτοῦ</span> <span class='ocrx_word' id='word_1_85' title='bbox 343 669 510 704; x_wconf 76' lang='grc' dir='ltr'>δεσποτείαν,</span> <span class='ocrx_word' id='word_1_86' title='bbox 540 670 581 698; x_wconf 76' lang='grc' dir='ltr'>ὅτι</span> <span class='ocrx_word' id='word_1_87' title='bbox 609 673 660 698; x_wconf 81' lang='grc' dir='ltr'>πᾶν</span> <span class='ocrx_word' id='word_1_88' title='bbox 684 670 783 708; x_wconf 85' lang='grc' dir='ltr'>ἀγαθὸν</span> <span class='ocrx_word' id='word_1_89' title='bbox 808 669 976 706; x_wconf 83' lang='grc' dir='ltr'>ἀνθρώπινον</span> 
     </span>
    </p>
   </div>
   <div class='ocr_carea' id='block_1_15' title="bbox 154 713 979 752">
    <p class='ocr_par' dir='ltr' id='par_1_15' title="bbox 154 713 979 752">
     <span class='ocr_line' id='line_1_15' title="bbox 154 713 979 752; baseline -0.002 -10"><span class='ocrx_word' id='word_1_90' title='bbox 154 713 297 749; x_wconf 79' lang='grc' dir='ltr'>ιίσοδιάζει</span> <span class='ocrx_word' id='word_1_91' title='bbox 325 715 508 752; x_wconf 80' lang='grc' dir='ltr'>κομιζόμενον</span> <span class='ocrx_word' id='word_1_92' title='bbox 541 714 627 752; x_wconf 81' lang='grc' dir='ltr'>αὐτῷ,</span> <span class='ocrx_word' id='word_1_93' title='bbox 665 715 710 742; x_wconf 83' lang='grc' dir='ltr'>καὶ</span> <span class='ocrx_word' id='word_1_94' title='bbox 740 713 815 742; x_wconf 76' lang='grc' dir='ltr'>οὖδὶν</span> <span class='ocrx_word' id='word_1_95' title='bbox 844 714 979 748; x_wconf 71' lang='grc' dir='ltr'>ἑξουθενοῖ</span> 
     </span>
    </p>
   </div>
   <div class='ocr_carea' id='block_1_16' title="bbox 153 757 977 797">
    <p class='ocr_par' dir='ltr' id='par_1_16' title="bbox 153 757 977 797">
     <span class='ocr_line' id='line_1_16' title="bbox 153 757 977 797; baseline -0.001 -11"><span class='ocrx_word' id='word_1_96' title='bbox 153 759 198 787; x_wconf 82' lang='grc' dir='ltr'>καὶ</span> <span class='ocrx_word' id='word_1_97' title='bbox 225 761 405 797; x_wconf 77' lang='grc' dir='ltr'>παραμετρῶν</span> <span class='ocrx_word' id='word_1_98' title='bbox 431 759 499 787; x_wconf 73' lang='grc' dir='ltr'>αὐτὰ</span> <span class='ocrx_word' id='word_1_99' title='bbox 519 763 558 787; x_wconf 59' lang='grc' dir='ltr'>π’ῖκ</span> <span class='ocrx_word' id='word_1_100' title='bbox 591 760 637 796; x_wconf 76' lang='grc' dir='ltr'>μὶν</span> <span class='ocrx_word' id='word_1_101' title='bbox 663 758 786 795; x_wconf 84' lang='grc' dir='ltr'>δυνάμει,</span> <span class='ocrx_word' id='word_1_102' title='bbox 803 761 842 792; x_wconf 87' lang='grc' dir='ltr'>πῆ</span> <span class='ocrx_word' id='word_1_103' title='bbox 867 757 895 785; x_wconf 66' lang='grc' dir='ltr'>δὲ</span> <span class='ocrx_word' id='word_1_104' title='bbox 911 757 977 785; x_wconf 78' lang='grc' dir='ltr'>ἀδυ·</span> 
     </span>
    </p>
   </div>
   <div class='ocr_carea' id='block_1_17' title="bbox 153 802 976 841">
    <p class='ocr_par' dir='ltr' id='par_1_17' title="bbox 153 802 976 841">
     <span class='ocr_line' id='line_1_17' title="bbox 153 802 976 841; baseline -0.002 -10"><span class='ocrx_word' id='word_1_105' title='bbox 153 803 245 840; x_wconf 82' lang='grc' dir='ltr'>ναμίᾳ,</span> <span class='ocrx_word' id='word_1_106' title='bbox 260 804 366 841; x_wconf 78' lang='grc' dir='ltr'>τῇκατ’</span> <span class='ocrx_word' id='word_1_107' title='bbox 392 802 545 841; x_wconf 73' lang='grc' dir='ltr'>ἄνθρωπον,</span> <span class='ocrx_word' id='word_1_108' title='bbox 573 803 662 831; x_wconf 75' lang='grc' dir='ltr'>ἐκεῖνα</span> <span class='ocrx_word' id='word_1_109' title='bbox 687 804 734 840; x_wconf 79' lang='grc' dir='ltr'>μὶν</span> <span class='ocrx_word' id='word_1_110' title='bbox 758 804 795 830; x_wconf 84' lang='grc' dir='ltr'>ὧν</span> <span class='ocrx_word' id='word_1_111' title='bbox 826 802 902 839; x_wconf 78' lang='grc' dir='ltr'>ὑμεῖς</span> <span class='ocrx_word' id='word_1_112' title='bbox 919 802 976 840; x_wconf 77' lang='grc' dir='ltr'>ἐφι-</span> 
     </span>
    </p>
   </div>
   <div class='ocr_carea' id='block_1_18' title="bbox 151 846 978 887">
    <p class='ocr_par' dir='ltr' id='par_1_18' title="bbox 151 846 978 887">
     <span class='ocr_line' id='line_1_18' title="bbox 151 846 978 887; baseline -0.002 -11"><span class='ocrx_word' id='word_1_113' title='bbox 151 851 271 881; x_wconf 86' lang='grc' dir='ltr'>κνεῖσθαι</span> <span class='ocrx_word' id='word_1_114' title='bbox 301 848 351 876; x_wconf 82' lang='grc' dir='ltr'>ούκ</span> <span class='ocrx_word' id='word_1_115' title='bbox 373 847 459 887; x_wconf 80' lang='grc' dir='ltr'>ἔχετε,</span> <span class='ocrx_word' id='word_1_116' title='bbox 485 849 523 880; x_wconf 90' lang='grc' dir='ltr'>εἰς</span> <span class='ocrx_word' id='word_1_117' title='bbox 547 846 771 886; x_wconf 79' lang='grc' dir='ltr'>ὑπερϐάλλουσαν</span> <span class='ocrx_word' id='word_1_118' title='bbox 795 847 904 884; x_wconf 77' lang='grc' dir='ltr'>τίθεμαι</span> <span class='ocrx_word' id='word_1_119' title='bbox 919 847 978 885; x_wconf 79' lang='grc' dir='ltr'>ἀρε-</span> 
     </span>
    </p>
   </div>
   <div class='ocr_carea' id='block_1_19' title="bbox 151 891 974 930">
    <p class='ocr_par' dir='ltr' id='par_1_19' title="bbox 151 891 974 930">
     <span class='ocr_line' id='line_1_19' title="bbox 151 891 974 930; baseline -0.001 -10"><span class='ocrx_word' id='word_1_120' title='bbox 151 894 211 928; x_wconf 75' lang='grc' dir='ltr'>τήν.</span> <span class='ocrx_word' id='word_1_121' title='bbox 226 893 328 922; x_wconf 80' lang='grc' dir='ltr'>Ὀπόσα</span> <span class='ocrx_word' id='word_1_122' title='bbox 345 892 373 921; x_wconf 78' lang='grc' dir='ltr'>δὲ</span> <span class='ocrx_word' id='word_1_123' title='bbox 388 893 432 921; x_wconf 86' lang='grc' dir='ltr'>καὶ</span> <span class='ocrx_word' id='word_1_124' title='bbox 458 895 503 921; x_wconf 87' lang='grc' dir='ltr'>οἷα</span> <span class='ocrx_word' id='word_1_125' title='bbox 526 893 637 924; x_wconf 75' lang='grc' dir='ltr'>ἐκείνοις</span> <span class='ocrx_word' id='word_1_126' title='bbox 660 896 718 925; x_wconf 84' lang='grc' dir='ltr'>τοῖς</span> <span class='ocrx_word' id='word_1_127' title='bbox 745 891 875 930; x_wconf 87' lang='grc' dir='ltr'>μεγάλοις</span> <span class='ocrx_word' id='word_1_128' title='bbox 890 892 974 929; x_wconf 84' lang='grc' dir='ltr'>ἀγῶσι</span> 
     </span>
    </p>
   </div>
   <div class='ocr_carea' id='block_1_20' title="bbox 151 935 974 974">
    <p class='ocr_par' dir='ltr' id='par_1_20' title="bbox 151 935 974 974">
     <span class='ocr_line' id='line_1_20' title="bbox 151 935 974 974; baseline -0.002 -9"><span class='ocrx_word' id='word_1_129' title='bbox 151 937 196 965; x_wconf 80' lang='grc' dir='ltr'>καὶ</span> <span class='ocrx_word' id='word_1_130' title='bbox 220 937 352 974; x_wconf 80' lang='grc' dir='ltr'>καμάτοις</span> <span class='ocrx_word' id='word_1_131' title='bbox 376 938 421 965; x_wconf 79' lang='grc' dir='ltr'>καὶ</span> <span class='ocrx_word' id='word_1_132' title='bbox 442 938 537 969; x_wconf 84' lang='grc' dir='ltr'>κόποις</span> <span class='ocrx_word' id='word_1_133' title='bbox 572 935 794 972; x_wconf 76' lang='grc' dir='ltr'>ὑποϐιὸάζονται,</span> <span class='ocrx_word' id='word_1_134' title='bbox 823 936 861 968; x_wconf 82' lang='grc' dir='ltr'>εἰς</span> <span class='ocrx_word' id='word_1_135' title='bbox 892 936 974 973; x_wconf 88' lang='grc' dir='ltr'>λόγον</span> 
     </span>
    </p>
   </div>
   <div class='ocr_carea' id='block_1_21' title="bbox 152 980 974 1018">
    <p class='ocr_par' dir='ltr' id='par_1_21' title="bbox 152 980 974 1018">
     <span class='ocr_line' id='line_1_21' title="bbox 152 980 974 1018; baseline -0.002 -10"><span class='ocrx_word' id='word_1_136' title='bbox 152 981 320 1018; x_wconf 80' lang='grc' dir='ltr'>συμμετρίας</span> <span class='ocrx_word' id='word_1_137' title='bbox 344 982 500 1015; x_wconf 80' lang='grc' dir='ltr'>ἆποτάσσω,</span> <span class='ocrx_word' id='word_1_138' title='bbox 516 983 549 1016; x_wconf 75' lang='grc' dir='ltr'>ἧς</span> <span class='ocrx_word' id='word_1_139' title='bbox 570 982 596 1009; x_wconf 72' lang='grc' dir='ltr'>οἱ</span> <span class='ocrx_word' id='word_1_140' title='bbox 618 980 729 1012; x_wconf 87' lang='grc' dir='ltr'>πλείους</span> <span class='ocrx_word' id='word_1_141' title='bbox 753 983 806 1008; x_wconf 79' lang='grc' dir='ltr'>τῶν</span> <span class='ocrx_word' id='word_1_142' title='bbox 826 981 885 1008; x_wconf 86' lang='grc' dir='ltr'>καθ’</span> <span class='ocrx_word' id='word_1_143' title='bbox 900 981 974 1016; x_wconf 80' lang='grc' dir='ltr'>ἡμᾶς</span> 
     </span>
    </p>
   </div>
   <div class='ocr_carea' id='block_1_22' title="bbox 153 1024 975 1063">
    <p class='ocr_par' dir='ltr' id='par_1_22' title="bbox 153 1024 975 1063">
     <span class='ocr_line' id='line_1_22' title="bbox 153 1024 975 1063; baseline -0.001 -11"><span class='ocrx_word' id='word_1_144' title='bbox 153 1025 304 1063; x_wconf 76' lang='grc' dir='ltr'>ἀνθρώπων</span> <span class='ocrx_word' id='word_1_145' title='bbox 321 1025 512 1062; x_wconf 81' lang='grc' dir='ltr'>στοχάζονται,</span> <span class='ocrx_word' id='word_1_146' title='bbox 528 1025 572 1053; x_wconf 85' lang='grc' dir='ltr'>καὶ</span> <span class='ocrx_word' id='word_1_147' title='bbox 591 1024 710 1062; x_wconf 82' lang='grc' dir='ltr'>μάλιστα</span> <span class='ocrx_word' id='word_1_148' title='bbox 726 1026 752 1052; x_wconf 85' lang='grc' dir='ltr'>οἱ</span> <span class='ocrx_word' id='word_1_149' title='bbox 779 1024 915 1062; x_wconf 81' lang='grc' dir='ltr'>βιωτικοὶ,</span> <span class='ocrx_word' id='word_1_150' title='bbox 930 1024 975 1052; x_wconf 84' lang='grc' dir='ltr'>καὶ</span> 
     </span>
    </p>
   </div>
   <div class='ocr_carea' id='block_1_23' title="bbox 152 1067 976 1108">
    <p class='ocr_par' dir='ltr' id='par_1_23' title="bbox 152 1067 976 1108">
     <span class='ocr_line' id='line_1_23' title="bbox 152 1067 976 1108; baseline -0.001 -10"><span class='ocrx_word' id='word_1_151' title='bbox 152 1073 203 1105; x_wconf 87' lang='grc' dir='ltr'>τῆς</span> <span class='ocrx_word' id='word_1_152' title='bbox 218 1071 256 1101; x_wconf 80' lang='grc' dir='ltr'>ὡς</span> <span class='ocrx_word' id='word_1_153' title='bbox 273 1068 403 1098; x_wconf 54' lang='lat' dir='ltr'>fixed-reﬂ</span> <span class='ocrx_word' id='word_1_154' title='bbox 422 1067 526 1108; x_wconf 78' lang='grc' dir='ltr'>τύρϐης</span> <span class='ocrx_word' id='word_1_155' title='bbox 549 1070 593 1098; x_wconf 82' lang='grc' dir='ltr'>καὶ</span> <span class='ocrx_word' id='word_1_156' title='bbox 610 1069 743 1108; x_wconf 83' lang='grc' dir='ltr'>ἀσχολίας</span> <span class='ocrx_word' id='word_1_157' title='bbox 757 1070 784 1105; x_wconf 78' lang='grc' dir='ltr'>ἐξ</span> <span class='ocrx_word' id='word_1_158' title='bbox 798 1070 918 1108; x_wconf 71' lang='grc' dir='ltr'>ἀνάγκης</span> <span class='ocrx_word' id='word_1_159' title='bbox 935 1080 976 1108; x_wconf 90' lang='grc' dir='ltr'>γι-</span> 
     </span>
    </p>
   </div>
   <div class='ocr_carea' id='block_1_24' title="bbox 152 1114 976 1152">
    <p class='ocr_par' dir='ltr' id='par_1_24' title="bbox 152 1114 976 1152">
     <span class='ocr_line' id='line_1_24' title="bbox 152 1114 976 1152; baseline 0 -10"><span class='ocrx_word' id='word_1_160' title='bbox 152 1114 261 1150; x_wconf 84' lang='grc' dir='ltr'>νόμενοι</span> <span class='ocrx_word' id='word_1_161' title='bbox 277 1124 285 1131; x_wconf 74' lang='grc' dir='ltr'><strong><em>ο</em></strong></span> <span class='ocrx_word' id='word_1_162' title='bbox 310 1114 356 1145; x_wconf 81' lang='grc' dir='ltr'>οῦς</span> <span class='ocrx_word' id='word_1_163' title='bbox 379 1114 480 1152; x_wconf 67' lang='grc' dir='ltr'>ἀνάγων</span> <span class='ocrx_word' id='word_1_164' title='bbox 503 1114 542 1146; x_wconf 78' lang='grc' dir='ltr'>εἰς</span> <span class='ocrx_word' id='word_1_165' title='bbox 557 1114 759 1152; x_wconf 82' lang='grc' dir='ltr'>ἀγαθοπραγίαν</span> <span class='ocrx_word' id='word_1_166' title='bbox 773 1117 814 1150; x_wconf 83' lang='grc' dir='ltr'>τῷ</span> <span class='ocrx_word' id='word_1_167' title='bbox 827 1115 872 1142; x_wconf 83' lang='grc' dir='ltr'>νῦν</span> <span class='ocrx_word' id='word_1_168' title='bbox 888 1116 976 1152; x_wconf 88' lang='grc' dir='ltr'>καιρῷ</span> 
     </span>
    </p>
   </div>
   <div class='ocr_carea' id='block_1_25' title="bbox 152 1157 976 1197">
    <p class='ocr_par' dir='ltr' id='par_1_25' title="bbox 152 1157 976 1197">
     <span class='ocr_line' id='line_1_25' title="bbox 152 1157 976 1197; baseline 0 -11"><span class='ocrx_word' id='word_1_169' title='bbox 152 1159 317 1196; x_wconf 70' lang='grc' dir='ltr'>πρέπουσαν,</span> <span class='ocrx_word' id='word_1_170' title='bbox 359 1159 405 1186; x_wconf 78' lang='grc' dir='ltr'>καὶ</span> <span class='ocrx_word' id='word_1_171' title='bbox 442 1159 656 1195; x_wconf 79' lang='grc' dir='ltr'>ἀναμιμνήσκων</span> <span class='ocrx_word' id='word_1_172' title='bbox 699 1157 885 1196; x_wconf 82' lang='grc' dir='ltr'>γονυκλισίας,</span> <span class='ocrx_word' id='word_1_173' title='bbox 913 1159 976 1197; x_wconf 84' lang='grc' dir='ltr'>περὶ</span> 
     </span>
    </p>
   </div>
   <div class='ocr_carea' id='block_1_26' title="bbox 151 1203 974 1242">
    <p class='ocr_par' dir='ltr' id='par_1_26' title="bbox 151 1203 974 1242">
     <span class='ocr_line' id='line_1_26' title="bbox 151 1203 974 1242; baseline 0 -12"><span class='ocrx_word' id='word_1_174' title='bbox 151 1204 184 1237; x_wconf 72' lang='grc' dir='ltr'>ἧς</span> <span class='ocrx_word' id='word_1_175' title='bbox 209 1203 243 1237; x_wconf 83' lang='grc' dir='ltr'>ἦν</span> <span class='ocrx_word' id='word_1_176' title='bbox 268 1205 413 1241; x_wconf 80' lang='grc' dir='ltr'>προσεχῶς</span> <span class='ocrx_word' id='word_1_177' title='bbox 437 1204 505 1240; x_wconf 76' lang='grc' dir='ltr'>ἡμῖν</span> <span class='ocrx_word' id='word_1_178' title='bbox 526 1204 541 1231; x_wconf 82' lang='grc' dir='ltr'><strong>ὁ</strong></span> <span class='ocrx_word' id='word_1_179' title='bbox 565 1203 657 1242; x_wconf 86' lang='grc' dir='ltr'>λόγος,</span> <span class='ocrx_word' id='word_1_180' title='bbox 674 1203 746 1241; x_wconf 72' lang='grc' dir='ltr'>λέγω</span> <span class='ocrx_word' id='word_1_181' title='bbox 766 1203 823 1238; x_wconf 85' lang='grc' dir='ltr'>καὶ,</span> <span class='ocrx_word' id='word_1_182' title='bbox 839 1203 881 1231; x_wconf 75' lang='grc' dir='ltr'>ὅτι</span> <span class='ocrx_word' id='word_1_183' title='bbox 897 1204 911 1230; x_wconf 84' lang='grc' dir='ltr'>ὁ</span> <span class='ocrx_word' id='word_1_184' title='bbox 925 1204 974 1238; x_wconf 85' lang='grc' dir='ltr'>τήν</span> 
     </span>
    </p>
   </div>
   <div class='ocr_carea' id='block_1_27' title="bbox 151 1247 976 1287">
    <p class='ocr_par' dir='ltr' id='par_1_27' title="bbox 151 1247 976 1287">
     <span class='ocr_line' id='line_1_27' title="bbox 151 1247 976 1287; baseline 0.001 -13"><span class='ocrx_word' id='word_1_185' title='bbox 151 1248 245 1285; x_wconf 81' lang='grc' dir='ltr'>ψυχὴν</span> <span class='ocrx_word' id='word_1_186' title='bbox 271 1247 416 1284; x_wconf 75' lang='grc' dir='ltr'>κάμπτων,</span> <span class='ocrx_word' id='word_1_187' title='bbox 446 1248 492 1276; x_wconf 83' lang='grc' dir='ltr'>καὶ</span> <span class='ocrx_word' id='word_1_188' title='bbox 520 1249 551 1276; x_wconf 86' lang='grc' dir='ltr'>τὸ</span> <span class='ocrx_word' id='word_1_189' title='bbox 578 1248 706 1285; x_wconf 82' lang='grc' dir='ltr'>σαρκικὸν</span> <span class='ocrx_word' id='word_1_190' title='bbox 731 1248 820 1280; x_wconf 76' lang='grc' dir='ltr'>ἀτενὲς</span> <span class='ocrx_word' id='word_1_191' title='bbox 848 1249 976 1287; x_wconf 80' lang='grc' dir='ltr'>φρόνημα</span> 
     </span>
    </p>
   </div>
   <div class='ocr_carea' id='block_1_28' title="bbox 152 1290 976 1330">
    <p class='ocr_par' dir='ltr' id='par_1_28' title="bbox 152 1290 976 1330">
     <span class='ocr_line' id='line_1_28' title="bbox 152 1290 976 1330; baseline 0 -11"><span class='ocrx_word' id='word_1_192' title='bbox 152 1290 333 1328; x_wconf 77' lang='grc' dir='ltr'>κατακλίνων,</span> <span class='ocrx_word' id='word_1_193' title='bbox 362 1292 408 1320; x_wconf 83' lang='grc' dir='ltr'>καὶ</span> <span class='ocrx_word' id='word_1_194' title='bbox 435 1293 467 1320; x_wconf 81' lang='grc' dir='ltr'>τὸ</span> <span class='ocrx_word' id='word_1_195' title='bbox 506 1291 584 1328; x_wconf 81' lang='grc' dir='ltr'>δῆθεν</span> <span class='ocrx_word' id='word_1_196' title='bbox 618 1293 762 1330; x_wconf 66' lang='grc' dir='ltr'>περιφανὲς</span> <span class='ocrx_word' id='word_1_197' title='bbox 802 1293 976 1330; x_wconf 74' lang='grc' dir='ltr'>ὑπερήφανον</span> 
     </span>
    </p>
   </div>
   <div class='ocr_carea' id='block_1_29' title="bbox 152 1334 974 1374">
    <p class='ocr_par' dir='ltr' id='par_1_29' title="bbox 152 1334 974 1374">
     <span class='ocr_line' id='line_1_29' title="bbox 152 1334 974 1374; baseline 0.001 -11"><span class='ocrx_word' id='word_1_198' title='bbox 152 1334 278 1372; x_wconf 79' lang='grc' dir='ltr'>άλαμπὶς</span> <span class='ocrx_word' id='word_1_199' title='bbox 307 1335 459 1373; x_wconf 69' lang='grc' dir='ltr'>ἀποτελῶν,</span> <span class='ocrx_word' id='word_1_200' title='bbox 484 1337 522 1368; x_wconf 85' lang='grc' dir='ltr'>ὡς</span> <span class='ocrx_word' id='word_1_201' title='bbox 558 1336 614 1364; x_wconf 77' lang='grc' dir='ltr'>οἷον</span> <span class='ocrx_word' id='word_1_202' title='bbox 640 1338 688 1373; x_wconf 79' lang='grc' dir='ltr'>ζῇν</span> <span class='ocrx_word' id='word_1_203' title='bbox 712 1335 844 1374; x_wconf 81' lang='grc' dir='ltr'>ἐγκρυφῆ,</span> <span class='ocrx_word' id='word_1_204' title='bbox 860 1337 906 1364; x_wconf 87' lang='grc' dir='ltr'>καὶ</span> <span class='ocrx_word' id='word_1_205' title='bbox 937 1337 974 1373; x_wconf 82' lang='grc' dir='ltr'>μὴ</span> 
     </span>
    </p>
   </div>
   <div class='ocr_carea' id='block_1_30' title="bbox 151 1379 975 1420">
    <p class='ocr_par' dir='ltr' id='par_1_30' title="bbox 151 1379 975 1420">
     <span class='ocr_line' id='line_1_30' title="bbox 151 1379 975 1420; baseline 0.001 -12"><span class='ocrx_word' id='word_1_206' title='bbox 151 1380 388 1419; x_wconf 74' lang='grc' dir='ltr'>πραγματεύεσθαι</span> <span class='ocrx_word' id='word_1_207' title='bbox 413 1381 444 1409; x_wconf 88' lang='grc' dir='ltr'>τὸ</span> <span class='ocrx_word' id='word_1_208' title='bbox 466 1379 659 1420; x_wconf 78' lang='grc' dir='ltr'>περίϐλεπτον,</span> <span class='ocrx_word' id='word_1_209' title='bbox 685 1380 758 1409; x_wconf 78' lang='grc' dir='ltr'>ἀλλὰ</span> <span class='ocrx_word' id='word_1_210' title='bbox 780 1381 848 1409; x_wconf 81' lang='grc' dir='ltr'>κατά</span> <span class='ocrx_word' id='word_1_211' title='bbox 870 1384 922 1408; x_wconf 81' lang='grc' dir='ltr'>πᾶν</span> <span class='ocrx_word' id='word_1_212' title='bbox 943 1381 975 1409; x_wconf 83' lang='grc' dir='ltr'>τὸ</span> 
     </span>
    </p>
   </div>
   <div class='ocr_carea' id='block_1_31' title="bbox 150 1425 974 1466">
    <p class='ocr_par' dir='ltr' id='par_1_31' title="bbox 150 1425 974 1466">
     <span class='ocr_line' id='line_1_31' title="bbox 150 1425 974 1466; baseline 0.001 -13"><span class='ocrx_word' id='word_1_213' title='bbox 150 1426 213 1463; x_wconf 78' lang='grc' dir='ltr'>περὶ</span> <span class='ocrx_word' id='word_1_214' title='bbox 239 1425 318 1454; x_wconf 76' lang='grc' dir='ltr'>αὐτὸν</span> <span class='ocrx_word' id='word_1_215' title='bbox 342 1425 481 1466; x_wconf 70' lang='grc' dir='ltr'>ὐπὲροφρυ</span> <span class='ocrx_word' id='word_1_216' title='bbox 505 1426 551 1454; x_wconf 85' lang='grc' dir='ltr'>καὶ</span> <span class='ocrx_word' id='word_1_217' title='bbox 583 1426 615 1454; x_wconf 84' lang='grc' dir='ltr'>τὸ</span> <span class='ocrx_word' id='word_1_218' title='bbox 643 1426 712 1454; x_wconf 81' lang='grc' dir='ltr'>κατὰ</span> <span class='ocrx_word' id='word_1_219' title='bbox 741 1425 829 1462; x_wconf 73' lang='grc' dir='ltr'>οἴησιν</span> <span class='ocrx_word' id='word_1_220' title='bbox 858 1426 974 1464; x_wconf 63' lang='grc' dir='ltr'>αἰθέριον</span> 
     </span>
    </p>
   </div>
   <div class='ocr_carea' id='block_1_32' title="bbox 150 1469 975 1509">
    <p class='ocr_par' dir='ltr' id='par_1_32' title="bbox 150 1469 975 1509">
     <span class='ocr_line' id='line_1_32' title="bbox 150 1469 975 1509; baseline 0.001 -11"><span class='ocrx_word' id='word_1_221' title='bbox 150 1472 295 1498; x_wconf 75' lang='grc' dir='ltr'>ταπεινοῦν</span> <span class='ocrx_word' id='word_1_222' title='bbox 319 1469 371 1502; x_wconf 65' lang='grc' dir='ltr'>ἕως</span> <span class='ocrx_word' id='word_1_223' title='bbox 394 1474 458 1509; x_wconf 85' lang='grc' dir='ltr'>γῆς,</span> <span class='ocrx_word' id='word_1_224' title='bbox 474 1471 575 1503; x_wconf 76' lang='grc' dir='ltr'>ἐκεῖνος</span> <span class='ocrx_word' id='word_1_225' title='bbox 597 1471 646 1499; x_wconf 75' lang='grc' dir='ltr'>οὐκ</span> <span class='ocrx_word' id='word_1_226' title='bbox 670 1471 700 1499; x_wconf 81' lang='grc' dir='ltr'>ἃν</span> <span class='ocrx_word' id='word_1_227' title='bbox 726 1469 814 1499; x_wconf 74' lang='grc' dir='ltr'>δέοιτο</span> <span class='ocrx_word' id='word_1_228' title='bbox 835 1472 975 1508; x_wconf 82' lang='grc' dir='ltr'>κατακάμ-</span> 
     </span>
    </p>
   </div>
   <div class='ocr_carea' id='block_1_33' title="bbox 151 1516 976 1555">
    <p class='ocr_par' dir='ltr' id='par_1_33' title="bbox 151 1516 976 1555">
     <span class='ocr_line' id='line_1_33' title="bbox 151 1516 976 1555; baseline 0.001 -12"><span class='ocrx_word' id='word_1_229' title='bbox 151 1517 223 1553; x_wconf 80' lang='grc' dir='ltr'>ψεως</span> <span class='ocrx_word' id='word_1_230' title='bbox 251 1517 382 1554; x_wconf 81' lang='grc' dir='ltr'>γονάτων,</span> <span class='ocrx_word' id='word_1_231' title='bbox 411 1516 477 1544; x_wconf 68' lang='grc' dir='ltr'>ὅλον</span> <span class='ocrx_word' id='word_1_232' title='bbox 506 1516 600 1545; x_wconf 61' lang='grc' dir='ltr'>ἑαυτὸν</span> <span class='ocrx_word' id='word_1_233' title='bbox 621 1518 656 1554; x_wconf 82' lang='grc' dir='ltr'>τῇ</span> <span class='ocrx_word' id='word_1_234' title='bbox 684 1517 844 1544; x_wconf 76' lang='grc' dir='ltr'>ταπεινώσει</span> <span class='ocrx_word' id='word_1_235' title='bbox 876 1517 976 1555; x_wconf 81' lang='grc' dir='ltr'>καταρ-</span> 
     </span>
    </p>
   </div>
   <div class='ocr_carea' id='block_1_34' title="bbox 152 1558 977 1598">
    <p class='ocr_par' dir='ltr' id='par_1_34' title="bbox 152 1558 977 1598">
     <span class='ocr_line' id='line_1_34' title="bbox 152 1558 977 1598; baseline 0.001 -11"><span class='ocrx_word' id='word_1_236' title='bbox 152 1558 254 1598; x_wconf 75' lang='grc' dir='ltr'>ῥίπτων</span> <span class='ocrx_word' id='word_1_237' title='bbox 282 1559 320 1592; x_wconf 79' lang='grc' dir='ltr'>εἰς</span> <span class='ocrx_word' id='word_1_238' title='bbox 347 1561 410 1598; x_wconf 77' lang='grc' dir='ltr'>γῆν,</span> <span class='ocrx_word' id='word_1_239' title='bbox 437 1559 492 1596; x_wconf 76' lang='grc' dir='ltr'>ἤδη</span> <span class='ocrx_word' id='word_1_240' title='bbox 525 1559 554 1588; x_wconf 68' lang='grc' dir='ltr'>δὲ</span> <span class='ocrx_word' id='word_1_241' title='bbox 577 1560 623 1588; x_wconf 81' lang='grc' dir='ltr'>καὶ</span> <span class='ocrx_word' id='word_1_242' title='bbox 650 1560 688 1592; x_wconf 85' lang='grc' dir='ltr'>ὡς</span> <span class='ocrx_word' id='word_1_243' title='bbox 708 1561 754 1588; x_wconf 75' lang='grc' dir='ltr'>οἶα</span> <span class='ocrx_word' id='word_1_244' title='bbox 776 1559 897 1596; x_wconf 82' lang='grc' dir='ltr'>σκώληξ,</span> <span class='ocrx_word' id='word_1_245' title='bbox 913 1559 977 1588; x_wconf 73' lang='grc' dir='ltr'>οὐδὲ</span> 
     </span>
    </p>
   </div>
   <div class='ocr_carea' id='block_1_35' title="bbox 150 1604 976 1643">
    <p class='ocr_par' dir='ltr' id='par_1_35' title="bbox 150 1604 976 1643">
     <span class='ocr_line' id='line_1_35' title="bbox 150 1604 976 1643; baseline 0.001 -12"><span class='ocrx_word' id='word_1_246' title='bbox 150 1606 199 1632; x_wconf 87' lang='grc' dir='ltr'>τοῦ</span> <span class='ocrx_word' id='word_1_247' title='bbox 240 1604 308 1643; x_wconf 76' lang='grc' dir='ltr'>ὑπὶρ</span> <span class='ocrx_word' id='word_1_248' title='bbox 346 1608 399 1643; x_wconf 86' lang='grc' dir='ltr'>γῆς</span> <span class='ocrx_word' id='word_1_249' title='bbox 438 1604 577 1642; x_wconf 76' lang='grc' dir='ltr'>φαίνεσθαι</span> <span class='ocrx_word' id='word_1_250' title='bbox 620 1604 718 1642; x_wconf 87' lang='grc' dir='ltr'>κρίνων</span> <span class='ocrx_word' id='word_1_251' title='bbox 755 1604 879 1640; x_wconf 78' lang='grc' dir='ltr'>κατάξιον</span> <span class='ocrx_word' id='word_1_252' title='bbox 915 1604 976 1632; x_wconf 69' lang='grc' dir='ltr'>δαυ-</span> 
     </span>
    </p>
   </div>
   <div class='ocr_carea' id='block_1_36' title="bbox 149 1649 207 1677">
    <p class='ocr_par' dir='ltr' id='par_1_36' title="bbox 149 1649 207 1677">
     <span class='ocr_line' id='line_1_36' title="bbox 149 1649 207 1677; baseline 0.017 -1"><span class='ocrx_word' id='word_1_253' title='bbox 149 1649 196 1676; x_wconf 82' lang='grc' dir='ltr'>τόν</span> <span class='ocrx_word' id='word_1_254' title='bbox 201 1670 207 1677; x_wconf 95' lang='grc'><em>.</em></span> 
     </span>
    </p>
   </div>
   <div class='ocr_carea' id='block_1_37' title="bbox 187 1696 975 1736">
    <p class='ocr_par' dir='ltr' id='par_1_37' title="bbox 187 1696 975 1736">
     <span class='ocr_line' id='line_1_37' title="bbox 187 1696 975 1736; baseline 0.001 -11"><span class='ocrx_word' id='word_1_255' title='bbox 187 1697 228 1732; x_wconf 86' lang='grc' dir='ltr'>ιζ’.</span> <span class='ocrx_word' id='word_1_256' title='bbox 243 1699 333 1726; x_wconf 81' lang='grc' dir='ltr'>Ἔστω</span> <span class='ocrx_word' id='word_1_257' title='bbox 360 1699 425 1736; x_wconf 84' lang='grc' dir='ltr'>γοῦν</span> <span class='ocrx_word' id='word_1_258' title='bbox 449 1698 524 1735; x_wconf 82' lang='grc' dir='ltr'>ὑμῖν,</span> <span class='ocrx_word' id='word_1_259' title='bbox 551 1698 573 1725; x_wconf 80' lang='grc' dir='ltr'>ὦ</span> <span class='ocrx_word' id='word_1_260' title='bbox 601 1696 726 1736; x_wconf 81' lang='grc' dir='ltr'>ἀδελφοὶ,</span> <span class='ocrx_word' id='word_1_261' title='bbox 755 1698 800 1726; x_wconf 85' lang='grc' dir='ltr'>καὶ</span> <span class='ocrx_word' id='word_1_262' title='bbox 825 1698 857 1726; x_wconf 85' lang='grc' dir='ltr'>τὸ</span> <span class='ocrx_word' id='word_1_263' title='bbox 884 1708 975 1726; x_wconf 79' lang='grc' dir='ltr'>ταπει-</span> 
     </span>
    </p>
   </div>
   <div class='ocr_carea' id='block_1_38' title="bbox 149 1741 973 1781">
    <p class='ocr_par' dir='ltr' id='par_1_38' title="bbox 149 1741 973 1781">
     <span class='ocr_line' id='line_1_38' title="bbox 149 1741 973 1781; baseline 0.001 -11"><span class='ocrx_word' id='word_1_264' title='bbox 149 1744 260 1775; x_wconf 86' lang='grc' dir='ltr'>νοῦσθαι</span> <span class='ocrx_word' id='word_1_265' title='bbox 289 1742 472 1781; x_wconf 82' lang='grc' dir='ltr'>γονυκλίσεων</span> <span class='ocrx_word' id='word_1_266' title='bbox 506 1741 658 1771; x_wconf 83' lang='grc' dir='ltr'>ἀντίδοτον.</span> <span class='ocrx_word' id='word_1_267' title='bbox 695 1743 748 1771; x_wconf 82' lang='grc' dir='ltr'>Καὶ</span> <span class='ocrx_word' id='word_1_268' title='bbox 776 1743 808 1771; x_wconf 81' lang='grc' dir='ltr'>τὸ</span> <span class='ocrx_word' id='word_1_269' title='bbox 833 1741 973 1780; x_wconf 80' lang='grc' dir='ltr'>σύμϐολον</span> 
     </span>
    </p>
   </div>
   <div class='ocr_carea' id='block_1_39' title="bbox 149 1787 974 1826">
    <p class='ocr_par' dir='ltr' id='par_1_39' title="bbox 149 1787 974 1826">
     <span class='ocr_line' id='line_1_39' title="bbox 149 1787 974 1826; baseline 0.001 -11"><span class='ocrx_word' id='word_1_270' title='bbox 149 1789 200 1820; x_wconf 83' lang='grc' dir='ltr'>τῆς</span> <span class='ocrx_word' id='word_1_271' title='bbox 224 1788 424 1824; x_wconf 77' lang='grc' dir='ltr'>ταπεινώσεως,</span> <span class='ocrx_word' id='word_1_272' title='bbox 452 1788 501 1824; x_wconf 82' lang='grc' dir='ltr'>τὴν</span> <span class='ocrx_word' id='word_1_273' title='bbox 531 1788 599 1816; x_wconf 81' lang='grc' dir='ltr'>κατὰ</span> <span class='ocrx_word' id='word_1_274' title='bbox 625 1791 678 1826; x_wconf 86' lang='grc' dir='ltr'>γῆς</span> <span class='ocrx_word' id='word_1_275' title='bbox 709 1787 783 1826; x_wconf 82' lang='grc' dir='ltr'>ῥίψιν</span> <span class='ocrx_word' id='word_1_276' title='bbox 812 1787 974 1824; x_wconf 73' lang='grc' dir='ltr'>ἴδιάζοντες,</span> 
     </span>
    </p>
   </div>
   <div class='ocr_carea' id='block_1_40' title="bbox 149 1830 974 1871">
    <p class='ocr_par' dir='ltr' id='par_1_40' title="bbox 149 1830 974 1871">
     <span class='ocr_line' id='line_1_40' title="bbox 149 1830 974 1871; baseline 0.002 -11"><span class='ocrx_word' id='word_1_277' title='bbox 149 1831 195 1860; x_wconf 71' lang='grc' dir='ltr'>ὅτι</span> <span class='ocrx_word' id='word_1_278' title='bbox 211 1833 249 1868; x_wconf 78' lang='grc' dir='ltr'>μὴ</span> <span class='ocrx_word' id='word_1_279' title='bbox 266 1831 380 1860; x_wconf 81' lang='grc' dir='ltr'>δύνασθε</span> <span class='ocrx_word' id='word_1_280' title='bbox 403 1830 571 1871; x_wconf 78' lang='grc' dir='ltr'>προϐάλλειν</span> <span class='ocrx_word' id='word_1_281' title='bbox 595 1832 673 1869; x_wconf 77' lang='grc' dir='ltr'>αὐτὸ,</span> <span class='ocrx_word' id='word_1_282' title='bbox 688 1832 773 1868; x_wconf 77' lang='grc' dir='ltr'>αὐτῆς</span> <span class='ocrx_word' id='word_1_283' title='bbox 795 1833 901 1868; x_wconf 76' lang='grc' dir='ltr'>ἐκείνης</span> <span class='ocrx_word' id='word_1_284' title='bbox 922 1837 974 1868; x_wconf 85' lang='grc' dir='ltr'>τῆς</span> 
     </span>
    </p>
   </div>
   <div class='ocr_carea' id='block_1_41' title="bbox 149 1875 975 1915">
    <p class='ocr_par' dir='ltr' id='par_1_41' title="bbox 149 1875 975 1915">
     <span class='ocr_line' id='line_1_41' title="bbox 149 1875 975 1915; baseline 0.001 -11"><span class='ocrx_word' id='word_1_285' title='bbox 149 1875 174 1904; x_wconf 78' lang='grc' dir='ltr'>ἐν</span> <span class='ocrx_word' id='word_1_286' title='bbox 198 1875 253 1914; x_wconf 70' lang='grc' dir='ltr'>ὅλῃ</span> <span class='ocrx_word' id='word_1_287' title='bbox 273 1878 352 1915; x_wconf 77' lang='grc' dir='ltr'>ψυχῇ</span> <span class='ocrx_word' id='word_1_288' title='bbox 381 1877 571 1908; x_wconf 75' lang='grc' dir='ltr'>ταπεινώσεως</span> <span class='ocrx_word' id='word_1_289' title='bbox 596 1876 700 1915; x_wconf 85' lang='grc' dir='ltr'>γίνεσθε</span> <span class='ocrx_word' id='word_1_290' title='bbox 716 1886 722 1893; x_wconf 90' lang='grc'><strong>·</strong></span> <span class='ocrx_word' id='word_1_291' title='bbox 753 1877 798 1905; x_wconf 80' lang='grc' dir='ltr'>καὶ</span> <span class='ocrx_word' id='word_1_292' title='bbox 822 1876 917 1910; x_wconf 81' lang='grc' dir='ltr'>ἄλλως</span> <span class='ocrx_word' id='word_1_293' title='bbox 946 1876 975 1906; x_wconf 71' lang='grc' dir='ltr'>δὲ</span> 
     </span>
    </p>
   </div>
   <div class='ocr_carea' id='block_1_42' title="bbox 148 1921 973 1960">
    <p class='ocr_par' dir='ltr' id='par_1_42' title="bbox 148 1921 973 1960">
     <span class='ocr_line' id='line_1_42' title="bbox 148 1921 973 1960; baseline 0.002 -12"><span class='ocrx_word' id='word_1_294' title='bbox 148 1923 274 1954; x_wconf 82' lang='grc' dir='ltr'>νοοῦντες</span> <span class='ocrx_word' id='word_1_295' title='bbox 301 1922 351 1956; x_wconf 87' lang='grc' dir='ltr'>τήν</span> <span class='ocrx_word' id='word_1_296' title='bbox 378 1924 432 1950; x_wconf 83' lang='grc' dir='ltr'>τῶν</span> <span class='ocrx_word' id='word_1_297' title='bbox 466 1922 588 1960; x_wconf 83' lang='grc' dir='ltr'>γονάτων</span> <span class='ocrx_word' id='word_1_298' title='bbox 627 1923 695 1949; x_wconf 77' lang='grc' dir='ltr'>κατὰ</span> <span class='ocrx_word' id='word_1_299' title='bbox 722 1926 773 1960; x_wconf 84' lang='grc' dir='ltr'>γῆς</span> <span class='ocrx_word' id='word_1_300' title='bbox 800 1921 902 1957; x_wconf 82' lang='grc' dir='ltr'>κλίσιν,</span> <span class='ocrx_word' id='word_1_301' title='bbox 929 1922 973 1950; x_wconf 70' lang='grc' dir='ltr'>καὶ</span> 
     </span>
    </p>
   </div>
   <div class='ocr_carea' id='block_1_43' title="bbox 149 1966 973 2004">
    <p class='ocr_par' dir='ltr' id='par_1_43' title="bbox 149 1966 973 2004">
     <span class='ocr_line' id='line_1_43' title="bbox 149 1966 973 2004; baseline 0.002 -10"><span class='ocrx_word' id='word_1_302' title='bbox 149 1966 220 1995; x_wconf 69' lang='grc' dir='ltr'>οὕτω</span> <span class='ocrx_word' id='word_1_303' title='bbox 236 1969 395 2004; x_wconf 78' lang='grc' dir='ltr'>σωματικὴν</span> <span class='ocrx_word' id='word_1_304' title='bbox 427 1968 496 1996; x_wconf 76' lang='grc' dir='ltr'>κατὰ</span> <span class='ocrx_word' id='word_1_305' title='bbox 519 1967 629 2003; x_wconf 86' lang='grc' dir='ltr'>κλῆσιν,</span> <span class='ocrx_word' id='word_1_306' title='bbox 654 1967 810 2004; x_wconf 84' lang='grc' dir='ltr'>κωλυτικὴν</span> <span class='ocrx_word' id='word_1_307' title='bbox 835 1969 901 1996; x_wconf 80' lang='grc' dir='ltr'>εἶναι</span> <span class='ocrx_word' id='word_1_308' title='bbox 924 1970 973 1996; x_wconf 85' lang='grc' dir='ltr'>τοῦ</span> 
     </span>
    </p>
   </div>
   <div class='ocr_carea' id='block_1_44' title="bbox 151 2010 973 2050">
    <p class='ocr_par' dir='ltr' id='par_1_44' title="bbox 151 2010 973 2050">
     <span class='ocr_line' id='line_1_44' title="bbox 151 2010 973 2050; baseline 0.002 -12"><span class='ocrx_word' id='word_1_309' title='bbox 151 2010 279 2049; x_wconf 83' lang='grc' dir='ltr'>βαδίζειν,</span> <span class='ocrx_word' id='word_1_310' title='bbox 307 2011 459 2050; x_wconf 84' lang='grc' dir='ltr'>βαδιστικοὶ</span> <span class='ocrx_word' id='word_1_311' title='bbox 487 2012 587 2048; x_wconf 82' lang='grc' dir='ltr'>τρόπον</span> <span class='ocrx_word' id='word_1_312' title='bbox 613 2011 698 2039; x_wconf 80' lang='grc' dir='ltr'>ἄλλον</span> <span class='ocrx_word' id='word_1_313' title='bbox 720 2011 878 2048; x_wconf 85' lang='grc' dir='ltr'>μεθοδεύετε</span> <span class='ocrx_word' id='word_1_314' title='bbox 906 2012 973 2040; x_wconf 80' lang='grc' dir='ltr'>εἶναι</span> 
     </span>
    </p>
   </div>
   <div class='ocr_carea' id='block_1_45' title="bbox 148 2054 974 2094">
    <p class='ocr_par' dir='ltr' id='par_1_45' title="bbox 148 2054 974 2094">
     <span class='ocr_line' id='line_1_45' title="bbox 148 2054 974 2094; baseline 0 -11"><span class='ocrx_word' id='word_1_315' title='bbox 148 2054 302 2088; x_wconf 83' lang='grc' dir='ltr'>πολυειδῶς</span> <span class='ocrx_word' id='word_1_316' title='bbox 331 2055 368 2087; x_wconf 79' lang='grc' dir='ltr'>είς</span> <span class='ocrx_word' id='word_1_317' title='bbox 394 2056 504 2094; x_wconf 84' lang='grc' dir='ltr'>ἀρετήν.</span> <span class='ocrx_word' id='word_1_318' title='bbox 534 2056 584 2083; x_wconf 80' lang='grc' dir='ltr'>Καὶ</span> <span class='ocrx_word' id='word_1_319' title='bbox 612 2055 749 2094; x_wconf 80' lang='grc' dir='ltr'>λογίζεται</span> <span class='ocrx_word' id='word_1_320' title='bbox 778 2056 842 2092; x_wconf 84' lang='grc' dir='ltr'>ύμῖν</span> <span class='ocrx_word' id='word_1_321' title='bbox 867 2057 880 2084; x_wconf 85' lang='grc' dir='ltr'>ὁ</span> <span class='ocrx_word' id='word_1_322' title='bbox 909 2057 974 2088; x_wconf 87' lang='grc' dir='ltr'>Θεὸς</span> 
     </span>
    </p>
   </div>
   <div class='ocr_carea' id='block_1_46' title="bbox 148 2099 973 2138">
    <p class='ocr_par' dir='ltr' id='par_1_46' title="bbox 148 2099 973 2138">
     <span class='ocr_line' id='line_1_46' title="bbox 148 2099 973 2138; baseline 0 -10"><span class='ocrx_word' id='word_1_323' title='bbox 148 2100 213 2128; x_wconf 78' lang='grc' dir='ltr'>αὐτὸ</span> <span class='ocrx_word' id='word_1_324' title='bbox 228 2100 266 2132; x_wconf 73' lang='grc' dir='ltr'>εἲς</span> <span class='ocrx_word' id='word_1_325' title='bbox 283 2101 381 2138; x_wconf 82' lang='grc' dir='ltr'>ἀγαθὸν</span> <span class='ocrx_word' id='word_1_326' title='bbox 405 2099 482 2128; x_wconf 64' lang='grc' dir='ltr'>οὐδὲν</span> <span class='ocrx_word' id='word_1_327' title='bbox 504 2103 553 2128; x_wconf 86' lang='grc' dir='ltr'>τοῦ</span> <span class='ocrx_word' id='word_1_328' title='bbox 576 2099 742 2138; x_wconf 88' lang='grc' dir='ltr'>γονυκλίνειν</span> <span class='ocrx_word' id='word_1_329' title='bbox 767 2099 890 2135; x_wconf 76' lang='grc' dir='ltr'>ἔλαντον,</span> <span class='ocrx_word' id='word_1_330' title='bbox 915 2099 973 2128; x_wconf 81' lang='grc' dir='ltr'>ἐπεί</span> 
     </span>
    </p>
   </div>
   <div class='ocr_carea' id='block_1_47' title="bbox 146 2144 970 2184">
    <p class='ocr_par' dir='ltr' id='par_1_47' title="bbox 146 2144 970 2184">
     <span class='ocr_line' id='line_1_47' title="bbox 146 2144 970 2184; baseline -0.001 -11"><span class='ocrx_word' id='word_1_331' title='bbox 146 2155 189 2173; x_wconf 83' lang='grc' dir='ltr'>τοι</span> <span class='ocrx_word' id='word_1_332' title='bbox 214 2145 258 2173; x_wconf 76' lang='grc' dir='ltr'>καὶ</span> <span class='ocrx_word' id='word_1_333' title='bbox 282 2145 466 2184; x_wconf 84' lang='grc' dir='ltr'>φυσικώτερον</span> <span class='ocrx_word' id='word_1_334' title='bbox 489 2144 547 2182; x_wconf 77' lang='grc' dir='ltr'>ἅμα</span> <span class='ocrx_word' id='word_1_335' title='bbox 569 2145 614 2172; x_wconf 77' lang='grc' dir='ltr'>καὶ</span> <span class='ocrx_word' id='word_1_336' title='bbox 636 2144 821 2183; x_wconf 72' lang='grc' dir='ltr'>ἐνεργέστερον</span> <span class='ocrx_word' id='word_1_337' title='bbox 842 2145 887 2172; x_wconf 80' lang='grc' dir='ltr'>καὶ</span> <span class='ocrx_word' id='word_1_338' title='bbox 902 2155 970 2183; x_wconf 86' lang='grc' dir='ltr'>πρα-</span> 
     </span>
    </p>
   </div>
   <div class='ocr_carea' id='block_1_48' title="bbox 146 2190 972 2229">
    <p class='ocr_par' dir='ltr' id='par_1_48' title="bbox 146 2190 972 2229">
     <span class='ocr_line' id='line_1_48' title="bbox 146 2190 972 2229; baseline -0.001 -10"><span class='ocrx_word' id='word_1_339' title='bbox 146 2192 310 2229; x_wconf 84' lang='grc' dir='ltr'>κτικώτερον</span> <span class='ocrx_word' id='word_1_340' title='bbox 334 2190 520 2223; x_wconf 83' lang='grc' dir='ltr'>κατακλισεως</span> <span class='ocrx_word' id='word_1_341' title='bbox 555 2191 573 2226; x_wconf 77' lang='grc' dir='ltr'>ἡ</span> <span class='ocrx_word' id='word_1_342' title='bbox 612 2191 753 2222; x_wconf 80' lang='grc' dir='ltr'>ἀνάσταςις</span> <span class='ocrx_word' id='word_1_343' title='bbox 780 2191 825 2218; x_wconf 83' lang='grc' dir='ltr'>καὶ</span> <span class='ocrx_word' id='word_1_344' title='bbox 853 2191 972 2219; x_wconf 77' lang='grc' dir='ltr'>ἀναπαυ-</span> 
     </span>
    </p>
   </div>
   <div class='ocr_carea' id='block_1_49' title="bbox 150 2234 972 2273">
    <p class='ocr_par' dir='ltr' id='par_1_49' title="bbox 150 2234 972 2273">
     <span class='ocr_line' id='line_1_49' title="bbox 150 2234 972 2273; baseline -0.001 -9"><span class='ocrx_word' id='word_1_345' title='bbox 150 2247 201 2273; x_wconf 87' lang='grc' dir='ltr'>σις,</span> <span class='ocrx_word' id='word_1_346' title='bbox 217 2235 255 2264; x_wconf 73' lang='grc' dir='ltr'>ἔτι</span> <span class='ocrx_word' id='word_1_347' title='bbox 272 2235 301 2264; x_wconf 73' lang='grc' dir='ltr'>δὲ</span> <span class='ocrx_word' id='word_1_348' title='bbox 329 2237 373 2264; x_wconf 84' lang='grc' dir='ltr'>καὶ</span> <span class='ocrx_word' id='word_1_349' title='bbox 388 2235 437 2264; x_wconf 87' lang='grc' dir='ltr'>τοῦ</span> <span class='ocrx_word' id='word_1_350' title='bbox 461 2238 663 2272; x_wconf 72' lang='grc' dir='ltr'>κατακάμπτειν</span> <span class='ocrx_word' id='word_1_351' title='bbox 689 2235 782 2267; x_wconf 84' lang='grc' dir='ltr'>καλῶς</span> <span class='ocrx_word' id='word_1_352' title='bbox 810 2234 924 2263; x_wconf 86' lang='grc' dir='ltr'>κάλλιον</span> <span class='ocrx_word' id='word_1_353' title='bbox 940 2235 972 2263; x_wconf 86' lang='grc' dir='ltr'>τὸ</span> 
     </span>
    </p>
   </div>
   <div class='ocr_carea' id='block_1_50' title="bbox 147 2279 972 2320">
    <p class='ocr_par' dir='ltr' id='par_1_50' title="bbox 147 2279 972 2320">
     <span class='ocr_line' id='line_1_50' title="bbox 147 2279 972 2320; baseline -0.001 -11"><span class='ocrx_word' id='word_1_354' title='bbox 147 2280 296 2320; x_wconf 63' lang='lat' dir='ltr'>(imptum):</span> <span class='ocrx_word' id='word_1_355' title='bbox 324 2281 481 2319; x_wconf 76' lang='grc' dir='ltr'>ὀρθοῦσθαι,</span> <span class='ocrx_word' id='word_1_356' title='bbox 523 2281 568 2308; x_wconf 77' lang='grc' dir='ltr'>καὶ</span> <span class='ocrx_word' id='word_1_357' title='bbox 607 2283 656 2308; x_wconf 86' lang='grc' dir='ltr'>τοῦ</span> <span class='ocrx_word' id='word_1_358' title='bbox 694 2280 856 2316; x_wconf 82' lang='grc' dir='ltr'>ἀκινητίζειν</span> <span class='ocrx_word' id='word_1_359' title='bbox 883 2280 915 2308; x_wconf 81' lang='grc' dir='ltr'>τὸ</span> <span class='ocrx_word' id='word_1_360' title='bbox 943 2279 972 2308; x_wconf 78' lang='grc' dir='ltr'>εὗ</span> 
     </span>
    </p>
   </div>
   <div class='ocr_carea' id='block_1_51' title="bbox 1036 312 1863 350">
    <p class='ocr_par' dir='ltr' id='par_1_51' title="bbox 1036 312 1863 350">
     <span class='ocr_line' id='line_1_51' title="bbox 1036 312 1863 350; baseline 0.002 -10"><span class='ocrx_word' id='word_1_361' title='bbox 1036 312 1117 340; x_wconf 91' lang='lat' dir='ltr'>vultu</span> <span class='ocrx_word' id='word_1_362' title='bbox 1132 312 1162 340; x_wconf 91' lang='lat' dir='ltr'>in</span> <span class='ocrx_word' id='word_1_363' title='bbox 1188 315 1296 341; x_wconf 86' lang='lat' dir='ltr'>terram</span> <span class='ocrx_word' id='word_1_364' title='bbox 1320 314 1415 341; x_wconf 79' lang='lat' dir='ltr'>deﬁxo</span> <span class='ocrx_word' id='word_1_365' title='bbox 1432 314 1539 342; x_wconf 85' lang='lat' dir='ltr'>docens</span> <span class='ocrx_word' id='word_1_366' title='bbox 1563 313 1717 349; x_wconf 86' lang='lat' dir='ltr'>discipulis</span> <span class='ocrx_word' id='word_1_367' title='bbox 1733 314 1863 350; x_wconf 78' lang='lat' dir='ltr'>prodest.</span> 
     </span>
    </p>
   </div>
   <div class='ocr_carea' id='block_1_52' title="bbox 1037 357 1863 387">
    <p class='ocr_par' dir='ltr' id='par_1_52' title="bbox 1037 357 1863 387">
     <span class='ocr_line' id='line_1_52' title="bbox 1037 357 1863 387; baseline 0.002 -2"><span class='ocrx_word' id='word_1_368' title='bbox 1037 357 1198 385; x_wconf 78' lang='lat' dir='ltr'>Recordare</span> <span class='ocrx_word' id='word_1_369' title='bbox 1213 358 1303 386; x_wconf 87' lang='lat' dir='ltr'>etiam</span> <span class='ocrx_word' id='word_1_370' title='bbox 1319 359 1389 386; x_wconf 84' lang='lat' dir='ltr'>dicti</span> <span class='ocrx_word' id='word_1_371' title='bbox 1405 358 1484 386; x_wconf 88' lang='lat' dir='ltr'>illius</span> <span class='ocrx_word' id='word_1_372' title='bbox 1503 369 1509 387; x_wconf 83' lang='lat'>;</span> <span class='ocrx_word' id='word_1_373' title='bbox 1528 369 1538 383; x_wconf 77' lang='grc' dir='ltr'>ι</span> <span class='ocrx_word' id='word_1_374' title='bbox 1558 358 1643 386; x_wconf 88' lang='lat' dir='ltr'>Stetit</span> <span class='ocrx_word' id='word_1_375' title='bbox 1657 358 1744 387; x_wconf 86' lang='lat' dir='ltr'>Jesus</span> <span class='ocrx_word' id='word_1_376' title='bbox 1760 358 1789 386; x_wconf 89' lang='lat' dir='ltr'>in</span> <span class='ocrx_word' id='word_1_377' title='bbox 1800 358 1863 387; x_wconf 85' lang='lat' dir='ltr'>loco</span> 
     </span>
    </p>
   </div>
   <div class='ocr_carea' id='block_1_53' title="bbox 1036 402 1863 438">
    <p class='ocr_par' dir='ltr' id='par_1_53' title="bbox 1036 402 1863 438">
     <span class='ocr_line' id='line_1_53' title="bbox 1036 402 1863 438; baseline 0.004 -9"><span class='ocrx_word' id='word_1_378' title='bbox 1036 410 1151 437; x_wconf 80' lang='lat' dir='ltr'>saxoso,</span> <span class='ocrx_word' id='word_1_379' title='bbox 1177 404 1206 430; x_wconf 88' lang='lat' dir='ltr'>et</span> <span class='ocrx_word' id='word_1_380' title='bbox 1229 410 1337 438; x_wconf 80' lang='lat' dir='ltr'>magna</span> <span class='ocrx_word' id='word_1_381' title='bbox 1365 403 1578 438; x_wconf 90' lang='lat' dir='ltr'>discipulorum</span> <span class='ocrx_word' id='word_1_382' title='bbox 1603 402 1762 431; x_wconf 73' lang='lat' dir='ltr'>multitudo</span> <span class='ocrx_word' id='word_1_383' title='bbox 1786 403 1863 432; x_wconf 84' lang='lat' dir='ltr'>circa</span> 
     </span>
    </p>
   </div>
   <div class='ocr_carea' id='block_1_54' title="bbox 1036 447 1863 483">
    <p class='ocr_par' dir='ltr' id='par_1_54' title="bbox 1036 447 1863 483">
     <span class='ocr_line' id='line_1_54' title="bbox 1036 447 1863 483; baseline 0.002 -9"><span class='ocrx_word' id='word_1_384' title='bbox 1036 454 1123 480; x_wconf 84' lang='lat' dir='ltr'>eum;</span> <span class='ocrx_word' id='word_1_385' title='bbox 1141 458 1156 471; x_wconf 75' lang='grc' dir='ltr'>ι»</span> <span class='ocrx_word' id='word_1_386' title='bbox 1172 455 1230 475; x_wconf 88' lang='lat' dir='ltr'>non</span> <span class='ocrx_word' id='word_1_387' title='bbox 1244 447 1333 483; x_wconf 86' lang='lat' dir='ltr'>igitur</span> <span class='ocrx_word' id='word_1_388' title='bbox 1348 456 1444 483; x_wconf 84' lang='lat' dir='ltr'>genua</span> <span class='ocrx_word' id='word_1_389' title='bbox 1460 448 1548 476; x_wconf 84' lang='lat' dir='ltr'>ﬂexit.</span> <span class='ocrx_word' id='word_1_390' title='bbox 1564 447 1687 475; x_wconf 77' lang='lat' dir='ltr'>Etiamsi</span> <span class='ocrx_word' id='word_1_391' title='bbox 1703 455 1770 476; x_wconf 88' lang='lat' dir='ltr'>vero</span> <span class='ocrx_word' id='word_1_392' title='bbox 1784 447 1863 476; x_wconf 90' lang='lat' dir='ltr'>mul-</span> 
     </span>
    </p>
   </div>
   <div class='ocr_carea' id='block_1_55' title="bbox 1035 490 1862 527">
    <p class='ocr_par' dir='ltr' id='par_1_55' title="bbox 1035 490 1862 527">
     <span class='ocr_line' id='line_1_55' title="bbox 1035 490 1862 527; baseline 0 -9"><span class='ocrx_word' id='word_1_393' title='bbox 1035 492 1097 518; x_wconf 87' lang='lat' dir='ltr'>tum</span> <span class='ocrx_word' id='word_1_394' title='bbox 1122 491 1241 527; x_wconf 81' lang='lat' dir='ltr'>prodest</span> <span class='ocrx_word' id='word_1_395' title='bbox 1265 498 1394 526; x_wconf 87' lang='lat' dir='ltr'>genuum</span> <span class='ocrx_word' id='word_1_396' title='bbox 1422 490 1517 524; x_wconf 85' lang='lat' dir='ltr'>ﬂexio,</span> <span class='ocrx_word' id='word_1_397' title='bbox 1532 493 1560 519; x_wconf 86' lang='lat' dir='ltr'>et</span> <span class='ocrx_word' id='word_1_398' title='bbox 1586 490 1704 519; x_wconf 89' lang='lat' dir='ltr'>sudoris</span> <span class='ocrx_word' id='word_1_399' title='bbox 1720 491 1862 527; x_wconf 79' lang='lat' dir='ltr'>profusio,</span> 
     </span>
    </p>
   </div>
   <div class='ocr_carea' id='block_1_56' title="bbox 1035 535 1862 572">
    <p class='ocr_par' dir='ltr' id='par_1_56' title="bbox 1035 535 1862 572">
     <span class='ocr_line' id='line_1_56' title="bbox 1035 535 1862 572; baseline 0.004 -10"><span class='ocrx_word' id='word_1_400' title='bbox 1035 537 1064 563; x_wconf 92' lang='lat' dir='ltr'>et</span> <span class='ocrx_word' id='word_1_401' title='bbox 1086 535 1282 571; x_wconf 80' lang='lat' dir='ltr'>lacrymarum</span> <span class='ocrx_word' id='word_1_402' title='bbox 1298 536 1511 572; x_wconf 76' lang='lat' dir='ltr'>sanguinisque</span> <span class='ocrx_word' id='word_1_403' title='bbox 1539 536 1622 571; x_wconf 83' lang='lat' dir='ltr'>copia</span> <span class='ocrx_word' id='word_1_404' title='bbox 1645 535 1745 564; x_wconf 90' lang='lat' dir='ltr'>densis</span> <span class='ocrx_word' id='word_1_405' title='bbox 1774 535 1862 565; x_wconf 78' lang='lat' dir='ltr'>stillis</span> 
     </span>
    </p>
   </div>
   <div class='ocr_carea' id='block_1_57' title="bbox 1035 578 1861 616">
    <p class='ocr_par' dir='ltr' id='par_1_57' title="bbox 1035 578 1861 616">
     <span class='ocr_line' id='line_1_57' title="bbox 1035 578 1861 616; baseline 0.001 -9"><span class='ocrx_word' id='word_1_406' title='bbox 1035 579 1178 612; x_wconf 91' lang='lat' dir='ltr'>deﬂuens,</span> <span class='ocrx_word' id='word_1_407' title='bbox 1207 588 1260 616; x_wconf 89' lang='lat' dir='ltr'>ego</span> <span class='ocrx_word' id='word_1_408' title='bbox 1287 583 1398 615; x_wconf 86' lang='lat' dir='ltr'>tamen,</span> <span class='ocrx_word' id='word_1_409' title='bbox 1429 578 1529 616; x_wconf 85' lang='lat' dir='ltr'>utpote</span> <span class='ocrx_word' id='word_1_410' title='bbox 1558 588 1739 616; x_wconf 84' lang='lat' dir='ltr'>cognoscens</span> <span class='ocrx_word' id='word_1_411' title='bbox 1769 581 1861 608; x_wconf 87' lang='lat' dir='ltr'>Deum</span> 
     </span>
    </p>
   </div>
   <div class='ocr_carea' id='block_1_58' title="bbox 1034 624 1860 660">
    <p class='ocr_par' dir='ltr' id='par_1_58' title="bbox 1034 624 1860 660">
     <span class='ocr_line' id='line_1_58' title="bbox 1034 624 1860 660; baseline 0.002 -9"><span class='ocrx_word' id='word_1_412' title='bbox 1034 625 1158 659; x_wconf 79' lang='lat' dir='ltr'>ejusque</span> <span class='ocrx_word' id='word_1_413' title='bbox 1184 624 1359 660; x_wconf 86' lang='lat' dir='ltr'>potentiam,</span> <span class='ocrx_word' id='word_1_414' title='bbox 1383 633 1441 660; x_wconf 89' lang='lat' dir='ltr'>qua</span> <span class='ocrx_word' id='word_1_415' title='bbox 1465 625 1564 652; x_wconf 83' lang='lat' dir='ltr'>omnia</span> <span class='ocrx_word' id='word_1_416' title='bbox 1588 624 1665 652; x_wconf 84' lang='lat' dir='ltr'>bona</span> <span class='ocrx_word' id='word_1_417' title='bbox 1689 625 1860 653; x_wconf 89' lang='lat' dir='ltr'>hominibus</span> 
     </span>
    </p>
   </div>
   <div class='ocr_carea' id='block_1_59' title="bbox 1033 667 1859 705">
    <p class='ocr_par' dir='ltr' id='par_1_59' title="bbox 1033 667 1859 705">
     <span class='ocr_line' id='line_1_59' title="bbox 1033 667 1859 705; baseline 0.001 -9"><span class='ocrx_word' id='word_1_418' title='bbox 1033 667 1167 704; x_wconf 85' lang='lat' dir='ltr'>largitur,</span> <span class='ocrx_word' id='word_1_419' title='bbox 1176 676 1270 704; x_wconf 82' lang='lat' dir='ltr'>neque</span> <span class='ocrx_word' id='word_1_420' title='bbox 1282 669 1443 704; x_wconf 79' lang='lat' dir='ltr'>quidquam</span> <span class='ocrx_word' id='word_1_421' title='bbox 1454 669 1539 697; x_wconf 87' lang='lat' dir='ltr'>nihili</span> <span class='ocrx_word' id='word_1_422' title='bbox 1555 669 1635 702; x_wconf 83' lang='lat' dir='ltr'>facit,</span> <span class='ocrx_word' id='word_1_423' title='bbox 1647 669 1698 697; x_wconf 86' lang='lat' dir='ltr'>sed</span> <span class='ocrx_word' id='word_1_424' title='bbox 1709 678 1743 697; x_wconf 85' lang='lat' dir='ltr'>ea</span> <span class='ocrx_word' id='word_1_425' title='bbox 1751 669 1859 705; x_wconf 78' lang='lat' dir='ltr'>partim</span> 
     </span>
    </p>
   </div>
   <div class='ocr_carea' id='block_1_60' title="bbox 1033 712 1858 750">
    <p class='ocr_par' dir='ltr' id='par_1_60' title="bbox 1033 712 1858 750">
     <span class='ocr_line' id='line_1_60' title="bbox 1033 712 1858 750; baseline 0.004 -11"><span class='ocrx_word' id='word_1_426' title='bbox 1033 712 1140 746; x_wconf 85' lang='lat' dir='ltr'>robori,</span> <span class='ocrx_word' id='word_1_427' title='bbox 1157 713 1264 748; x_wconf 89' lang='lat' dir='ltr'>partim</span> <span class='ocrx_word' id='word_1_428' title='bbox 1290 713 1454 741; x_wconf 83' lang='lat' dir='ltr'>inﬁrmitati</span> <span class='ocrx_word' id='word_1_429' title='bbox 1479 713 1633 741; x_wconf 83' lang='lat' dir='ltr'>hominum</span> <span class='ocrx_word' id='word_1_430' title='bbox 1648 714 1778 750; x_wconf 83' lang='lat' dir='ltr'>adaptat,</span> <span class='ocrx_word' id='word_1_431' title='bbox 1794 722 1858 750; x_wconf 88' lang='lat' dir='ltr'>ego,</span> 
     </span>
    </p>
   </div>
   <div class='ocr_carea' id='block_1_61' title="bbox 1032 756 1858 794">
    <p class='ocr_par' dir='ltr' id='par_1_61' title="bbox 1032 756 1858 794">
     <span class='ocr_line' id='line_1_61' title="bbox 1032 756 1858 794; baseline 0.002 -10"><span class='ocrx_word' id='word_1_432' title='bbox 1032 756 1166 792; x_wconf 89' lang='lat' dir='ltr'>inquam,</span> <span class='ocrx_word' id='word_1_433' title='bbox 1182 757 1232 785; x_wconf 91' lang='lat' dir='ltr'>illa</span> <span class='ocrx_word' id='word_1_434' title='bbox 1243 766 1309 794; x_wconf 70' lang='lat' dir='ltr'>quis</span> <span class='ocrx_word' id='word_1_435' title='bbox 1318 766 1370 786; x_wconf 88' lang='lat' dir='ltr'>vos</span> <span class='ocrx_word' id='word_1_436' title='bbox 1386 758 1503 793; x_wconf 87' lang='lat' dir='ltr'>assequi</span> <span class='ocrx_word' id='word_1_437' title='bbox 1519 766 1577 786; x_wconf 86' lang='lat' dir='ltr'>non</span> <span class='ocrx_word' id='word_1_438' title='bbox 1593 757 1725 793; x_wconf 83' lang='lat' dir='ltr'>potestis,</span> <span class='ocrx_word' id='word_1_439' title='bbox 1738 758 1858 794; x_wconf 74' lang='lat' dir='ltr'>egregias</span> 
     </span>
    </p>
   </div>
   <div class='ocr_carea' id='block_1_62' title="bbox 1032 801 1858 838">
    <p class='ocr_par' dir='ltr' id='par_1_62' title="bbox 1032 801 1858 838">
     <span class='ocr_line' id='line_1_62' title="bbox 1032 801 1858 838; baseline 0.001 -9"><span class='ocrx_word' id='word_1_440' title='bbox 1032 801 1148 830; x_wconf 87' lang='lat' dir='ltr'>virtutis</span> <span class='ocrx_word' id='word_1_441' title='bbox 1174 810 1239 830; x_wconf 85' lang='lat' dir='ltr'>esse</span> <span class='ocrx_word' id='word_1_442' title='bbox 1264 810 1378 830; x_wconf 83' lang='lat' dir='ltr'>censeo.</span> <span class='ocrx_word' id='word_1_443' title='bbox 1405 803 1590 838; x_wconf 78' lang='lat' dir='ltr'>Quaecunque</span> <span class='ocrx_word' id='word_1_444' title='bbox 1617 805 1714 830; x_wconf 88' lang='lat' dir='ltr'>autem</span> <span class='ocrx_word' id='word_1_445' title='bbox 1742 802 1858 838; x_wconf 79' lang='lat' dir='ltr'>magnis</span> 
     </span>
    </p>
   </div>
   <div class='ocr_carea' id='block_1_63' title="bbox 1030 845 1859 874">
    <p class='ocr_par' dir='ltr' id='par_1_63' title="bbox 1030 845 1859 874">
     <span class='ocr_line' id='line_1_63' title="bbox 1030 845 1859 874; baseline 0.001 -1"><span class='ocrx_word' id='word_1_446' title='bbox 1030 845 1089 874; x_wconf 90' lang='lat' dir='ltr'>illis</span> <span class='ocrx_word' id='word_1_447' title='bbox 1104 846 1316 874; x_wconf 78' lang='lat' dir='ltr'>certaminibus</span> <span class='ocrx_word' id='word_1_448' title='bbox 1335 849 1364 874; x_wconf 86' lang='lat' dir='ltr'>et</span> <span class='ocrx_word' id='word_1_449' title='bbox 1380 846 1529 874; x_wconf 81' lang='lat' dir='ltr'>laboribus</span> <span class='ocrx_word' id='word_1_450' title='bbox 1553 849 1582 874; x_wconf 86' lang='lat' dir='ltr'>et</span> <span class='ocrx_word' id='word_1_451' title='bbox 1596 846 1705 874; x_wconf 88' lang='lat' dir='ltr'>studiis</span> <span class='ocrx_word' id='word_1_452' title='bbox 1720 846 1859 874; x_wconf 83' lang='lat' dir='ltr'>inferiora</span> 
     </span>
    </p>
   </div>
   <div class='ocr_carea' id='block_1_64' title="bbox 1029 890 1857 927">
    <p class='ocr_par' dir='ltr' id='par_1_64' title="bbox 1029 890 1857 927">
     <span class='ocr_line' id='line_1_64' title="bbox 1029 890 1857 927; baseline 0 -9"><span class='ocrx_word' id='word_1_453' title='bbox 1029 893 1110 925; x_wconf 86' lang='lat' dir='ltr'>sunt,</span> <span class='ocrx_word' id='word_1_454' title='bbox 1126 891 1161 919; x_wconf 88' lang='lat' dir='ltr'>ad</span> <span class='ocrx_word' id='word_1_455' title='bbox 1179 891 1411 919; x_wconf 75' lang='lat' dir='ltr'>mediocritatem</span> <span class='ocrx_word' id='word_1_456' title='bbox 1432 891 1536 923; x_wconf 72' lang='lat' dir='ltr'>refero,</span> <span class='ocrx_word' id='word_1_457' title='bbox 1553 890 1600 918; x_wconf 86' lang='lat' dir='ltr'>cui</span> <span class='ocrx_word' id='word_1_458' title='bbox 1615 890 1747 927; x_wconf 83' lang='lat' dir='ltr'>plerique</span> <span class='ocrx_word' id='word_1_459' title='bbox 1761 890 1857 919; x_wconf 89' lang='lat' dir='ltr'>homi-</span> 
     </span>
    </p>
   </div>
   <div class='ocr_carea' id='block_1_65' title="bbox 1030 935 1856 972">
    <p class='ocr_par' dir='ltr' id='par_1_65' title="bbox 1030 935 1856 972">
     <span class='ocr_line' id='line_1_65' title="bbox 1030 935 1856 972; baseline 0.001 -10"><span class='ocrx_word' id='word_1_460' title='bbox 1030 943 1082 962; x_wconf 89' lang='lat' dir='ltr'>nes</span> <span class='ocrx_word' id='word_1_461' title='bbox 1105 935 1214 963; x_wconf 79' lang='lat' dir='ltr'>addicti</span> <span class='ocrx_word' id='word_1_462' title='bbox 1230 937 1309 970; x_wconf 92' lang='lat' dir='ltr'>sunt,</span> <span class='ocrx_word' id='word_1_463' title='bbox 1326 937 1355 963; x_wconf 89' lang='lat' dir='ltr'>et</span> <span class='ocrx_word' id='word_1_464' title='bbox 1378 935 1565 971; x_wconf 88' lang='lat' dir='ltr'>potissimum</span> <span class='ocrx_word' id='word_1_465' title='bbox 1580 936 1600 962; x_wconf 91' lang='lat' dir='ltr'>ii</span> <span class='ocrx_word' id='word_1_466' title='bbox 1624 935 1674 972; x_wconf 89' lang='lat' dir='ltr'>qui</span> <span class='ocrx_word' id='word_1_467' title='bbox 1691 935 1856 963; x_wconf 84' lang='lat' dir='ltr'>necessario</span> 
     </span>
    </p>
   </div>
   <div class='ocr_carea' id='block_1_66' title="bbox 1030 978 1853 1016">
    <p class='ocr_par' dir='ltr' id='par_1_66' title="bbox 1030 978 1853 1016">
     <span class='ocr_line' id='line_1_66' title="bbox 1030 978 1853 1016; baseline 0.001 -10"><span class='ocrx_word' id='word_1_468' title='bbox 1030 978 1119 1014; x_wconf 83' lang='lat' dir='ltr'>hujus</span> <span class='ocrx_word' id='word_1_469' title='bbox 1134 979 1201 1007; x_wconf 66' lang='lat' dir='ltr'>vitis</span> <span class='ocrx_word' id='word_1_470' title='bbox 1216 980 1311 1007; x_wconf 86' lang='lat' dir='ltr'>turbis</span> <span class='ocrx_word' id='word_1_471' title='bbox 1322 981 1410 1016; x_wconf 87' lang='lat' dir='ltr'>atque</span> <span class='ocrx_word' id='word_1_472' title='bbox 1425 980 1503 1007; x_wconf 88' lang='lat' dir='ltr'>curis</span> <span class='ocrx_word' id='word_1_473' title='bbox 1515 979 1768 1016; x_wconf 83' lang='lat' dir='ltr'>constringuntur,</span> <span class='ocrx_word' id='word_1_474' title='bbox 1780 988 1853 1015; x_wconf 89' lang='lat' dir='ltr'>quos</span> 
     </span>
    </p>
   </div>
   <div class='ocr_carea' id='block_1_67' title="bbox 1030 1023 1854 1060">
    <p class='ocr_par' dir='ltr' id='par_1_67' title="bbox 1030 1023 1854 1060">
     <span class='ocr_line' id='line_1_67' title="bbox 1030 1023 1854 1060; baseline 0.001 -9"><span class='ocrx_word' id='word_1_475' title='bbox 1030 1024 1066 1051; x_wconf 90' lang='lat' dir='ltr'>ad</span> <span class='ocrx_word' id='word_1_476' title='bbox 1082 1023 1265 1051; x_wconf 84' lang='lat' dir='ltr'>honestatem</span> <span class='ocrx_word' id='word_1_477' title='bbox 1281 1024 1348 1051; x_wconf 87' lang='lat' dir='ltr'>huic</span> <span class='ocrx_word' id='word_1_478' title='bbox 1364 1024 1489 1060; x_wconf 87' lang='lat' dir='ltr'>tempori</span> <span class='ocrx_word' id='word_1_479' title='bbox 1512 1024 1731 1052; x_wconf 87' lang='lat' dir='ltr'>convenientem</span> <span class='ocrx_word' id='word_1_480' title='bbox 1747 1024 1854 1060; x_wconf 83' lang='lat' dir='ltr'>perdu—</span> 
     </span>
    </p>
   </div>
   <div class='ocr_carea' id='block_1_68' title="bbox 1031 1068 1854 1104">
    <p class='ocr_par' dir='ltr' id='par_1_68' title="bbox 1031 1068 1854 1104">
     <span class='ocr_line' id='line_1_68' title="bbox 1031 1068 1854 1104; baseline 0.001 -9"><span class='ocrx_word' id='word_1_481' title='bbox 1031 1075 1100 1095; x_wconf 87' lang='lat' dir='ltr'>cens</span> <span class='ocrx_word' id='word_1_482' title='bbox 1125 1070 1154 1095; x_wconf 92' lang='lat' dir='ltr'>et</span> <span class='ocrx_word' id='word_1_483' title='bbox 1176 1076 1306 1104; x_wconf 89' lang='lat' dir='ltr'>genuum</span> <span class='ocrx_word' id='word_1_484' title='bbox 1331 1068 1475 1101; x_wconf 80' lang='lat' dir='ltr'>ﬂexionis,</span> <span class='ocrx_word' id='word_1_485' title='bbox 1491 1069 1526 1096; x_wconf 88' lang='lat' dir='ltr'>de</span> <span class='ocrx_word' id='word_1_486' title='bbox 1550 1076 1608 1104; x_wconf 82' lang='lat' dir='ltr'>qua</span> <span class='ocrx_word' id='word_1_487' title='bbox 1632 1068 1782 1104; x_wconf 87' lang='lat' dir='ltr'>hucusque</span> <span class='ocrx_word' id='word_1_488' title='bbox 1802 1077 1854 1096; x_wconf 90' lang='lat' dir='ltr'>no-</span> 
     </span>
    </p>
   </div>
   <div class='ocr_carea' id='block_1_69' title="bbox 1032 1111 1854 1149">
    <p class='ocr_par' dir='ltr' id='par_1_69' title="bbox 1032 1111 1854 1149">
     <span class='ocr_line' id='line_1_69' title="bbox 1032 1111 1854 1149; baseline 0.002 -10"><span class='ocrx_word' id='word_1_489' title='bbox 1032 1111 1076 1140; x_wconf 89' lang='lat' dir='ltr'>bis</span> <span class='ocrx_word' id='word_1_490' title='bbox 1101 1120 1196 1140; x_wconf 86' lang='lat' dir='ltr'>sermo</span> <span class='ocrx_word' id='word_1_491' title='bbox 1225 1112 1291 1147; x_wconf 75' lang='lat' dir='ltr'>tuit,</span> <span class='ocrx_word' id='word_1_492' title='bbox 1315 1112 1581 1141; x_wconf 78' lang='lat' dir='ltr'>commonefaciens</span> <span class='ocrx_word' id='word_1_493' title='bbox 1605 1113 1680 1149; x_wconf 84' lang='lat' dir='ltr'>dico,</span> <span class='ocrx_word' id='word_1_494' title='bbox 1706 1121 1774 1141; x_wconf 90' lang='lat' dir='ltr'>eum</span> <span class='ocrx_word' id='word_1_495' title='bbox 1803 1113 1854 1149; x_wconf 91' lang='lat' dir='ltr'>qui</span> 
     </span>
    </p>
   </div>
   <div class='ocr_carea' id='block_1_70' title="bbox 1031 1155 1853 1192">
    <p class='ocr_par' dir='ltr' id='par_1_70' title="bbox 1031 1155 1853 1192">
     <span class='ocr_line' id='line_1_70' title="bbox 1031 1155 1853 1192; baseline 0.004 -9"><span class='ocrx_word' id='word_1_496' title='bbox 1031 1156 1161 1184; x_wconf 87' lang='lat' dir='ltr'>animam</span> <span class='ocrx_word' id='word_1_497' title='bbox 1185 1155 1317 1189; x_wconf 87' lang='lat' dir='ltr'>inclinat,</span> <span class='ocrx_word' id='word_1_498' title='bbox 1347 1159 1375 1184; x_wconf 89' lang='lat' dir='ltr'>et</span> <span class='ocrx_word' id='word_1_499' title='bbox 1397 1156 1544 1185; x_wconf 80' lang='lat' dir='ltr'>carnalem</span> <span class='ocrx_word' id='word_1_500' title='bbox 1569 1165 1689 1186; x_wconf 83' lang='lat' dir='ltr'>sensum</span> <span class='ocrx_word' id='word_1_501' title='bbox 1715 1157 1853 1192; x_wconf 88' lang='lat' dir='ltr'>deﬂectit,</span> 
     </span>
    </p>
   </div>
   <div class='ocr_carea' id='block_1_71' title="bbox 1031 1201 1855 1238">
    <p class='ocr_par' dir='ltr' id='par_1_71' title="bbox 1031 1201 1855 1238">
     <span class='ocr_line' id='line_1_71' title="bbox 1031 1201 1855 1238; baseline 0.002 -10"><span class='ocrx_word' id='word_1_502' title='bbox 1031 1204 1060 1229; x_wconf 90' lang='lat' dir='ltr'>et</span> <span class='ocrx_word' id='word_1_503' title='bbox 1087 1201 1230 1236; x_wconf 63' lang='lat' dir='ltr'>superbiae</span> <span class='ocrx_word' id='word_1_504' title='bbox 1253 1201 1478 1229; x_wconf 85' lang='lat' dir='ltr'>ostentationem</span> <span class='ocrx_word' id='word_1_505' title='bbox 1504 1202 1540 1229; x_wconf 85' lang='lat' dir='ltr'>ad</span> <span class='ocrx_word' id='word_1_506' title='bbox 1570 1202 1719 1230; x_wconf 63' lang='lat' dir='ltr'>modestia:</span> <span class='ocrx_word' id='word_1_507' title='bbox 1744 1205 1855 1238; x_wconf 88' lang='lat' dir='ltr'>tempe-</span> 
     </span>
    </p>
   </div>
   <div class='ocr_carea' id='block_1_72' title="bbox 1031 1245 1857 1280">
    <p class='ocr_par' dir='ltr' id='par_1_72' title="bbox 1031 1245 1857 1280">
     <span class='ocr_line' id='line_1_72' title="bbox 1031 1245 1857 1280; baseline 0.002 -8"><span class='ocrx_word' id='word_1_508' title='bbox 1031 1245 1156 1272; x_wconf 85' lang='lat' dir='ltr'>rantiam</span> <span class='ocrx_word' id='word_1_509' title='bbox 1181 1245 1305 1278; x_wconf 84' lang='lat' dir='ltr'>reducit,</span> <span class='ocrx_word' id='word_1_510' title='bbox 1331 1245 1371 1273; x_wconf 90' lang='lat' dir='ltr'>ita</span> <span class='ocrx_word' id='word_1_511' title='bbox 1396 1248 1427 1273; x_wconf 88' lang='lat' dir='ltr'>ut</span> <span class='ocrx_word' id='word_1_512' title='bbox 1450 1246 1534 1280; x_wconf 85' lang='lat' dir='ltr'>quasi</span> <span class='ocrx_word' id='word_1_513' title='bbox 1558 1245 1587 1274; x_wconf 90' lang='lat' dir='ltr'>iu</span> <span class='ocrx_word' id='word_1_514' title='bbox 1613 1247 1784 1275; x_wconf 86' lang='lat' dir='ltr'>abscondito</span> <span class='ocrx_word' id='word_1_515' title='bbox 1813 1247 1857 1274; x_wconf 86' lang='lat' dir='ltr'>vi-</span> 
     </span>
    </p>
   </div>
   <div class='ocr_carea' id='block_1_73' title="bbox 1031 1290 1856 1327">
    <p class='ocr_par' dir='ltr' id='par_1_73' title="bbox 1031 1290 1856 1327">
     <span class='ocr_line' id='line_1_73' title="bbox 1031 1290 1856 1327; baseline 0.004 -11"><span class='ocrx_word' id='word_1_516' title='bbox 1031 1291 1079 1316; x_wconf 84' lang='lat' dir='ltr'>vat</span> <span class='ocrx_word' id='word_1_517' title='bbox 1106 1296 1200 1325; x_wconf 90' lang='lat' dir='ltr'>neque</span> <span class='ocrx_word' id='word_1_518' title='bbox 1228 1297 1327 1317; x_wconf 86' lang='lat' dir='ltr'>coram</span> <span class='ocrx_word' id='word_1_519' title='bbox 1357 1290 1467 1318; x_wconf 87' lang='lat' dir='ltr'>mundo</span> <span class='ocrx_word' id='word_1_520' title='bbox 1495 1290 1625 1325; x_wconf 82' lang='lat' dir='ltr'>conspici</span> <span class='ocrx_word' id='word_1_521' title='bbox 1653 1291 1770 1327; x_wconf 86' lang='lat' dir='ltr'>gestiat,</span> <span class='ocrx_word' id='word_1_522' title='bbox 1804 1292 1856 1320; x_wconf 88' lang='lat' dir='ltr'>sed</span> 
     </span>
    </p>
   </div>
   <div class='ocr_carea' id='block_1_74' title="bbox 1031 1333 1856 1372">
    <p class='ocr_par' dir='ltr' id='par_1_74' title="bbox 1031 1333 1856 1372">
     <span class='ocr_line' id='line_1_74' title="bbox 1031 1333 1856 1372; baseline 0.005 -12"><span class='ocrx_word' id='word_1_523' title='bbox 1031 1341 1117 1361; x_wconf 89' lang='lat' dir='ltr'>omne</span> <span class='ocrx_word' id='word_1_524' title='bbox 1136 1333 1327 1369; x_wconf 86' lang='lat' dir='ltr'>supercilium</span> <span class='ocrx_word' id='word_1_525' title='bbox 1352 1336 1381 1362; x_wconf 89' lang='lat' dir='ltr'>et</span> <span class='ocrx_word' id='word_1_526' title='bbox 1395 1333 1471 1362; x_wconf 88' lang='lat' dir='ltr'>altos</span> <span class='ocrx_word' id='word_1_527' title='bbox 1495 1335 1618 1370; x_wconf 84' lang='lat' dir='ltr'>spiritus</span> <span class='ocrx_word' id='word_1_528' title='bbox 1634 1338 1777 1372; x_wconf 81' lang='lat' dir='ltr'>quantum</span> <span class='ocrx_word' id='word_1_529' title='bbox 1793 1336 1856 1364; x_wconf 83' lang='lat' dir='ltr'>ﬁeri</span> 
     </span>
    </p>
   </div>
   <div class='ocr_carea' id='block_1_75' title="bbox 1031 1378 1856 1417">
    <p class='ocr_par' dir='ltr' id='par_1_75' title="bbox 1031 1378 1856 1417">
     <span class='ocr_line' id='line_1_75' title="bbox 1031 1378 1856 1417; baseline 0.005 -12"><span class='ocrx_word' id='word_1_530' title='bbox 1031 1380 1127 1413; x_wconf 87' lang='lat' dir='ltr'>potest</span> <span class='ocrx_word' id='word_1_531' title='bbox 1152 1378 1318 1414; x_wconf 68' lang='lat' dir='ltr'>Ldoprimat,</span> <span class='ocrx_word' id='word_1_532' title='bbox 1348 1387 1415 1406; x_wconf 91' lang='lat' dir='ltr'>eum</span> <span class='ocrx_word' id='word_1_533' title='bbox 1455 1379 1519 1407; x_wconf 87' lang='lat' dir='ltr'>dico</span> <span class='ocrx_word' id='word_1_534' title='bbox 1548 1388 1606 1408; x_wconf 89' lang='lat' dir='ltr'>nou</span> <span class='ocrx_word' id='word_1_535' title='bbox 1646 1389 1720 1417; x_wconf 92' lang='lat' dir='ltr'>opus</span> <span class='ocrx_word' id='word_1_536' title='bbox 1747 1381 1856 1409; x_wconf 84' lang='lat' dir='ltr'>habere</span> 
     </span>
    </p>
   </div>
   <div class='ocr_carea' id='block_1_76' title="bbox 1031 1422 1855 1459">
    <p class='ocr_par' dir='ltr' id='par_1_76' title="bbox 1031 1422 1855 1459">
     <span class='ocr_line' id='line_1_76' title="bbox 1031 1422 1855 1459; baseline 0.004 -9"><span class='ocrx_word' id='word_1_537' title='bbox 1031 1430 1160 1458; x_wconf 79' lang='lat' dir='ltr'>genuum</span> <span class='ocrx_word' id='word_1_538' title='bbox 1185 1422 1318 1457; x_wconf 85' lang='lat' dir='ltr'>ﬂexione,</span> <span class='ocrx_word' id='word_1_539' title='bbox 1346 1423 1455 1459; x_wconf 87' lang='lat' dir='ltr'>quippe</span> <span class='ocrx_word' id='word_1_540' title='bbox 1479 1423 1530 1459; x_wconf 87' lang='lat' dir='ltr'>qui</span> <span class='ocrx_word' id='word_1_541' title='bbox 1554 1424 1706 1453; x_wconf 87' lang='lat' dir='ltr'>humiliter</span> <span class='ocrx_word' id='word_1_542' title='bbox 1729 1433 1793 1453; x_wconf 86' lang='lat' dir='ltr'>sese</span> <span class='ocrx_word' id='word_1_543' title='bbox 1819 1426 1855 1453; x_wconf 86' lang='lat' dir='ltr'>ad</span> 
     </span>
    </p>
   </div>
   <div class='ocr_carea' id='block_1_77' title="bbox 1030 1467 1855 1506">
    <p class='ocr_par' dir='ltr' id='par_1_77' title="bbox 1030 1467 1855 1506">
     <span class='ocr_line' id='line_1_77' title="bbox 1030 1467 1855 1506; baseline 0.006 -12"><span class='ocrx_word' id='word_1_544' title='bbox 1030 1469 1137 1495; x_wconf 76' lang='lat' dir='ltr'>terram</span> <span class='ocrx_word' id='word_1_545' title='bbox 1163 1468 1329 1503; x_wconf 84' lang='lat' dir='ltr'>prosternit,</span> <span class='ocrx_word' id='word_1_546' title='bbox 1356 1469 1385 1495; x_wconf 87' lang='lat' dir='ltr'>et</span> <span class='ocrx_word' id='word_1_547' title='bbox 1411 1467 1501 1496; x_wconf 90' lang='lat' dir='ltr'>veluti</span> <span class='ocrx_word' id='word_1_548' title='bbox 1528 1469 1646 1504; x_wconf 84' lang='lat' dir='ltr'>vermis,</span> <span class='ocrx_word' id='word_1_549' title='bbox 1661 1472 1708 1505; x_wconf 72' lang='lat' dir='ltr'>[ne</span> <span class='ocrx_word' id='word_1_550' title='bbox 1733 1470 1855 1506; x_wconf 75' lang='lat' dir='ltr'>dignum</span> 
     </span>
    </p>
   </div>
   <div class='ocr_carea' id='block_1_78' title="bbox 1031 1511 1855 1550">
    <p class='ocr_par' dir='ltr' id='par_1_78' title="bbox 1031 1511 1855 1550">
     <span class='ocr_line' id='line_1_78' title="bbox 1031 1511 1855 1550; baseline 0.005 -11"><span class='ocrx_word' id='word_1_551' title='bbox 1031 1511 1150 1547; x_wconf 83' lang='lat' dir='ltr'>quidem</span> <span class='ocrx_word' id='word_1_552' title='bbox 1175 1519 1240 1540; x_wconf 88' lang='lat' dir='ltr'>sese</span> <span class='ocrx_word' id='word_1_553' title='bbox 1263 1511 1411 1540; x_wconf 81' lang='lat' dir='ltr'>existimat</span> <span class='ocrx_word' id='word_1_554' title='bbox 1438 1512 1489 1548; x_wconf 92' lang='lat' dir='ltr'>qui</span> <span class='ocrx_word' id='word_1_555' title='bbox 1517 1521 1608 1550; x_wconf 84' lang='lat' dir='ltr'>supra</span> <span class='ocrx_word' id='word_1_556' title='bbox 1633 1516 1740 1543; x_wconf 85' lang='lat' dir='ltr'>terram</span> <span class='ocrx_word' id='word_1_557' title='bbox 1762 1515 1855 1543; x_wconf 82' lang='lat' dir='ltr'>extol-</span> 
     </span>
    </p>
   </div>
   <div class='ocr_carea' id='block_1_79' title="bbox 1030 1555 1118 1584">
    <p class='ocr_par' dir='ltr' id='par_1_79' title="bbox 1030 1555 1118 1584">
     <span class='ocr_line' id='line_1_79' title="bbox 1030 1555 1118 1584; baseline 0 0"><span class='ocrx_word' id='word_1_558' title='bbox 1030 1555 1118 1584; x_wconf 86' lang='lat' dir='ltr'>latur.</span> 
     </span>
    </p>
   </div>
   <div class='ocr_carea' id='block_1_80' title="bbox 1065 1699 1856 1738">
    <p class='ocr_par' dir='ltr' id='par_1_80' title="bbox 1065 1699 1856 1738">
     <span class='ocr_line' id='line_1_80' title="bbox 1065 1699 1856 1738; baseline 0.006 -12"><span class='ocrx_word' id='word_1_559' title='bbox 1065 1699 1109 1726; x_wconf 89' lang='grc'>17.</span> <span class='ocrx_word' id='word_1_560' title='bbox 1128 1699 1227 1735; x_wconf 86' lang='lat' dir='ltr'>Itaque</span> <span class='ocrx_word' id='word_1_561' title='bbox 1242 1707 1293 1735; x_wconf 90' lang='lat' dir='ltr'>pro</span> <span class='ocrx_word' id='word_1_562' title='bbox 1308 1707 1439 1736; x_wconf 85' lang='lat' dir='ltr'>genuum</span> <span class='ocrx_word' id='word_1_563' title='bbox 1455 1700 1588 1734; x_wconf 80' lang='lat' dir='ltr'>ﬂexione,</span> <span class='ocrx_word' id='word_1_564' title='bbox 1599 1709 1615 1730; x_wconf 91' lang='grc' dir='ltr'>ο</span> <span class='ocrx_word' id='word_1_565' title='bbox 1629 1701 1745 1738; x_wconf 86' lang='lat' dir='ltr'>fratres,</span> <span class='ocrx_word' id='word_1_566' title='bbox 1756 1702 1856 1731; x_wconf 88' lang='lat' dir='ltr'>humi-</span> 
     </span>
    </p>
   </div>
   <div class='ocr_carea' id='block_1_81' title="bbox 1029 1743 1855 1783">
    <p class='ocr_par' dir='ltr' id='par_1_81' title="bbox 1029 1743 1855 1783">
     <span class='ocr_line' id='line_1_81' title="bbox 1029 1743 1855 1783; baseline 0.006 -13"><span class='ocrx_word' id='word_1_567' title='bbox 1029 1743 1097 1771; x_wconf 86' lang='lat' dir='ltr'>litas</span> <span class='ocrx_word' id='word_1_568' title='bbox 1111 1744 1195 1771; x_wconf 85' lang='lat' dir='ltr'>vobis</span> <span class='ocrx_word' id='word_1_569' title='bbox 1211 1744 1251 1772; x_wconf 89' lang='lat' dir='ltr'>sit</span> <span class='ocrx_word' id='word_1_570' title='bbox 1268 1753 1354 1772; x_wconf 81' lang='lat' dir='ltr'>curas.</span> <span class='ocrx_word' id='word_1_571' title='bbox 1370 1745 1443 1773; x_wconf 88' lang='lat' dir='ltr'>Cum</span> <span class='ocrx_word' id='word_1_572' title='bbox 1459 1748 1556 1774; x_wconf 81' lang='lat' dir='ltr'>autem</span> <span class='ocrx_word' id='word_1_573' title='bbox 1573 1746 1739 1783; x_wconf 80' lang='lat' dir='ltr'>symbolum</span> <span class='ocrx_word' id='word_1_574' title='bbox 1756 1747 1855 1775; x_wconf 90' lang='lat' dir='ltr'>humi-</span> 
     </span>
    </p>
   </div>
   <div class='ocr_carea' id='block_1_82' title="bbox 1028 1787 1854 1827">
    <p class='ocr_par' dir='ltr' id='par_1_82' title="bbox 1028 1787 1854 1827">
     <span class='ocr_line' id='line_1_82' title="bbox 1028 1787 1854 1827; baseline 0.006 -12"><span class='ocrx_word' id='word_1_575' title='bbox 1028 1787 1121 1816; x_wconf 86' lang='lat' dir='ltr'>litatis</span> <span class='ocrx_word' id='word_1_576' title='bbox 1137 1788 1177 1817; x_wconf 86' lang='lat' dir='ltr'>sit</span> <span class='ocrx_word' id='word_1_577' title='bbox 1191 1789 1356 1825; x_wconf 89' lang='lat' dir='ltr'>provolutio</span> <span class='ocrx_word' id='word_1_578' title='bbox 1369 1789 1399 1817; x_wconf 87' lang='lat' dir='ltr'>in</span> <span class='ocrx_word' id='word_1_579' title='bbox 1416 1793 1535 1823; x_wconf 84' lang='lat' dir='ltr'>terram,</span> <span class='ocrx_word' id='word_1_580' title='bbox 1560 1791 1700 1827; x_wconf 88' lang='lat' dir='ltr'>quoniam</span> <span class='ocrx_word' id='word_1_581' title='bbox 1714 1791 1744 1820; x_wconf 88' lang='lat' dir='ltr'>id</span> <span class='ocrx_word' id='word_1_582' title='bbox 1761 1793 1854 1820; x_wconf 85' lang='lat' dir='ltr'>facere</span> 
     </span>
    </p>
   </div>
   <div class='ocr_carea' id='block_1_83' title="bbox 1028 1833 1854 1870">
    <p class='ocr_par' dir='ltr' id='par_1_83' title="bbox 1028 1833 1854 1870">
     <span class='ocr_line' id='line_1_83' title="bbox 1028 1833 1854 1870; baseline 0.006 -10"><span class='ocrx_word' id='word_1_583' title='bbox 1028 1833 1168 1869; x_wconf 87' lang='lat' dir='ltr'>nequitis,</span> <span class='ocrx_word' id='word_1_584' title='bbox 1179 1835 1241 1862; x_wconf 86' lang='lat' dir='ltr'>tota</span> <span class='ocrx_word' id='word_1_585' title='bbox 1251 1833 1406 1862; x_wconf 85' lang='lat' dir='ltr'>animavos</span> <span class='ocrx_word' id='word_1_586' title='bbox 1425 1834 1596 1870; x_wconf 83' lang='lat' dir='ltr'>humiliate;</span> <span class='ocrx_word' id='word_1_587' title='bbox 1607 1839 1743 1864; x_wconf 72' lang='lat' dir='ltr'>ueterum</span> <span class='ocrx_word' id='word_1_588' title='bbox 1755 1839 1854 1865; x_wconf 89' lang='lat' dir='ltr'>autem</span> 
     </span>
    </p>
   </div>
   <div class='ocr_carea' id='block_1_84' title="bbox 1028 1878 1855 1914">
    <p class='ocr_par' dir='ltr' id='par_1_84' title="bbox 1028 1878 1855 1914">
     <span class='ocr_line' id='line_1_84' title="bbox 1028 1878 1855 1914; baseline 0.006 -9"><span class='ocrx_word' id='word_1_589' title='bbox 1028 1878 1202 1914; x_wconf 77' lang='lat' dir='ltr'>cogitantes,</span> <span class='ocrx_word' id='word_1_590' title='bbox 1227 1886 1357 1914; x_wconf 89' lang='lat' dir='ltr'>genuum</span> <span class='ocrx_word' id='word_1_591' title='bbox 1382 1879 1418 1907; x_wconf 85' lang='lat' dir='ltr'>ad</span> <span class='ocrx_word' id='word_1_592' title='bbox 1447 1881 1553 1908; x_wconf 88' lang='lat' dir='ltr'>terram</span> <span class='ocrx_word' id='word_1_593' title='bbox 1580 1880 1764 1909; x_wconf 84' lang='lat' dir='ltr'>inﬂexionem</span> <span class='ocrx_word' id='word_1_594' title='bbox 1789 1889 1855 1910; x_wconf 85' lang='lat' dir='ltr'>esse</span> 
     </span>
    </p>
   </div>
   <div class='ocr_carea' id='block_1_85' title="bbox 1028 1923 1853 1959">
    <p class='ocr_par' dir='ltr' id='par_1_85' title="bbox 1028 1923 1853 1959">
     <span class='ocr_line' id='line_1_85' title="bbox 1028 1923 1853 1959; baseline 0.005 -9"><span class='ocrx_word' id='word_1_595' title='bbox 1028 1930 1196 1959; x_wconf 87' lang='lat' dir='ltr'>corpoream</span> <span class='ocrx_word' id='word_1_596' title='bbox 1206 1931 1262 1959; x_wconf 87' lang='lat' dir='ltr'>qua</span> <span class='ocrx_word' id='word_1_597' title='bbox 1273 1923 1356 1959; x_wconf 88' lang='lat' dir='ltr'>gradi</span> <span class='ocrx_word' id='word_1_598' title='bbox 1366 1923 1633 1959; x_wconf 87' lang='lat' dir='ltr'>prohibemini,alio</span> <span class='ocrx_word' id='word_1_599' title='bbox 1642 1925 1765 1954; x_wconf 88' lang='lat' dir='ltr'>modoiu</span> <span class='ocrx_word' id='word_1_600' title='bbox 1772 1926 1853 1954; x_wconf 89' lang='lat' dir='ltr'>omni</span> 
     </span>
    </p>
   </div>
   <div class='ocr_carea' id='block_1_86' title="bbox 1026 1967 1853 2004">
    <p class='ocr_par' dir='ltr' id='par_1_86' title="bbox 1026 1967 1853 2004">
     <span class='ocr_line' id='line_1_86' title="bbox 1026 1967 1853 2004; baseline 0.006 -10"><span class='ocrx_word' id='word_1_601' title='bbox 1026 1967 1145 1995; x_wconf 89' lang='lat' dir='ltr'>virtutis</span> <span class='ocrx_word' id='word_1_602' title='bbox 1161 1975 1265 2003; x_wconf 82' lang='lat' dir='ltr'>genere</span> <span class='ocrx_word' id='word_1_603' title='bbox 1281 1968 1415 2004; x_wconf 88' lang='lat' dir='ltr'>progredi</span> <span class='ocrx_word' id='word_1_604' title='bbox 1429 1969 1582 1997; x_wconf 73' lang='lat' dir='ltr'>studentis.</span> <span class='ocrx_word' id='word_1_605' title='bbox 1600 1970 1659 1998; x_wconf 83' lang='lat' dir='ltr'>Hoc</span> <span class='ocrx_word' id='word_1_606' title='bbox 1674 1971 1752 1998; x_wconf 87' lang='lat' dir='ltr'>enim</span> <span class='ocrx_word' id='word_1_607' title='bbox 1772 1971 1853 1999; x_wconf 81' lang='lat' dir='ltr'>vobis</span> 
     </span>
    </p>
   </div>
   <div class='ocr_carea' id='block_1_87' title="bbox 1027 2011 1854 2050">
    <p class='ocr_par' dir='ltr' id='par_1_87' title="bbox 1027 2011 1854 2050">
     <span class='ocr_line' id='line_1_87' title="bbox 1027 2011 1854 2050; baseline 0.005 -11"><span class='ocrx_word' id='word_1_608' title='bbox 1027 2012 1057 2039; x_wconf 91' lang='lat' dir='ltr'>in</span> <span class='ocrx_word' id='word_1_609' title='bbox 1073 2011 1181 2039; x_wconf 89' lang='lat' dir='ltr'>bonum</span> <span class='ocrx_word' id='word_1_610' title='bbox 1205 2012 1390 2047; x_wconf 84' lang='lat' dir='ltr'>reputabitur</span> <span class='ocrx_word' id='word_1_611' title='bbox 1402 2021 1418 2040; x_wconf 88' lang='lat' dir='ltr'>a</span> <span class='ocrx_word' id='word_1_612' title='bbox 1438 2013 1496 2040; x_wconf 93' lang='lat' dir='ltr'>Deo</span> <span class='ocrx_word' id='word_1_613' title='bbox 1512 2013 1590 2041; x_wconf 81' lang='lat' dir='ltr'>haud</span> <span class='ocrx_word' id='word_1_614' title='bbox 1607 2015 1706 2042; x_wconf 90' lang='lat' dir='ltr'>minus</span> <span class='ocrx_word' id='word_1_615' title='bbox 1723 2023 1812 2050; x_wconf 88' lang='lat' dir='ltr'>quam</span> <span class='ocrx_word' id='word_1_616' title='bbox 1828 2015 1854 2043; x_wconf 88' lang='lat' dir='ltr'>si</span> 
     </span>
    </p>
   </div>
   <div class='ocr_carea' id='block_1_88' title="bbox 1027 2056 1855 2094">
    <p class='ocr_par' dir='ltr' id='par_1_88' title="bbox 1027 2056 1855 2094">
     <span class='ocr_line' id='line_1_88' title="bbox 1027 2056 1855 2094; baseline 0.005 -11"><span class='ocrx_word' id='word_1_617' title='bbox 1027 2064 1123 2091; x_wconf 89' lang='lat' dir='ltr'>genua</span> <span class='ocrx_word' id='word_1_618' title='bbox 1142 2056 1308 2090; x_wconf 84' lang='lat' dir='ltr'>ﬂexissetis,</span> <span class='ocrx_word' id='word_1_619' title='bbox 1325 2056 1472 2092; x_wconf 85' lang='lat' dir='ltr'>siquidem</span> <span class='ocrx_word' id='word_1_620' title='bbox 1497 2059 1672 2086; x_wconf 88' lang='lat' dir='ltr'>resurrectio</span> <span class='ocrx_word' id='word_1_621' title='bbox 1694 2061 1722 2086; x_wconf 88' lang='lat' dir='ltr'>et</span> <span class='ocrx_word' id='word_1_622' title='bbox 1738 2060 1855 2094; x_wconf 86' lang='lat' dir='ltr'>requies</span> 
     </span>
    </p>
   </div>
   <div class='ocr_carea' id='block_1_89' title="bbox 1027 2099 1853 2135">
    <p class='ocr_par' dir='ltr' id='par_1_89' title="bbox 1027 2099 1853 2135">
     <span class='ocr_line' id='line_1_89' title="bbox 1027 2099 1853 2135; baseline 0.005 -8"><span class='ocrx_word' id='word_1_623' title='bbox 1027 2099 1120 2135; x_wconf 80' lang='lat' dir='ltr'>magis</span> <span class='ocrx_word' id='word_1_624' title='bbox 1143 2102 1185 2128; x_wconf 89' lang='lat' dir='ltr'>est</span> <span class='ocrx_word' id='word_1_625' title='bbox 1210 2103 1321 2128; x_wconf 73' lang='lat' dir='ltr'>naturas</span> <span class='ocrx_word' id='word_1_626' title='bbox 1346 2101 1521 2129; x_wconf 84' lang='lat' dir='ltr'>conveniens</span> <span class='ocrx_word' id='word_1_627' title='bbox 1545 2104 1574 2129; x_wconf 86' lang='lat' dir='ltr'>et</span> <span class='ocrx_word' id='word_1_628' title='bbox 1597 2102 1743 2130; x_wconf 84' lang='lat' dir='ltr'>efﬁcacior</span> <span class='ocrx_word' id='word_1_629' title='bbox 1765 2105 1794 2131; x_wconf 89' lang='lat' dir='ltr'>et</span> <span class='ocrx_word' id='word_1_630' title='bbox 1817 2104 1853 2131; x_wconf 89' lang='lat' dir='ltr'>ad</span> 
     </span>
    </p>
   </div>
   <div class='ocr_carea' id='block_1_90' title="bbox 1026 2144 1855 2182">
    <p class='ocr_par' dir='ltr' id='par_1_90' title="bbox 1026 2144 1855 2182">
     <span class='ocr_line' id='line_1_90' title="bbox 1026 2144 1855 2182; baseline 0.005 -11"><span class='ocrx_word' id='word_1_631' title='bbox 1026 2144 1114 2172; x_wconf 82' lang='lat' dir='ltr'>vitam</span> <span class='ocrx_word' id='word_1_632' title='bbox 1139 2144 1265 2172; x_wconf 77' lang='lat' dir='ltr'>activam</span> <span class='ocrx_word' id='word_1_633' title='bbox 1291 2144 1408 2179; x_wconf 83' lang='lat' dir='ltr'>utilior;</span> <span class='ocrx_word' id='word_1_634' title='bbox 1438 2147 1576 2180; x_wconf 71' lang='lat' dir='ltr'>praeterea</span> <span class='ocrx_word' id='word_1_635' title='bbox 1597 2146 1622 2173; x_wconf 91' lang='lat' dir='ltr'>si</span> <span class='ocrx_word' id='word_1_636' title='bbox 1646 2147 1712 2182; x_wconf 88' lang='lat' dir='ltr'>quis</span> <span class='ocrx_word' id='word_1_637' title='bbox 1738 2147 1810 2175; x_wconf 88' lang='lat' dir='ltr'>bene</span> <span class='ocrx_word' id='word_1_638' title='bbox 1823 2155 1855 2176; x_wconf 88' lang='lat' dir='ltr'>se</span> 
     </span>
    </p>
   </div>
   <div class='ocr_carea' id='block_1_91' title="bbox 1027 2187 1852 2227">
    <p class='ocr_par' dir='ltr' id='par_1_91' title="bbox 1027 2187 1852 2227">
     <span class='ocr_line' id='line_1_91' title="bbox 1027 2187 1852 2227; baseline 0.005 -12"><span class='ocrx_word' id='word_1_639' title='bbox 1027 2187 1160 2223; x_wconf 88' lang='lat' dir='ltr'>inclinat,</span> <span class='ocrx_word' id='word_1_640' title='bbox 1182 2188 1288 2216; x_wconf 92' lang='lat' dir='ltr'>melius</span> <span class='ocrx_word' id='word_1_641' title='bbox 1304 2189 1391 2216; x_wconf 89' lang='lat' dir='ltr'>etiam</span> <span class='ocrx_word' id='word_1_642' title='bbox 1416 2191 1476 2217; x_wconf 87' lang='lat' dir='ltr'>stat</span> <span class='ocrx_word' id='word_1_643' title='bbox 1488 2192 1587 2218; x_wconf 90' lang='lat' dir='ltr'>rectus</span> <span class='ocrx_word' id='word_1_644' title='bbox 1602 2192 1634 2218; x_wconf 89' lang='lat' dir='ltr'>ut</span> <span class='ocrx_word' id='word_1_645' title='bbox 1648 2191 1706 2218; x_wconf 90' lang='lat' dir='ltr'>Deo</span> <span class='ocrx_word' id='word_1_646' title='bbox 1721 2190 1852 2227; x_wconf 81' lang='lat' dir='ltr'>placeat;</span> 
     </span>
    </p>
   </div>
   <div class='ocr_carea' id='block_1_92' title="bbox 1027 2232 1855 2272">
    <p class='ocr_par' dir='ltr' id='par_1_92' title="bbox 1027 2232 1855 2272">
     <span class='ocr_line' id='line_1_92' title="bbox 1027 2232 1855 2272; baseline 0.005 -11"><span class='ocrx_word' id='word_1_647' title='bbox 1027 2233 1155 2269; x_wconf 88' lang='lat' dir='ltr'>denique</span> <span class='ocrx_word' id='word_1_648' title='bbox 1176 2232 1378 2262; x_wconf 85' lang='lat' dir='ltr'>immobilitati</span> <span class='ocrx_word' id='word_1_649' title='bbox 1393 2236 1513 2269; x_wconf 74' lang='lat' dir='ltr'>praestat</span> <span class='ocrx_word' id='word_1_650' title='bbox 1537 2234 1678 2263; x_wconf 78' lang='lat' dir='ltr'>honestus</span> <span class='ocrx_word' id='word_1_651' title='bbox 1699 2237 1809 2272; x_wconf 86' lang='lat' dir='ltr'>motus,</span> <span class='ocrx_word' id='word_1_652' title='bbox 1825 2239 1855 2265; x_wconf 88' lang='lat' dir='ltr'>et</span> 
     </span>
    </p>
   </div>
   <div class='ocr_carea' id='block_1_93' title="bbox 1027 2277 1854 2310">
    <p class='ocr_par' dir='ltr' id='par_1_93' title="bbox 1027 2277 1854 2310">
     <span class='ocr_line' id='line_1_93' title="bbox 1027 2277 1854 2310; baseline 0.005 -5"><span class='ocrx_word' id='word_1_653' title='bbox 1027 2277 1134 2305; x_wconf 90' lang='lat' dir='ltr'>melius</span> <span class='ocrx_word' id='word_1_654' title='bbox 1155 2277 1243 2305; x_wconf 85' lang='lat' dir='ltr'>habet</span> <span class='ocrx_word' id='word_1_655' title='bbox 1259 2277 1295 2305; x_wconf 86' lang='lat' dir='ltr'>ad</span> <span class='ocrx_word' id='word_1_656' title='bbox 1320 2286 1437 2306; x_wconf 88' lang='lat' dir='ltr'>omnem</span> <span class='ocrx_word' id='word_1_657' title='bbox 1454 2278 1642 2307; x_wconf 85' lang='lat' dir='ltr'>directionem</span> <span class='ocrx_word' id='word_1_658' title='bbox 1665 2288 1728 2308; x_wconf 87' lang='lat' dir='ltr'>sese</span> <span class='ocrx_word' id='word_1_659' title='bbox 1743 2283 1854 2310; x_wconf 87' lang='lat' dir='ltr'>vertere</span> 
     </span>
    </p>
   </div>
   <div class='ocr_carea' id='block_1_94' title="bbox 148 2320 975 2363">
    <p class='ocr_par' dir='ltr' id='par_1_94' title="bbox 148 2324 972 2363">
     <span class='ocr_line' id='line_1_94' title="bbox 148 2324 972 2363; baseline 0.001 -11"><span class='ocrx_word' id='word_1_660' title='bbox 148 2326 287 2361; x_wconf 80' lang='grc' dir='ltr'>κινεῖσθαι,</span> <span class='ocrx_word' id='word_1_661' title='bbox 300 2325 345 2353; x_wconf 84' lang='grc' dir='ltr'>καὶ</span> <span class='ocrx_word' id='word_1_662' title='bbox 373 2328 421 2354; x_wconf 84' lang='grc' dir='ltr'>τοῦ</span> <span class='ocrx_word' id='word_1_663' title='bbox 445 2324 487 2363; x_wconf 65' lang='grc' dir='ltr'>ἕφ¹</span> <span class='ocrx_word' id='word_1_664' title='bbox 509 2325 568 2357; x_wconf 74' lang='grc' dir='ltr'>ὶνὸς</span> <span class='ocrx_word' id='word_1_665' title='bbox 593 2325 692 2363; x_wconf 76' lang='grc' dir='ltr'>βαίνειν</span> <span class='ocrx_word' id='word_1_666' title='bbox 717 2325 763 2353; x_wconf 84' lang='grc' dir='ltr'>καὶ</span> <span class='ocrx_word' id='word_1_667' title='bbox 789 2325 860 2353; x_wconf 68' lang='grc' dir='ltr'>οὕτω</span> <span class='ocrx_word' id='word_1_668' title='bbox 876 2324 972 2363; x_wconf 84' lang='grc' dir='ltr'>στηρί-</span> 
     </span>
    </p>
   </div>
   <div class='ocr_carea' id='block_1_95' title="bbox 1031 2320 1775 2363">
    <p class='ocr_par' dir='ltr' id='par_1_95' title="bbox 1031 2322 1775 2359">
     <span class='ocr_line' id='line_1_95' title="bbox 1031 2322 1775 2359; baseline 0.003 -9"><span class='ocrx_word' id='word_1_669' title='bbox 1031 2330 1115 2358; x_wconf 73' lang='lat' dir='ltr'>quam</span> <span class='ocrx_word' id='word_1_670' title='bbox 1132 2330 1190 2350; x_wconf 89' lang='lat' dir='ltr'>uno</span> <span class='ocrx_word' id='word_1_671' title='bbox 1206 2322 1280 2359; x_wconf 87' lang='lat' dir='ltr'>pede</span> <span class='ocrx_word' id='word_1_672' title='bbox 1294 2324 1423 2351; x_wconf 87' lang='lat' dir='ltr'>stantem</span> <span class='ocrx_word' id='word_1_673' title='bbox 1438 2322 1533 2351; x_wconf 88' lang='lat' dir='ltr'>eidem</span> <span class='ocrx_word' id='word_1_674' title='bbox 1547 2323 1609 2352; x_wconf 90' lang='lat' dir='ltr'>loco</span> <span class='ocrx_word' id='word_1_675' title='bbox 1625 2323 1775 2353; x_wconf 64' lang='lat' dir='ltr'>inhaerere.</span> 
     </span>
    </p>
   </div>
   <div class='ocr_carea' id='block_1_96' title="bbox 152 2369 759 2409">
    <p class='ocr_par' dir='ltr' id='par_1_96' title="bbox 152 2369 759 2409">
     <span class='ocr_line' id='line_1_96' title="bbox 152 2369 759 2409; baseline 0.003 -13"><span class='ocrx_word' id='word_1_676' title='bbox 152 2371 206 2403; x_wconf 78' lang='grc' dir='ltr'>ζειν</span> <span class='ocrx_word' id='word_1_677' title='bbox 221 2369 253 2396; x_wconf 85' lang='grc' dir='ltr'>τὸ</span> <span class='ocrx_word' id='word_1_678' title='bbox 268 2370 314 2397; x_wconf 87' lang='grc' dir='ltr'>καὶ</span> <span class='ocrx_word' id='word_1_679' title='bbox 329 2369 539 2409; x_wconf 80' lang='grc' dir='ltr'>εὖπιρίστροφον</span> <span class='ocrx_word' id='word_1_680' title='bbox 559 2369 597 2402; x_wconf 86' lang='grc' dir='ltr'>ὠς</span> <span class='ocrx_word' id='word_1_681' title='bbox 611 2369 759 2409; x_wconf 64' lang='grc' dir='ltr'>εὔμορφον.</span> 
     </span>
    </p>
   </div>
   <div class='ocr_carea' id='block_1_97' title="bbox 189 2417 974 2459">
    <p class='ocr_par' dir='ltr' id='par_1_97' title="bbox 189 2417 974 2459">
     <span class='ocr_line' id='line_1_97' title="bbox 189 2417 974 2459; baseline 0.003 -14"><span class='ocrx_word' id='word_1_682' title='bbox 189 2418 236 2453; x_wconf 92' lang='grc' dir='ltr'>ιη’.</span> <span class='ocrx_word' id='word_1_683' title='bbox 265 2418 324 2446; x_wconf 78' lang='grc' dir='ltr'>Ἔτι</span> <span class='ocrx_word' id='word_1_684' title='bbox 350 2419 380 2446; x_wconf 75' lang='grc' dir='ltr'>οὐ</span> <span class='ocrx_word' id='word_1_685' title='bbox 409 2418 530 2455; x_wconf 81' lang='grc' dir='ltr'>δύνασαι,</span> <span class='ocrx_word' id='word_1_686' title='bbox 555 2420 577 2447; x_wconf 86' lang='grc' dir='ltr'><strong>ὧ</strong></span> <span class='ocrx_word' id='word_1_687' title='bbox 602 2418 628 2447; x_wconf 69' lang='grc' dir='ltr'>ἰν</span> <span class='ocrx_word' id='word_1_688' title='bbox 649 2421 690 2456; x_wconf 82' lang='grc' dir='ltr'>τῷ</span> <span class='ocrx_word' id='word_1_689' title='bbox 715 2419 767 2458; x_wconf 88' lang='grc' dir='ltr'>βίῳ</span> <span class='ocrx_word' id='word_1_690' title='bbox 787 2417 897 2459; x_wconf 76' lang='grc' dir='ltr'>ἀδελφὲ,</span> <span class='ocrx_word' id='word_1_691' title='bbox 922 2429 974 2454; x_wconf 84' lang='grc' dir='ltr'>νη-</span> 
     </span>
    </p>
   </div>
   <div class='ocr_carea' id='block_1_98' title="bbox 153 2459 972 2501">
    <p class='ocr_par' dir='ltr' id='par_1_98' title="bbox 153 2459 972 2501">
     <span class='ocr_line' id='line_1_98' title="bbox 153 2459 972 2501; baseline 0.004 -13"><span class='ocrx_word' id='word_1_692' title='bbox 153 2460 253 2490; x_wconf 79' lang='grc' dir='ltr'>στεύειν</span> <span class='ocrx_word' id='word_1_693' title='bbox 271 2470 278 2476; x_wconf 93' lang='grc'><strong>·</strong></span> <span class='ocrx_word' id='word_1_694' title='bbox 316 2459 387 2494; x_wconf 76' lang='grc' dir='ltr'>ἔσθιε</span> <span class='ocrx_word' id='word_1_695' title='bbox 413 2463 539 2501; x_wconf 81' lang='grc' dir='ltr'>μετρίως,</span> <span class='ocrx_word' id='word_1_696' title='bbox 565 2462 611 2491; x_wconf 69' lang='grc' dir='ltr'>’ίνα</span> <span class='ocrx_word' id='word_1_697' title='bbox 642 2463 680 2500; x_wconf 78' lang='grc' dir='ltr'>μὴ</span> <span class='ocrx_word' id='word_1_698' title='bbox 711 2463 839 2501; x_wconf 78' lang='grc' dir='ltr'>ῥᾳθύμως</span> <span class='ocrx_word' id='word_1_699' title='bbox 866 2462 972 2501; x_wconf 74' lang='grc' dir='ltr'>διάγῃς.</span> 
     </span>
    </p>
   </div>
   <div class='ocr_carea' id='block_1_99' title="bbox 152 2505 974 2546">
    <p class='ocr_par' dir='ltr' id='par_1_99' title="bbox 152 2505 974 2546">
     <span class='ocr_line' id='line_1_99' title="bbox 152 2505 974 2546; baseline 0.002 -13"><span class='ocrx_word' id='word_1_700' title='bbox 152 2505 278 2544; x_wconf 79' lang='grc' dir='ltr'>Καθάπερ</span> <span class='ocrx_word' id='word_1_701' title='bbox 293 2505 408 2534; x_wconf 80' lang='grc' dir='ltr'>ἀλλοῖον</span> <span class='ocrx_word' id='word_1_702' title='bbox 436 2507 483 2542; x_wconf 78' lang='grc' dir='ltr'>μὶν</span> <span class='ocrx_word' id='word_1_703' title='bbox 507 2509 560 2546; x_wconf 88' lang='grc' dir='ltr'>πῦρ</span> <span class='ocrx_word' id='word_1_704' title='bbox 582 2508 613 2535; x_wconf 85' lang='grc' dir='ltr'>τὸ</span> <span class='ocrx_word' id='word_1_705' title='bbox 635 2506 786 2536; x_wconf 82' lang='grc' dir='ltr'>διακονικὸν</span> <span class='ocrx_word' id='word_1_706' title='bbox 811 2508 856 2536; x_wconf 82' lang='grc' dir='ltr'>καὶ</span> <span class='ocrx_word' id='word_1_707' title='bbox 872 2510 974 2546; x_wconf 76' lang='grc' dir='ltr'>χρειῶ-</span> 
     </span>
    </p>
   </div>
   <div class='ocr_carea' id='block_1_100' title="bbox 152 2548 975 2589">
    <p class='ocr_par' dir='ltr' id='par_1_100' title="bbox 152 2548 975 2589">
     <span class='ocr_line' id='line_1_100' title="bbox 152 2548 975 2589; baseline 0.004 -12"><span class='ocrx_word' id='word_1_708' title='bbox 152 2548 195 2581; x_wconf 84' lang='grc' dir='ltr'>δες</span> <span class='ocrx_word' id='word_1_709' title='bbox 212 2550 332 2587; x_wconf 71' lang='grc' dir='ltr'>ἑτεροῖον</span> <span class='ocrx_word' id='word_1_710' title='bbox 348 2550 378 2578; x_wconf 62' lang='lat' dir='ltr'>Bt</span> <span class='ocrx_word' id='word_1_711' title='bbox 405 2551 436 2578; x_wconf 85' lang='grc' dir='ltr'>τὸ</span> <span class='ocrx_word' id='word_1_712' title='bbox 465 2551 651 2588; x_wconf 84' lang='grc' dir='ltr'>τιμωρητικὸν</span> <span class='ocrx_word' id='word_1_713' title='bbox 677 2553 710 2588; x_wconf 84' lang='grc' dir='ltr'>τῇ</span> <span class='ocrx_word' id='word_1_714' title='bbox 741 2550 832 2588; x_wconf 78' lang='grc' dir='ltr'>δασείᾳ</span> <span class='ocrx_word' id='word_1_715' title='bbox 857 2554 891 2589; x_wconf 80' lang='grc' dir='ltr'>τῇ</span> <span class='ocrx_word' id='word_1_716' title='bbox 907 2552 975 2580; x_wconf 76' lang='grc' dir='ltr'>κατὰ</span> 
     </span>
    </p>
   </div>
   <div class='ocr_carea' id='block_1_101' title="bbox 152 2594 973 2636">
    <p class='ocr_par' dir='ltr' id='par_1_101' title="bbox 152 2594 973 2636">
     <span class='ocr_line' id='line_1_101' title="bbox 152 2594 973 2636; baseline 0.002 -12"><span class='ocrx_word' id='word_1_717' title='bbox 152 2594 217 2634; x_wconf 72' lang='grc' dir='ltr'>ὅρος</span> <span class='ocrx_word' id='word_1_718' title='bbox 233 2597 275 2633; x_wconf 83' lang='grc' dir='ltr'>(τὸ</span> <span class='ocrx_word' id='word_1_719' title='bbox 292 2597 339 2634; x_wconf 75' lang='grc' dir='ltr'>μὲν</span> <span class='ocrx_word' id='word_1_720' title='bbox 355 2597 405 2635; x_wconf 73' lang='grc' dir='ltr'>γὰρ</span> <span class='ocrx_word' id='word_1_721' title='bbox 422 2595 563 2636; x_wconf 73' lang='grc' dir='ltr'>ὠφέλιμόν</span> <span class='ocrx_word' id='word_1_722' title='bbox 579 2596 686 2632; x_wconf 75' lang='grc' dir='ltr'>ἐστι,τὸ</span> <span class='ocrx_word' id='word_1_723' title='bbox 698 2596 727 2625; x_wconf 73' lang='grc' dir='ltr'>δὲ</span> <span class='ocrx_word' id='word_1_724' title='bbox 741 2597 836 2626; x_wconf 84' lang='grc' dir='ltr'>λοιπὸν</span> <span class='ocrx_word' id='word_1_725' title='bbox 847 2599 973 2636; x_wconf 77' lang='grc' dir='ltr'>ἀχρειοῦν</span> 
     </span>
    </p>
   </div>
   <div class='ocr_carea' id='block_1_102' title="bbox 152 2639 975 2681">
    <p class='ocr_par' dir='ltr' id='par_1_102' title="bbox 152 2639 975 2681">
     <span class='ocr_line' id='line_1_102' title="bbox 152 2639 975 2681; baseline 0.002 -13"><span class='ocrx_word' id='word_1_726' title='bbox 152 2641 200 2675; x_wconf 80' lang='grc' dir='ltr'>ὁήν</span> <span class='ocrx_word' id='word_1_727' title='bbox 233 2641 303 2677; x_wconf 73' lang='grc' dir='ltr'>ὕλην</span> <span class='ocrx_word' id='word_1_728' title='bbox 334 2640 577 2678; x_wconf 78' lang='grc' dir='ltr'>διεπινεμήσεται),</span> <span class='ocrx_word' id='word_1_729' title='bbox 594 2639 664 2668; x_wconf 71' lang='grc' dir='ltr'>οὕτω</span> <span class='ocrx_word' id='word_1_730' title='bbox 685 2642 730 2669; x_wconf 86' lang='grc' dir='ltr'>καὶ</span> <span class='ocrx_word' id='word_1_731' title='bbox 753 2643 840 2681; x_wconf 81' lang='grc' dir='ltr'>τροφή</span> <span class='ocrx_word' id='word_1_732' title='bbox 867 2642 975 2680; x_wconf 89' lang='grc' dir='ltr'>σύμμε-</span> 
     </span>
    </p>
   </div>
   <div class='ocr_carea' id='block_1_103' title="bbox 151 2683 976 2724">
    <p class='ocr_par' dir='ltr' id='par_1_103' title="bbox 151 2683 976 2724">
     <span class='ocr_line' id='line_1_103' title="bbox 151 2683 976 2724; baseline 0.002 -11"><span class='ocrx_word' id='word_1_733' title='bbox 151 2695 214 2722; x_wconf 78' lang='grc' dir='ltr'>τρος</span> <span class='ocrx_word' id='word_1_734' title='bbox 245 2687 292 2723; x_wconf 75' lang='grc' dir='ltr'>μὲν</span> <span class='ocrx_word' id='word_1_735' title='bbox 323 2689 434 2722; x_wconf 84' lang='grc' dir='ltr'>συνιστᾷ</span> <span class='ocrx_word' id='word_1_736' title='bbox 469 2683 595 2722; x_wconf 84' lang='grc' dir='ltr'>ἐλλόγως</span> <span class='ocrx_word' id='word_1_737' title='bbox 632 2685 678 2712; x_wconf 87' lang='grc' dir='ltr'>τὸν</span> <span class='ocrx_word' id='word_1_738' title='bbox 706 2684 858 2724; x_wconf 67' lang='grc' dir='ltr'>ἄνθρωπον,</span> <span class='ocrx_word' id='word_1_739' title='bbox 889 2689 976 2722; x_wconf 78' lang='grc' dir='ltr'>ζωπυ-</span> 
     </span>
    </p>
   </div>
   <div class='ocr_carea' id='block_1_104' title="bbox 154 2727 974 2769">
    <p class='ocr_par' dir='ltr' id='par_1_104' title="bbox 154 2727 974 2769">
     <span class='ocr_line' id='line_1_104' title="bbox 154 2727 974 2769; baseline 0.004 -13"><span class='ocrx_word' id='word_1_740' title='bbox 154 2730 282 2769; x_wconf 77' lang='grc' dir='ltr'>ροῦσατὸ</span> <span class='ocrx_word' id='word_1_741' title='bbox 316 2731 384 2759; x_wconf 76' lang='grc' dir='ltr'>κατὰ</span> <span class='ocrx_word' id='word_1_742' title='bbox 409 2730 487 2769; x_wconf 79' lang='grc' dir='ltr'>φύσιν</span> <span class='ocrx_word' id='word_1_743' title='bbox 512 2727 640 2766; x_wconf 77' lang='grc' dir='ltr'>ἔνθερμον</span> <span class='ocrx_word' id='word_1_744' title='bbox 658 2738 664 2744; x_wconf 92' lang='grc'><strong>·</strong></span> <span class='ocrx_word' id='word_1_745' title='bbox 694 2731 711 2765; x_wconf 84' lang='grc' dir='ltr'><strong>ἡ</strong></span> <span class='ocrx_word' id='word_1_746' title='bbox 743 2729 771 2757; x_wconf 76' lang='grc' dir='ltr'>δὲ</span> <span class='ocrx_word' id='word_1_747' title='bbox 799 2729 915 2769; x_wconf 77' lang='grc' dir='ltr'>ἄμετρος</span> <span class='ocrx_word' id='word_1_748' title='bbox 935 2732 974 2764; x_wconf 79' lang='grc' dir='ltr'>εἰς</span> 
     </span>
    </p>
   </div>
   <div class='ocr_carea' id='block_1_105' title="bbox 152 2772 974 2815">
    <p class='ocr_par' dir='ltr' id='par_1_105' title="bbox 152 2772 974 2815">
     <span class='ocr_line' id='line_1_105' title="bbox 152 2772 974 2815; baseline 0.002 -13"><span class='ocrx_word' id='word_1_749' title='bbox 152 2775 226 2810; x_wconf 78' lang='grc' dir='ltr'>πάθη</span> <span class='ocrx_word' id='word_1_750' title='bbox 242 2775 342 2804; x_wconf 76' lang='grc' dir='ltr'>ἐκκαίει</span> <span class='ocrx_word' id='word_1_751' title='bbox 366 2774 537 2815; x_wconf 79' lang='grc' dir='ltr'>ἀφανιστικὰ,</span> <span class='ocrx_word' id='word_1_752' title='bbox 562 2772 596 2800; x_wconf 85' lang='grc' dir='ltr'>δι’</span> <span class='ocrx_word' id='word_1_753' title='bbox 621 2774 658 2802; x_wconf 85' lang='grc' dir='ltr'>ὧν</span> <span class='ocrx_word' id='word_1_754' title='bbox 687 2774 790 2812; x_wconf 78' lang='grc' dir='ltr'>αἰωνίῳ</span> <span class='ocrx_word' id='word_1_755' title='bbox 803 2776 868 2813; x_wconf 80' lang='grc' dir='ltr'>πυρὶ</span> <span class='ocrx_word' id='word_1_756' title='bbox 887 2787 974 2815; x_wconf 87' lang='grc' dir='ltr'>παρα-</span> 
     </span>
    </p>
   </div>
   <div class='ocr_carea' id='block_1_106' title="bbox 153 2817 973 2859">
    <p class='ocr_par' dir='ltr' id='par_1_106' title="bbox 153 2817 973 2859">
     <span class='ocr_line' id='line_1_106' title="bbox 153 2817 973 2859; baseline 0.001 -11"><span class='ocrx_word' id='word_1_757' title='bbox 153 2819 289 2857; x_wconf 76' lang='grc' dir='ltr'>πίμπεται</span> <span class='ocrx_word' id='word_1_758' title='bbox 319 2821 333 2849; x_wconf 85' lang='grc' dir='ltr'><strong>ὁ</strong></span> <span class='ocrx_word' id='word_1_759' title='bbox 369 2821 478 2859; x_wconf 84' lang='grc' dir='ltr'>τρυφῶν</span> <span class='ocrx_word' id='word_1_760' title='bbox 515 2817 628 2858; x_wconf 80' lang='grc' dir='ltr'>ἄμετρα.</span> <span class='ocrx_word' id='word_1_761' title='bbox 668 2819 727 2848; x_wconf 83' lang='grc' dir='ltr'>Ἔτι</span> <span class='ocrx_word' id='word_1_762' title='bbox 761 2822 857 2848; x_wconf 76' lang='grc' dir='ltr'>Λοῦσαι</span> <span class='ocrx_word' id='word_1_763' title='bbox 887 2820 973 2859; x_wconf 78' lang='grc' dir='ltr'>ῥύπου</span> 
     </span>
    </p>
   </div>
   <div class='ocr_carea' id='block_1_107' title="bbox 154 2861 974 2905">
    <p class='ocr_par' dir='ltr' id='par_1_107' title="bbox 154 2861 974 2905">
     <span class='ocr_line' id='line_1_107' title="bbox 154 2861 974 2905; baseline 0.002 -13"><span class='ocrx_word' id='word_1_764' title='bbox 154 2863 321 2902; x_wconf 80' lang='grc' dir='ltr'>ἀπογυμνῶν</span> <span class='ocrx_word' id='word_1_765' title='bbox 346 2864 452 2901; x_wconf 72' lang='grc' dir='ltr'>ἑαυτὸν,</span> <span class='ocrx_word' id='word_1_766' title='bbox 479 2864 502 2892; x_wconf 78' lang='grc' dir='ltr'>εἰ</span> <span class='ocrx_word' id='word_1_767' title='bbox 529 2862 574 2892; x_wconf 85' lang='grc' dir='ltr'>καὶ</span> <span class='ocrx_word' id='word_1_768' title='bbox 604 2861 697 2896; x_wconf 76' lang='grc' dir='ltr'>ἄλλως</span> <span class='ocrx_word' id='word_1_769' title='bbox 722 2863 848 2902; x_wconf 82' lang='grc' dir='ltr'>πλίνθον,</span> <span class='ocrx_word' id='word_1_770' title='bbox 864 2864 880 2893; x_wconf 74' lang='grc' dir='ltr'>ὅ</span> <span class='ocrx_word' id='word_1_771' title='bbox 898 2876 974 2905; x_wconf 79' lang='grc' dir='ltr'>φασι,</span> 
     </span>
    </p>
   </div>
   <div class='ocr_carea' id='block_1_108' title="bbox 1064 2421 1851 2460">
    <p class='ocr_par' dir='ltr' id='par_1_108' title="bbox 1064 2421 1851 2460">
     <span class='ocr_line' id='line_1_108' title="bbox 1064 2421 1851 2460; baseline 0.005 -11"><span class='ocrx_word' id='word_1_772' title='bbox 1064 2421 1106 2448; x_wconf 87' lang='grc'>18.</span> <span class='ocrx_word' id='word_1_773' title='bbox 1124 2421 1223 2455; x_wconf 90' lang='lat' dir='ltr'>Porro,</span> <span class='ocrx_word' id='word_1_774' title='bbox 1240 2421 1280 2450; x_wconf 89' lang='lat' dir='ltr'>mi</span> <span class='ocrx_word' id='word_1_775' title='bbox 1303 2422 1402 2457; x_wconf 79' lang='lat' dir='ltr'>frater,</span> <span class='ocrx_word' id='word_1_776' title='bbox 1418 2422 1469 2458; x_wconf 89' lang='lat' dir='ltr'>qui</span> <span class='ocrx_word' id='word_1_777' title='bbox 1493 2421 1522 2450; x_wconf 90' lang='lat' dir='ltr'>in</span> <span class='ocrx_word' id='word_1_778' title='bbox 1548 2423 1659 2451; x_wconf 90' lang='lat' dir='ltr'>mundo</span> <span class='ocrx_word' id='word_1_779' title='bbox 1683 2423 1776 2460; x_wconf 86' lang='lat' dir='ltr'>degis,</span> <span class='ocrx_word' id='word_1_780' title='bbox 1793 2433 1851 2454; x_wconf 90' lang='lat' dir='ltr'>non</span> 
     </span>
    </p>
   </div>
   <div class='ocr_carea' id='block_1_109' title="bbox 1028 2465 1852 2502">
    <p class='ocr_par' dir='ltr' id='par_1_109' title="bbox 1028 2465 1852 2502">
     <span class='ocr_line' id='line_1_109' title="bbox 1028 2465 1852 2502; baseline 0.006 -9"><span class='ocrx_word' id='word_1_781' title='bbox 1028 2466 1110 2501; x_wconf 87' lang='lat' dir='ltr'>potes</span> <span class='ocrx_word' id='word_1_782' title='bbox 1121 2465 1276 2501; x_wconf 85' lang='lat' dir='ltr'>jejunare;</span> <span class='ocrx_word' id='word_1_783' title='bbox 1292 2466 1344 2494; x_wconf 89' lang='lat' dir='ltr'>ede</span> <span class='ocrx_word' id='word_1_784' title='bbox 1359 2475 1424 2494; x_wconf 92' lang='lat' dir='ltr'>cum</span> <span class='ocrx_word' id='word_1_785' title='bbox 1441 2467 1649 2502; x_wconf 82' lang='lat' dir='ltr'>moderatione,</span> <span class='ocrx_word' id='word_1_786' title='bbox 1668 2476 1703 2497; x_wconf 90' lang='lat' dir='ltr'>ne</span> <span class='ocrx_word' id='word_1_787' title='bbox 1718 2469 1852 2498; x_wconf 88' lang='lat' dir='ltr'>mollitici</span> 
     </span>
    </p>
   </div>
   <div class='ocr_carea' id='block_1_110' title="bbox 1028 2511 1855 2550">
    <p class='ocr_par' dir='ltr' id='par_1_110' title="bbox 1028 2511 1855 2550">
     <span class='ocr_line' id='line_1_110' title="bbox 1028 2511 1855 2550; baseline 0.006 -13"><span class='ocrx_word' id='word_1_788' title='bbox 1028 2511 1215 2539; x_wconf 84' lang='lat' dir='ltr'>succumbas.</span> <span class='ocrx_word' id='word_1_789' title='bbox 1232 2511 1485 2544; x_wconf 86' lang='lat' dir='ltr'>Quemadmodum</span> <span class='ocrx_word' id='word_1_790' title='bbox 1498 2511 1573 2540; x_wconf 87' lang='lat' dir='ltr'>alius</span> <span class='ocrx_word' id='word_1_791' title='bbox 1586 2515 1631 2541; x_wconf 87' lang='lat' dir='ltr'>est</span> <span class='ocrx_word' id='word_1_792' title='bbox 1644 2513 1722 2549; x_wconf 87' lang='lat' dir='ltr'>ignis</span> <span class='ocrx_word' id='word_1_793' title='bbox 1737 2514 1787 2550; x_wconf 91' lang='lat' dir='ltr'>qui</span> <span class='ocrx_word' id='word_1_794' title='bbox 1803 2514 1855 2542; x_wconf 91' lang='lat' dir='ltr'>ho-</span> 
     </span>
    </p>
   </div>
   <div class='ocr_carea' id='block_1_111' title="bbox 1029 2554 1853 2595">
    <p class='ocr_par' dir='ltr' id='par_1_111' title="bbox 1029 2554 1853 2595">
     <span class='ocr_line' id='line_1_111' title="bbox 1029 2554 1853 2595; baseline 0.007 -13"><span class='ocrx_word' id='word_1_795' title='bbox 1029 2554 1142 2582; x_wconf 88' lang='lat' dir='ltr'>minum</span> <span class='ocrx_word' id='word_1_796' title='bbox 1160 2555 1264 2584; x_wconf 90' lang='lat' dir='ltr'>usibus</span> <span class='ocrx_word' id='word_1_797' title='bbox 1284 2558 1312 2584; x_wconf 89' lang='lat' dir='ltr'>et</span> <span class='ocrx_word' id='word_1_798' title='bbox 1327 2556 1491 2584; x_wconf 88' lang='lat' dir='ltr'>commodis</span> <span class='ocrx_word' id='word_1_799' title='bbox 1515 2556 1646 2592; x_wconf 83' lang='lat' dir='ltr'>inservit,</span> <span class='ocrx_word' id='word_1_800' title='bbox 1662 2560 1690 2586; x_wconf 89' lang='lat' dir='ltr'>et</span> <span class='ocrx_word' id='word_1_801' title='bbox 1709 2558 1787 2587; x_wconf 84' lang='lat' dir='ltr'>alius</span> <span class='ocrx_word' id='word_1_802' title='bbox 1802 2559 1853 2595; x_wconf 89' lang='lat' dir='ltr'>qui</span> 
     </span>
    </p>
   </div>
   <div class='ocr_carea' id='block_1_112' title="bbox 1030 2599 1852 2638">
    <p class='ocr_par' dir='ltr' id='par_1_112' title="bbox 1030 2599 1852 2638">
     <span class='ocr_line' id='line_1_112' title="bbox 1030 2599 1852 2638; baseline 0.006 -11"><span class='ocrx_word' id='word_1_803' title='bbox 1030 2599 1133 2627; x_wconf 84' lang='lat' dir='ltr'>silvam</span> <span class='ocrx_word' id='word_1_804' title='bbox 1158 2603 1328 2628; x_wconf 84' lang='lat' dir='ltr'>montanam</span> <span class='ocrx_word' id='word_1_805' title='bbox 1355 2601 1473 2629; x_wconf 88' lang='lat' dir='ltr'>devorat</span> <span class='ocrx_word' id='word_1_806' title='bbox 1497 2601 1581 2635; x_wconf 83' lang='lat' dir='ltr'>(alter</span> <span class='ocrx_word' id='word_1_807' title='bbox 1594 2603 1673 2630; x_wconf 87' lang='lat' dir='ltr'>enim</span> <span class='ocrx_word' id='word_1_808' title='bbox 1699 2603 1781 2632; x_wconf 87' lang='lat' dir='ltr'>utilis</span> <span class='ocrx_word' id='word_1_809' title='bbox 1796 2606 1852 2638; x_wconf 87' lang='lat' dir='ltr'>est,</span> 
     </span>
    </p>
   </div>
   <div class='ocr_carea' id='block_1_113' title="bbox 1030 2643 1853 2682">
    <p class='ocr_par' dir='ltr' id='par_1_113' title="bbox 1030 2643 1853 2682">
     <span class='ocr_line' id='line_1_113' title="bbox 1030 2643 1853 2682; baseline 0.005 -10"><span class='ocrx_word' id='word_1_810' title='bbox 1030 2643 1104 2672; x_wconf 85' lang='lat' dir='ltr'>alter</span> <span class='ocrx_word' id='word_1_811' title='bbox 1128 2646 1237 2679; x_wconf 90' lang='lat' dir='ltr'>autem,</span> <span class='ocrx_word' id='word_1_812' title='bbox 1253 2645 1364 2673; x_wconf 83' lang='lat' dir='ltr'>nullius</span> <span class='ocrx_word' id='word_1_813' title='bbox 1389 2646 1508 2673; x_wconf 87' lang='lat' dir='ltr'>omnino</span> <span class='ocrx_word' id='word_1_814' title='bbox 1531 2646 1616 2682; x_wconf 84' lang='lat' dir='ltr'>frugi,</span> <span class='ocrx_word' id='word_1_815' title='bbox 1640 2647 1759 2676; x_wconf 81' lang='lat' dir='ltr'>arbores</span> <span class='ocrx_word' id='word_1_816' title='bbox 1784 2657 1853 2676; x_wconf 82' lang='lat' dir='ltr'>con-</span> 
     </span>
    </p>
   </div>
   <div class='ocr_carea' id='block_1_114' title="bbox 1030 2689 1853 2727">
    <p class='ocr_par' dir='ltr' id='par_1_114' title="bbox 1030 2689 1853 2727">
     <span class='ocr_line' id='line_1_114' title="bbox 1030 2689 1853 2727; baseline 0.006 -12"><span class='ocrx_word' id='word_1_817' title='bbox 1030 2689 1148 2725; x_wconf 89' lang='lat' dir='ltr'>sumet),</span> <span class='ocrx_word' id='word_1_818' title='bbox 1170 2689 1212 2717; x_wconf 81' lang='lat' dir='ltr'>ita</span> <span class='ocrx_word' id='word_1_819' title='bbox 1234 2690 1322 2717; x_wconf 85' lang='lat' dir='ltr'>etiam</span> <span class='ocrx_word' id='word_1_820' title='bbox 1338 2690 1422 2718; x_wconf 89' lang='lat' dir='ltr'>cibus</span> <span class='ocrx_word' id='word_1_821' title='bbox 1446 2690 1596 2718; x_wconf 84' lang='lat' dir='ltr'>moderate</span> <span class='ocrx_word' id='word_1_822' title='bbox 1620 2694 1757 2727; x_wconf 86' lang='lat' dir='ltr'>sumptus</span> <span class='ocrx_word' id='word_1_823' title='bbox 1782 2701 1853 2720; x_wconf 88' lang='lat' dir='ltr'>con-</span> 
     </span>
    </p>
   </div>
   <div class='ocr_carea' id='block_1_115' title="bbox 1029 2733 1854 2771">
    <p class='ocr_par' dir='ltr' id='par_1_115' title="bbox 1029 2733 1854 2771">
     <span class='ocr_line' id='line_1_115' title="bbox 1029 2733 1854 2771; baseline 0.006 -11"><span class='ocrx_word' id='word_1_824' title='bbox 1029 2735 1126 2761; x_wconf 81' lang='lat' dir='ltr'>servat</span> <span class='ocrx_word' id='word_1_825' title='bbox 1138 2733 1301 2771; x_wconf 86' lang='lat' dir='ltr'>hominem,</span> <span class='ocrx_word' id='word_1_826' title='bbox 1315 2734 1438 2763; x_wconf 81' lang='lat' dir='ltr'>calorem</span> <span class='ocrx_word' id='word_1_827' title='bbox 1466 2737 1577 2763; x_wconf 73' lang='lat' dir='ltr'>naturae</span> <span class='ocrx_word' id='word_1_828' title='bbox 1591 2736 1811 2765; x_wconf 88' lang='lat' dir='ltr'>convenientem</span> <span class='ocrx_word' id='word_1_829' title='bbox 1827 2737 1854 2766; x_wconf 87' lang='lat' dir='ltr'>ei</span> 
     </span>
    </p>
   </div>
   <div class='ocr_carea' id='block_1_116' title="bbox 1031 2777 1851 2817">
    <p class='ocr_par' dir='ltr' id='par_1_116' title="bbox 1031 2777 1851 2817">
     <span class='ocr_line' id='line_1_116' title="bbox 1031 2777 1851 2817; baseline 0.006 -11"><span class='ocrx_word' id='word_1_830' title='bbox 1031 2777 1240 2814; x_wconf 84' lang='lat' dir='ltr'>suppeditans;</span> <span class='ocrx_word' id='word_1_831' title='bbox 1266 2780 1458 2808; x_wconf 78' lang='lat' dir='ltr'>immoderate</span> <span class='ocrx_word' id='word_1_832' title='bbox 1472 2782 1610 2817; x_wconf 90' lang='lat' dir='ltr'>acceptus</span> <span class='ocrx_word' id='word_1_833' title='bbox 1634 2781 1662 2808; x_wconf 89' lang='lat' dir='ltr'>in</span> <span class='ocrx_word' id='word_1_834' title='bbox 1678 2781 1851 2817; x_wconf 76' lang='lat' dir='ltr'>passionum</span> 
     </span>
    </p>
   </div>
   <div class='ocr_carea' id='block_1_117' title="bbox 1030 2823 1850 2860">
    <p class='ocr_par' dir='ltr' id='par_1_117' title="bbox 1030 2823 1850 2860">
     <span class='ocr_line' id='line_1_117' title="bbox 1030 2823 1850 2860; baseline 0.009 -11"><span class='ocrx_word' id='word_1_835' title='bbox 1030 2823 1260 2859; x_wconf 85' lang='lat' dir='ltr'>perniciosarum</span> <span class='ocrx_word' id='word_1_836' title='bbox 1276 2824 1426 2854; x_wconf 84' lang='lat' dir='ltr'>ﬂammam</span> <span class='ocrx_word' id='word_1_837' title='bbox 1437 2825 1531 2853; x_wconf 82' lang='lat' dir='ltr'>exurit</span> <span class='ocrx_word' id='word_1_838' title='bbox 1541 2825 1647 2860; x_wconf 85' lang='lat' dir='ltr'>quibus</span> <span class='ocrx_word' id='word_1_839' title='bbox 1661 2825 1749 2854; x_wconf 90' lang='lat' dir='ltr'>homo</span> <span class='ocrx_word' id='word_1_840' title='bbox 1763 2826 1850 2856; x_wconf 70' lang='lat' dir='ltr'>luxu&lt;</span> 
     </span>
    </p>
   </div>
   <div class='ocr_carea' id='block_1_118' title="bbox 1029 2867 1849 2906">
    <p class='ocr_par' dir='ltr' id='par_1_118' title="bbox 1029 2867 1849 2906">
     <span class='ocr_line' id='line_1_118' title="bbox 1029 2867 1849 2906; baseline 0.009 -11"><span class='ocrx_word' id='word_1_841' title='bbox 1029 2867 1083 2896; x_wconf 88' lang='lat' dir='ltr'>risi</span> <span class='ocrx_word' id='word_1_842' title='bbox 1097 2876 1187 2904; x_wconf 83' lang='lat' dir='ltr'>supra</span> <span class='ocrx_word' id='word_1_843' title='bbox 1202 2869 1322 2898; x_wconf 89' lang='lat' dir='ltr'>modum</span> <span class='ocrx_word' id='word_1_844' title='bbox 1334 2870 1450 2899; x_wconf 88' lang='lat' dir='ltr'>deditus</span> <span class='ocrx_word' id='word_1_845' title='bbox 1465 2869 1527 2906; x_wconf 89' lang='lat' dir='ltr'>igni</span> <span class='ocrx_word' id='word_1_846' title='bbox 1542 2871 1648 2899; x_wconf 72' lang='lat' dir='ltr'>aeterno</span> <span class='ocrx_word' id='word_1_847' title='bbox 1662 2870 1796 2900; x_wconf 87' lang='lat' dir='ltr'>traditur.</span> <span class='ocrx_word' id='word_1_848' title='bbox 1808 2873 1849 2902; x_wconf 86' lang='lat' dir='ltr'>De</span> 
     </span>
    </p>
   </div>
  </div>
