2021 3176
235 162 293 193 535

620 169 832 202 EUSTATHH
854 173 904 203 ΤΗ
911 174 1176 209 ESSALONICEN
1181 179 1238 211 SlS
1262 181 1554 217 METROPOLITIE
1881 194 1927 225 536

234 231 337 258 caetero
352 230 417 259 lava
436 233 463 260 te
479 234 567 269 atque
589 235 690 264 sordes
720 237 863 275 absterge,
887 241 1012 276 etiamsi,
1031 251 1042 270 ι

234 273 262 293 in
282 276 431 293 nrnunnkin
447 279 488 293 κλει
527 277 644 293 μευ-...νς
663 280 740 293 ιω.--
773 283 834 293 φηγ
864 284 871 293 ν
936 286 944 293 ,
983 287 987 291 .

1097 243 1235 280 _1:Mvst<,
1254 246 1325 276 οὕτω
1344 251 1432 277 ποιῶν
1449 259 1456 266 ⁸
1473 249 1512 278 ἔτι
1538 250 1567 279 δὲ
1592 253 1635 280 καὶ
1660 254 1736 291 πρὸς
1768 254 1864 293 ὑγιείας
1876 257 1926 285 ἀνά-

234 273 264 301 in
280 276 431 310 proverbio
447 279 500 310 est,
525 277 646 307 laterem
663 280 752 316 lavas,
770 273 840 311 dum
864 284 918 313 hoc
935 273 1016 321 iacis,
1034 290 1062 315 et

234 319 270 346 ad
286 319 443 349 sanitatem
460 325 688 352 conservandam
707 325 807 355 lotioni
824 329 861 357 da
877 338 1007 366 operam,
1024 341 1060 360 ne

234 370 351 398 corpus,
368 367 509 402 tanquam
536 376 636 397 servus
661 370 736 398 male
754 372 863 407 valens,
889 374 992 404 inutile
1007 377 1059 404 tibi

232 406 294 434 fiat.
312 408 382 437 Dico
407 410 459 438 tibi
485 411 574 448 enim,
601 406 860 449 quemadmodum
874 419 984 448 ablatio
1001 430 1057 450 non

230 452 414 488 prohibetur,
428 455 486 483 imo
502 457 601 492 potius
617 458 646 485 in
659 458 775 488 laudem
792 462 959 498 purioribus
970 467 1056 500 cedit,

230 504 267 524 ne
283 497 356 526 forte
371 500 548 534 quibusdam
566 503 649 531 taedio
665 504 734 538 sint,
751 497 893 536 itaretiam
909 497 1056 539 lavacrum

229 549 261 569 se
286 541 382 572 habet.
407 544 472 573 Jam
499 554 565 574 vero
588 547 666 576 haud
693 551 778 585 quasi
802 560 851 580 eos
878 554 928 588 qui
951 563 982 583 se
998 564 1055 584 non

227 586 352 615 abluunt
367 589 529 624 reprobans
555 591 629 628 dico,
644 594 694 621 sed
713 594 784 623 illud
810 586 929 632 quidem
945 599 1055 629 bonum

226 638 290 659 esse
305 639 422 667 censeo,
439 634 474 662 ob
489 634 601 664 laboris
616 640 813 668 constantiam
839 645 867 670 et
881 644 1054 673 continuum

226 676 310 704 bonae
326 677 503 707 valetudinis
514 684 728 718 contemptum,
740 684 795 713 hoc
810 689 907 715 autem
924 690 1054 725 approbo

226 723 347 757 propter
362 721 434 751 illud
451 725 570 753 eﬂ‘atum
588 734 595 754 :
612 738 626 751 ιι
642 727 806 764 Lavamini,
822 732 887 767 puri
903 721 995 762 estote
1007 735 1026 762 ⁷.
1039 746 1052 761 »

264 765 307 793 19.
324 767 355 794 Si
376 775 444 796 vero
469 769 577 798 alicubi
602 771 728 808 legerem
756 765 931 812 praeceptum
952 786 959 806 :
986 779 1053 808 Sor-

226 809 345 846 descite,
362 813 395 839 ut
417 813 563 842 immundi
587 816 674 852 fiatis,
700 809 851 855 nunquam
875 821 990 851 loturus
1007 833 1053 853 me

226 862 331 883 essem.
349 871 383 877 —-
398 859 542 887 Przterea
559 862 700 896 quoniam
723 863 780 892 vita
795 866 831 892 ad
846 874 878 894 se
893 875 943 895 vos
959 872 1053 897 attra-

225 897 279 932 hit,
295 899 336 927 ita
351 902 384 928 ut
399 904 550 938 perpetuis
575 905 610 932 ad
635 907 767 935 omnium
784 908 942 939 Dominum
958 912 1050 941 Deum

223 942 394 973 incumbere
409 947 592 978 orationibus
618 959 677 979 non
693 953 822 989 possitis,
836 956 936 984 oﬂ‘erte
952 957 978 985 ei
993 958 1049 986 eal-

221 988 282 1021 tem
298 989 444 1023 primitiae
461 993 605 1027 quaedam
621 1003 747 1032 annuas,
762 999 816 1032 vel,
836 1003 867 1028 ut
883 1003 1048 1031 accuratius

222 1031 327 1067 dicam,
354 1034 495 1072 horarias,
517 1040 635 1073 quando
665 1043 779 1071 occasio
808 1053 872 1073 sese
897 1047 1046 1083 obtulerit,

218 1078 470 1112 quemadmodum
495 1083 584 1111 David
609 1084 716 1114 alicubi
739 1088 811 1116 dicit
833 1098 863 1117 se
888 1078 1045 1120 Dominum

219 1127 283 1148 esse
309 1123 389 1150 omni
415 1126 546 1161 tempore
570 1127 771 1159 laudaturum.
797 1133 827 1160 Si
851 1135 929 1162 enim
946 1136 1046 1165 ﬁdeles

217 1164 346 1194 ministri
378 1168 450 1204 regii
476 1178 592 1207 semper
620 1177 726 1208 praete
752 1179 822 1204 sunt
851 1179 922 1214 regi,
952 1189 1045 1216 neque

218 1208 423 1245 impediuntur
436 1216 597 1249 quominus
613 1218 701 1246 etiam
727 1220 921 1258 sibimetipsis
937 1224 1043 1261 vivant,

217 1255 268 1282 sed
294 1256 424 1284 otiantur
449 1258 479 1286 in
500 1262 641 1297 tempore,
666 1266 695 1291 et
719 1265 820 1299 edunt,
845 1255 959 1304 bibunt,
975 1255 1043 1297 dor—1

217 1298 322 1334 miunt,
350 1309 382 1329 ac
411 1304 546 1338 quadam
577 1305 650 1341 ipsis
679 1310 842 1338 necessaria
869 1311 991 1348 faciunt,
1015 1317 1044 1342 et

216 1343 312 1372 bonus
329 1353 377 1373 rex
393 1355 451 1375 non
477 1349 574 1377 solum
597 1359 654 1378 non
682 1352 863 1390 indignatur,
879 1357 928 1384 sed
953 1359 1042 1387 etiam

217 1387 354 1417 benevole
383 1391 418 1419 ad
448 1401 482 1420 ea
511 1394 696 1429 adhortatur,
720 1387 811 1427 multo
843 1387 935 1437 magis
964 1403 1042 1432 Deus

216 1433 362 1468 ejusmodi
379 1436 455 1464 bona
470 1437 634 1468 cultoribus
651 1441 714 1469 suis
731 1442 873 1480 indulget,
891 1433 1042 1477 Eacultates

214 1478 345 1513 cujusvis
378 1481 547 1517 respiciens,
583 1486 682 1520 utpote
717 1488 765 1522 qui
800 1478 852 1517 nec
880 1499 954 1525 egre
988 1493 1042 1521 fert

213 1523 411 1553 sanctissimis
426 1526 544 1562 templis
565 1529 666 1558 afﬁxas
681 1539 745 1560 esse
771 1537 868 1568 portas
884 1523 949 1571 quas
964 1539 1040 1565 tem-

214 1575 285 1602 pore
309 1568 530 1604 psalmodorum
559 1575 588 1600 et
618 1582 768 1604 sacrorum
798 1578 1038 1611 celebrandarum

213 1611 397 1648 aperiuntur,
428 1615 556 1644 vicissim
586 1621 684 1647 autem
714 1620 893 1652 clauduntur
922 1629 1037 1661 quando
1055 1616 1076 1650 (ἶ

215 1655 286 1684 talia
301 1659 460 1694 peragendi
475 1669 532 1687 non
549 1662 679 1698 amplius
694 1667 739 1692 est
754 1668 879 1703 tempus.
897 1655 1040 1700 Necesse;-

211 1700 254 1728 rio
269 1701 346 1729 enim
373 1703 402 1731 in
425 1703 471 1731 his
496 1713 612 1742 quoque
629 1708 716 1737 rebus
739 1713 909 1741 conceditur
924 1715 1040 1751 requies

214 1746 348 1780 quaedam
364 1755 380 1774 a
404 1751 546 1783 perpetuo
570 1754 599 1778 et
625 1753 709 1787 quasi
726 1754 838 1784 inﬁnito
861 1746 1038 1794 hymnorum

215 1792 313 1824 cantu,
330 1793 358 1818 et
371 1791 510 1821 salutaris
534 1793 617 1823 labor
639 1805 740 1826 eorum
756 1800 807 1835 qui
832 1791 923 1830 Dedm
939 1805 1039 1833 colunt

215 1841 273 1860 non
289 1836 385 1869 potest
406 1844 463 1864 non
488 1837 673 1877 interrumpi.
691 1843 732 1870 Et.
747 1845 789 1872 sic
804 1845 838 1878 in
868 1848 1038 1878 universum

215 1876 303 1905 fuerit
317 1879 472 1915 optimum,
489 1882 519 1910 in
535 1884 615 1912 omni
631 1876 661 1913 re
677 1889 774 1917 tenere
788 1891 920 1920 modum.

247 1983 294 2032 20ἶ
309 1985 513 2017 Laborandum
537 1989 637 2026 igitur,
663 2001 756 2029 neque
772 1998 901 2032 repetere
916 1999 970 2027 hoc
986 2003 1037 2028 tae-

212 2027 270 2062 det,
287 2028 317 2056 in
342 2038 372 2058 re
389 2039 453 2066 quae
478 2035 577 2069 requie
593 2038 621 2063 et
644 2027 822 2068 relairatione
847 2050 921 2078 opus
937 2044 1035 2074 habet.

213 2071 257 2100 Uti
273 2074 350 2102 enim
376 2075 459 2105 illum
485 2078 534 2114 qui
557 2088 615 2107 non
640 2083 722 2116 prius
747 2087 883 2122 surrexit,
901 2089 944 2116 vix
967 2099 1036 2118 con-

209 2117 334 2154 sedisse,
351 2119 391 2152 ita
407 2129 503 2158 neque
517 2131 584 2151 eum
601 2127 650 2160 qui
669 2135 724 2155 non
743 2129 824 2164 prius
839 2140 903 2160 sese
917 2133 1036 2170 depres-

209 2161 258 2196 sit,
284 2171 405 2192 sursum
430 2174 495 2194 esse
521 2167 629 2196 elatum
655 2174 731 2199 recte
753 2174 871 2209 dixeris,
898 2161 1034 2207 nec‘eum

209 2207 389 2242 requievisse
406 2211 455 2245 qui
472 2220 529 2239 non
557 2213 640 2248 prius
663 2215 814 2246 laboribus
838 2222 1035 2259 aarumnisque

208 2249 352 2280 incubuit.
369 2253 397 2281 Si
414 2257 512 2283 autem
540 2256 617 2285 hunc
647 2259 754 2288 bonum
780 2262 910 2292 laborem
936 2268 1034 2302 passio

211 2299 362 2331 sequetur,
392 2305 479 2333 quem
504 2301 622 2335 quidem
647 2312 808 2334 aerumnam
834 2316 898 2337 esse
923 2299 1033 2347 dicunt,
1051 2301 1074 2334 D

207 2341 309 2374 utpote
334 2343 496 2370 secundum
522 2345 612 2373 Deum
629 2349 755 2384 eumque
779 2351 937 2387 sapienter,
954 2341 1032 2390 quod

207 2385 251 2410 est
266 2385 430 2414 secundum
447 2388 495 2414 Dei
511 2387 617 2424 legem,
632 2394 660 2418 et
683 2385 822 2422 rationali
833 2395 897 2432 lege
912 2385 952 2425 ita
962 2385 1031 2435 ορθ-

206 2434 275 2454 rans
291 2428 378 2456 etiam
395 2429 456 2466 lege
471 2432 592 2462 excidet.
618 2435 761 2465 Novimus
775 2439 852 2467 enim
868 2449 932 2470 esse
948 2428 1029 2473 labo-

206 2479 268 2500 rem
284 2480 373 2508 quem
389 2483 547 2511 aggressus
561 2480 708 2516 quispiam
725 2483 837 2518 peperit
851 2486 1026 2517 stultitiam:

203 2515 272 2544 talis
298 2520 396 2546 autem
413 2519 496 2549 labor
519 2526 564 2550 est
588 2515 689 2553 eorum
790 2536 865 2565 aegre
890 2515 1029 2562 ferunt-et

205 2561 290 2596 quasi
306 2562 405 2592 dolent
426 2567 583 2603 animoque
599 2561 778 2605 cruciantur,
794 2561 911 2609 quando
928 2577 1027 2605 fratri-

201 2604 259 2633 bus
274 2615 331 2634 non
357 2608 497 2638 damnum
524 2611 641 2648 aliquod
666 2604 827 2645 intulerint.
846 2619 920 2648 Sane
935 2604 1025 2656 isti,7o

200 2649 304 2679 fratres
329 2652 359 2680 in
384 2652 508 2689 Christo,
535 2664 549 2683 e
573 2656 715 2686 diametro
740 2664 866 2698 oppositi
891 2668 960 2693 sunt
982 2649 1023 2694 illi

200 2693 308 2724 dicenti
335 2705 341 2725 2
370 2708 384 2722 «
415 2698 505 2727 Hodie
532 2708 590 2728 non
620 2705 754 2739 regnavi;
787 2708 827 2735 nil
854 2710 932 2738 enim
954 2711 1024 2739 boni

198 2738 273 2774 feci;
290 2751 304 2765 ››
328 2741 384 2777 ipsi
408 2751 424 2770 θ
452 2744 597 2774 contrario
624 2747 754 2778 dicentes
779 2760 785 2779 :
813 2752 873 2781 Hoc
896 2754 943 2782 die
965 2764 1022 2784 non

232 2828 247 2866 ἕ
262 2828 318 2859 Isa.
336 2840 356 2866 ι,
374 2834 417 2861 16.

1115 287 1225 326 κλησιν,
1237 290 1282 318 ἵνα
1297 293 1335 328 μὴ
1352 296 1524 332 καχεκτήσας
1547 296 1561 323 ὁ
1586 287 1690 326 δοῦλα-ε
1706 299 1739 326 τὸ
1757 287 1846 336 aditu,
1861 303 1926 339 γένη-

1113 333 1157 360 ταί
1174 345 1215 361 σοι
1241 333 1424 374 δύσχρηστος.
1452 340 1530 377 Λέγω
1558 340 1599 368 σοί
1627 342 1691 380 γὰρ,
1721 343 1778 379 ὅτι,
1903 333 1926 375 τὸ

1113 377 1306 412 ἀπονίπτεσθαι
1322 382 1354 409 οὐ
1383 383 1545 420 κεκώλυται,
1575 386 1648 414 ἀλλὰ
1674 389 1725 415 καὶ
1754 388 1860 425 μᾶλλον
1872 394 1925 430 πρὸς

1115 421 1125 430 ,,
1285 428 1294 430 _
1497 429 1501 430 ,

1754 421 1760 425 .
1891 421 1895 430 ι

1113 421 1220 450 ἔπαινον
1249 428 1307 456 τοῖς
1347 429 1564 467 καθαρειοτέρι-ις
1595 429 1803 469 ἐπιτηδεύεται,
1830 433 1873 461 ’ἱνα
1897 438 1926 472 μή

1112 467 1156 494 καί
1185 470 1370 504 μυσάττωνται
1400 472 1467 509 πρός
1493 484 1587 511 τινων,
1617 475 1689 503 οὕτω
1721 480 1796 505 νοεῖν
1820 477 1927 508 ἐστικαὶ

1111 510 1154 538 ἐπὶ
1170 515 1218 539 τοῦ
1242 512 1391 551 λοῦματος.
1407 519 1492 544 Τοῦτο
1513 516 1542 546 δέ
1565 530 1638 558 φημι
1667 520 1701 548 οὗ
1716 521 1785 552 τοὺς
1799 521 1927 551 ἀλευτοῦν-

1109 566 1156 587 τας
1189 555 1414 596 βδελυττόμενος,
1440 560 1514 590 ἀλλὰ
1538 555 1624 592 ἐκεῖνο
1652 565 1744 593 καλὸν
1776 566 1872 604 κρίνων
1892 567 1927 596 διὰ

1110 603 1271 640 φερεπονίαν
1302 604 1346 632 καὶ
1378 606 1573 650 ἀπειροκαλίας
1603 608 1700 642 ἐντελῆ
1731 611 1926 650 περιφρόνησιν,

1109 644 1154 672 καὶ
1181 648 1261 674 τοῦτο
1290 647 1421 686 ἐγκρίνων
1450 649 1495 678 διὰ
1520 652 1551 679 τό
1575 663 1613 679 ἰ(
1642 654 1800 689 Λούσασθε,
1830 656 1925 694 καθαροῖ

1107 688 1224 727 γᾶνὲσοε.
1240 704 1255 718 ››

1146 789 1187 817 ιϐ’.
1204 790 1235 817 Εἰ
1265 789 1293 818 δὲ
1321 802 1374 819 που
1402 792 1517 832 ἀνέγνων
1546 795 1602 830 καὶ,
1632 795 1674 824 ὅτι
1700 797 1923 835 ⁹Ρυπάνθητε,ὡς

1108 833 1312 869 ἀναπεπλῆσθαι
1342 836 1444 874 πηλοῦ,
1471 837 1628 876 ἰλουσάμην
1657 840 1688 868 ἂν
1731 833 1876 872 οὐδὲποτεξ
1895 860 1920 866 -

1107 878 1167 906 Ἐτι
1197 878 1349 918 ἐνδελεχεῖς
1379 881 1409 909 οὐ
1440 882 1582 920 δυνάμενοι
1609 886 1771 923 προσευχὰς
1788 887 1832 914 καὶ
1856 888 1920 915 συνά-

1066 923 1159 967 Βξεις
1189 924 1307 959 ἰξοσιοῦν
1335 929 1375 963 τῷ
1407 926 1452 954 ἐπὶ
1480 929 1586 956 πάντων
1617 931 1686 966 Θεῷ,
1720 932 1769 958 οἵα
1798 934 1846 959 τοῦ
1871 933 1919 970 βίον

1106 968 1290 1000 ἀντισπῶντος
1318 971 1362 998 καὶ
1387 971 1580 1008 περιέλκοντος
1607 975 1646 1005 εἲς
1671 975 1783 1010 ἐαυτϐν,
1808 976 1918 1014 ἀπαρχὰς

1102 1014 1165 1050 γοῦν
1188 1023 1262 1044 τινας
1289 1015 1430 1052 χρονικάς,
1454 1016 1539 1044 εἴπεῖν
1565 1016 1593 1045 δὲ
1616 1016 1824 1057 ἀκριϐέστερον,
1844 1031 1917 1058 καιρι-

1102 1057 1161 1093 κᾶς,
1189 1057 1236 1084 εἶτ’
1266 1058 1311 1086 οὖν
1341 1059 1441 1097 ὡραίας
1469 1061 1668 1099 προσκομίζετε
1686 1066 1729 1099 τῷ
1755 1067 1815 1100 Θεῷ
1835 1075 1841 1082 ·
1862 1067 1917 1093 καθά

1102 1112 1155 1128 που
1170 1102 1214 1129 καὶ
1242 1103 1256 1130 ὁ
1281 1102 1363 1131 Acteis
1392 1104 1586 1142 παραδίδωσιν,
1603 1107 1631 1134 ἐν
1651 1109 1732 1135 παντὶ
1750 1111 1839 1146 καιρῷ
1853 1109 1916 1137 εὐλο-

1099 1147 1193 1182 γήσειν
1222 1146 1310 1184 λέγων
1339 1149 1385 1176 τὸν
1414 1149 1522 1184 Κύριον.
1549 1151 1581 1179 EZ‘
1605 1151 1654 1190 γὰρ
1680 1151 1823 1190 βασίλικοὶ
1837 1155 1913 1182 πιστοὶ

1101 1189 1261 1227 Θεράποντες
1287 1191 1407 1229 γίνονται
1437 1194 1484 1229 μὶν
1516 1195 1560 1222 καὶ
1585 1195 1653 1232 πρὸς
1676 1196 1755 1233 αὐτῷ
1780 1196 1870 1234 ἐκείνῳ
1882 1200 1914 1233 τῷ

1102 1234 1209 1270 βασιλεῖ
1236 1235 1391 1271 ἐξάπαντος,
1422 1238 1453 1265 οὐ
1493 1237 1648 1268 κωλύονται
1673 1239 1702 1268 δὲ
1727 1243 1779 1268 τοῦ
1807 1241 1849 1269 καὶ
1875 1244 1912 1279 ζῇν

1099 1279 1158 1310 καθ’
1187 1280 1296 1316 αὑτοὺς,
1325 1281 1398 1310 ἀλλὰ
1427 1283 1472 1310 καὶ
1502 1283 1671 1319 ἆδειάζουσιν
1698 1286 1726 1313 ἐν
1755 1287 1852 1325 καιρῷ,
1876 1288 1912 1314 καί

1098 1322 1228 1359 ἐσθιουσι,
1262 1326 1307 1353 καί
1341 1326 1459 1361 πίνουσι,
1494 1331 1541 1356 καῖ
1577 1332 1742 1366 κοιμῶνται,
1780 1330 1827 1358 καί
1850 1341 1910 1362 τινας

1097 1369 1207 1406 πράξεις
1237 1369 1373 1408 ἰνεργοῦσι
1403 1371 1551 1404 σπουδαίας
1581 1374 1686 1409 αὐτοῖς,
1711 1375 1760 1403 χαί
1792 1376 1807 1403 ὁ
1827 1375 1911 1413 ἀγαθὸς

1100 1412 1227 1450 βασιλεὺς
1257 1415 1308 1442 οὐκ
1342 1415 1495 1453 ἀγανακτεῖ,
1525 1416 1598 1446 ἀλλὰ
1636 1419 1681 1446 καὶ
1707 1420 1909 1458 προσεποτρύνει

1097 1458 1240 1494 παρήγοροι
1254 1460 1293 1494 τῷ
1308 1459 1399 1495 παντὶ,
1415 1459 1499 1488 πλέον
1516 1461 1530 1488 ὸ
1555 1461 1620 1493 Θεὸς
1644 1461 1834 1501 φιλοτιμεῖται
1852 1462 1910 1490 καλᾶ

1095 1503 1206 1529 τοιαῦτα
1244 1506 1302 1534 τοῖς
1345 1504 1423 1532 αὐτὸν
1468 1505 1656 1542 θεραπεύουσι,
1690 1509 1746 1545 πρὸ
1777 1507 1908 1544 ἀναλογίαν

1095 1546 1120 1573 ἐν
1151 1547 1276 1579 ἑκάστοις
1304 1550 1385 1576 τοῦτο
1423 1548 1694 1587 διοικονομούμενος,
1735 1553 1766 1584 ’ὸς
1794 1552 1837 1580 καὶ
1861 1554 1908 1582 τοῖς

1096 1591 1258 1628 ἁγιωτάτοις
1287 1595 1363 1624 ναοῖς
1392 1592 1481 1626 πύλας
1517 1596 1726 1624 κατεσκευάσθαι
1757 1597 1788 1625 οὐ
1817 1597 1906 1635 μέμφε-

1094 1646 1147 1670 ται,
1177 1636 1355 1674 ἀνοιγομένας
1385 1639 1433 1674 μὲν
1462 1638 1487 1666 ἐν
1511 1642 1598 1677 καιρῷ
1626 1640 1774 1677 ὑμνῳδιῶν
1789 1641 1832 1669 καὶ
1846 1642 1906 1677 tepo-

1093 1679 1249 1715 τιλεστιῶν,
1279 1682 1440 1719 κλειομένας
1464 1682 1493 1711 δὲ
1512 1682 1599 1721 αὖθις,
1615 1685 1659 1713 ὅτε
1682 1686 1720 1722 μὴ
1744 1686 1838 1724 καιρὸς
1857 1696 1905 1713 τοι·

1095 1723 1174 1751 ούτου
1191 1725 1302 1763 ἀγαθοῦ,
1317 1727 1355 1758 ὡς
1377 1725 1436 1754 δὶον
1461 1728 1489 1756 ὃν
1514 1729 1634 1763 πάντως,
1649 1730 1694 1758 καὶ
1710 1730 1737 1758 ἐν
1754 1734 1811 1762 τοῖς
1826 1730 1904 1758 τοιού-

1093 1779 1150 1799 τοις
1179 1769 1325 1798 ἀνάπαυσιν
1354 1774 1403 1799 τοῦ
1439 1771 1599 1811 ἐνδελεχοῦς
1629 1774 1725 1811 ὕμνου,
1754 1775 1799 1803 καὶ
1829 1774 1904 1804 οὕτως

1094 1813 1190 1848 εἷ’πεῖν,
1219 1815 1372 1852 ἀκοιμήτου
1408 1817 1554 1855 γίνεσθαι,
1605 1819 1649 1846 καὶ
1689 1818 1837 1848 διαλείπιιν
1867 1819 1903 1845 τὸν

1093 1859 1231 1896 φωτήριον
1248 1858 1331 1887 κόπον
1347 1860 1392 1888 καὶ
1417 1861 1509 1893 αὐτοῖς
1528 1865 1586 1894 τοῖς
1610 1863 1656 1890 τὸν
1679 1864 1746 1892 Θεὸν
1763 1863 1904 1892 λιτανεύσο-

1093 1913 1134 1930 σιν
1149 1902 1176 1938 ἐξ
1192 1903 1298 1939 ἁπάσης
1322 1905 1453 1943 ἀνάγκης,
1468 1907 1512 1934 καὶ
1540 1907 1625 1939 οὕτως
1648 1907 1674 1936 ἐν
1697 1911 1738 1945 τῷ
1752 1908 1865 1941 καθόλου
1877 1907 1902 1934 τὸ

1095 1949 1192 1985 μέτρον
1208 1948 1274 1976 εἶναι
1291 1949 1396 1978 πάντων
1414 1949 1534 1988 ἄριστον.

1127 2002 1160 2029 κ’.
1188 2003 1333 2030 Κοπιατέον
1357 2003 1414 2039 οὖν,
1439 2005 1484 2032 καὶ
1508 2004 1590 2033 πάλιν
1613 2007 1697 2045 φημὶ,
1721 2007 1767 2036 ἐπὶ
1789 2015 1899 2046 πραγμα-

1090 2046 1149 2082 τείᾳ
1175 2045 1271 2085 δεούσῃ
1299 2048 1473 2081 ἀναπαύσεως
1501 2051 1545 2078 καὶ
1581 2051 1746 2088 ἀναψύξεως.
1774 2052 1830 2082 Οὐκ
1853 2050 1900 2078 ’ἐστι

1090 2091 1140 2129 γὰρ
1179 2093 1278 2131 φράσαι
1318 2093 1416 2131 ὀρθῶς,
1457 2095 1577 2134 καθάπερ
1617 2097 1650 2124 οὗ
1677 2098 1836 2130 καθεσθῆναι
1859 2095 1897 2122 τὸν

1089 2137 1318 2173 προανεστηκότα,
1335 2138 1407 2165 οὕτω
1430 2139 1474 2166 καὶ
1498 2139 1641 2178 ἔξαρθῆναι
1664 2141 1711 2169 τὸν
1728 2142 1767 2178 μή
1783 2140 1898 2178 καμόντα»

1089 2178 1107 2214 ἤ
1133 2180 1333 2209 ἀναπαύσασθαι
1354 2182 1400 2210 τὸν
1427 2184 1464 2219 μὴ
1489 2184 1666 2213 κοπιάσαντα.
1682 2185 1714 2214 Εἰ
1739 2185 1770 2214 δὲ
1788 2186 1816 2213 τὸ
1829 2182 1894 2218 καλῷ

1088 2224 1178 2261 τούτῳ
1199 2227 1313 2263 καμάτῳ
1336 2227 1381 2255 καὶ
1406 2228 1491 2259 πάθος
1516 2227 1745 2266 ἐπακολουθήσει,
1771 2232 1799 2259 ὃν
1824 2227 1893 2265 ἄλγος

1091 2269 1156 2296 εἶναί
1172 2271 1235 2309 φασί
1255 2281 1326 2302 τινες
1343 2272 1381 2303 ὡς
1409 2273 1453 2300 καὶ
1483 2272 1528 2301 τὸν
1552 2274 1616 2302 Θιὸν
1636 2275 1680 2302 καὶ
1704 2275 1786 2303 αὐτὸν
1802 2273 1889 2303 ἐννόως,

1090 2313 1156 2353 ὅπερ
1171 2314 1226 2343 ἐστὶ
1242 2317 1310 2343 κατὰ
1332 2316 1378 2344 τὸν
1404 2319 1471 2344 Θεοῦ
1494 2317 1590 2354 νόμον,
1611 2319 1656 2347 καὶ
1673 2319 1783 2368 {toqu
1792 2317 1892 2368 δὲνόμξρ

1087 2358 1158 2387 οὕτω
1173 2362 1259 2387 ποιῶν
1275 2360 1347 2398 τάχα
1370 2361 1415 2388 καὶ
1440 2361 1479 2394 εἷς
1491 2361 1593 2399 ἄνομον
1619 2361 1738 2399 ἀποϐαίη
1764 2364 1804 2393 ἄν.
1823 2361 1891 2398 Ἐμά-

1086 2409 1168 2440 θομεν
1181 2405 1243 2442 γὰρ,
1260 2405 1327 2432 εἶναί
1349 2416 1410 2433 τινα
1433 2405 1525 2442 πόνον,
1542 2408 1571 2434 δν
1598 2406 1744 2437 συλλαϐών
1766 2419 1806 2440 τις
1818 2405 1890 2435 ἔτεκεν

1085 2448 1196 2484 ἀνομίαν
1215 2457 1221 2464 ·
1242 2451 1366 2480 τοιοῦτος
1392 2449 1420 2477 δὲ
1442 2450 1526 2483 πόνος
1552 2451 1596 2480 καὶ
1622 2453 1636 2480 ὁ
1661 2455 1714 2480 τῶν
1745 2451 1889 2492 ἀχθομένων

1083 2494 1126 2519 καὶ
1143 2492 1200 2519 οἴοτ
1217 2492 1371 2531 ἀλγούντων
1394 2495 1438 2522 καὶ
1463 2497 1700 2533 κατακναιομὲνων
1722 2499 1772 2533 τὴν
1798 2495 1888 2535 ψυχήνν

1083 2536 1123 2562 ὅτι
1155 2537 1192 2572 μή
1219 2536 1354 2575 ἐνεργοῦσι
1377 2539 1411 2566 τὰ
1434 2539 1473 2570 εἷς
1498 2539 1604 2577 βλάϐην
1628 2546 1678 2577 τῆς
1704 2540 1887 2582 ἀδελφὸτητοε-

1081 2581 1130 2608 Ναὶ
1157 2582 1209 2618 γὰρ
1239 2582 1289 2610 εἰσί
1315 2594 1393 2619 τινες,
1417 2583 1439 2612 ὦ
1463 2584 1490 2612 ἐν
1514 2587 1622 2624 Χριστῷ
1646 2581 1884 2626 ἀδελφοὶ,νάπεναν-

1079 2623 1138 2655 τίας
1167 2625 1281 2659 ἥκοντες
1309 2629 1349 2663 τῷ
1377 2627 1479 2656 εἰπόντι
1510 2637 1516 2645 ·
1539 2641 1553 2655 ιι
1583 2623 1785 2669 Σήμερον-οὑκ
1812 2626 1886 2657 ἐϐασί-

1080 2667 1163 2696 λευσα
1180 2680 1186 2687 δ
1203 2669 1265 2698 οὐδὶ
1288 2671 1341 2710 γὰρ
1365 2672 1533 2712 εὐηργέτησα
1547 2683 1553 2690 ·
1575 2686 1589 2701 ››
1613 2667 1668 2702 καὶγ
1682 2686 1741 2707 πως
1766 2675 1885 2713 λέγοντες,

1079 2713 1120 2740 ὅτι
1153 2726 1167 2740 (‹
1196 2716 1271 2743 Κατὰ
1295 2716 1344 2751 τὴν
1383 2716 1557 2754 ἐνεστηκυῖαν
1592 2718 1697 2758 ἡμέραν
1725 2721 1777 2748 οὐκ
1803 2719 1886 2753 έζήστν

1080 2769 1126 2795 μεν
1145 2770 1151 2777 ·
1169 2759 1231 2788 οὐδὲ
1245 2761 1296 2799 γὰρ
1312 2761 1448 2799 ἐφάνημεν
1474 2763 1585 2802 φρικτοὶ
1613 2767 1672 2796 τοῖς
1687 2764 1835 2803 ὁμοφύλοις
1847 2759 1883 2789 καὶ
