2021 3176
123 216 185 245 5.31

808 215 848 245 IN
869 215 978 246 PSAL.
1001 213 1141 246 XLVIII.

1767 213 1827 243 538

124 279 268 318 ἀπρόσιτοι
291 281 335 308 καὶ
361 280 593 317 ἀπροσπέλαποι.
619 292 633 306 n
655 280 820 317 Μαινόμενοί
844 291 875 318 γε
900 279 944 308 οὗ-

1005 281 1132 309 viximns
1158 289 1238 316 ;non
1266 280 1343 308 enim
1381 279 1596 309 contribulibus
1631 278 1776 307 terribiles
1800 281 1830 307 et

123 335 178 360 τοι,
207 325 252 352 καὶ
281 323 379 352 λύσσαν
418 324 510 363 ἀγρίαν
540 323 756 363 ἒνδομυχοῦντες
773 346 780 359 ,
810 325 856 352 καὶ
885 324 948 352 οὐδὲ

124 369 260 408 ἅνθρωποι
283 370 350 408 πρὸς
372 369 511 405 ἀλήθειαν,
538 369 610 398 ἀλλὰ
634 368 793 408 θηριώδεις·
811 370 881 397 ὀκνῶ
896 370 947 408 γὰρ

125 413 318 451 δαιμονιώδεις
342 414 440 442 εἶπεῖψ
467 414 575 442 ὶκείνων
598 416 649 453 γὰρ
671 415 717 442 καὶ
747 415 835 451 μόνων
861 413 947 452 ἄχθος

126 458 194 496 μέγα
216 459 261 486 καὶ
286 458 360 494 λύπη
387 460 480 497 βαρεῖα
502 459 546 487 καὶ
572 459 650 498 ὀργή,
668 460 710 488 ὅτι
736 461 773 496 μὴ
800 460 840 487 ἀεὶ
865 470 947 487 κατα-

125 501 285 538 ϐάλλουσιν,
301 503 331 531 ὃν
347 502 377 531 ἃν
391 503 532 532 ἐθέλωσιν.

158 593 209 621 κα¹.
240 592 414 631 Ἐλευθέρους
446 594 520 630 ἡμᾶς
556 593 688 621 τοιούτων
725 593 874 632 ἀνθρώπων
903 592 945 628 εἱίη

125 639 265 675 συν-τηρῶν
295 638 309 665 ὁ
336 638 413 673 Θεὸς,
442 637 560 669 ἐκείνους
587 648 616 666 τε
643 638 772 676 ἀπάγων,
799 638 846 666 καὶ
877 637 948 675 μηδὲ

123 692 183 710 τινα
213 682 238 717 ἐξ
267 683 347 718 ἡμῶν
386 683 474 721 ἀφιεὶς
510 682 622 714 ἐκείνοις
657 684 876 722 συναπάγεσθαι,
902 682 947 710 καὶ

141 726 154 736 τ’
279 729 292 734 ~
349 727 356 737 ν
417 726 454 737 ’κο
520 727 526 737 ’
645 726 658 737 ’θ
822 730 835 736 ~
886 728 913 738 ,ν-

123 736 196 754 ουτω
211 737 308 762 κοπιᾳν
335 737 373 758 εις
397 733 473 755 ουοιν
499 726 623 769 ουηδόλως
644 727 754 767 οφελος,
770 727 788 763 ἢ
803 739 842 765 τῳ
867 738 947 756 αιωνι

121 770 212 808 τούτῳ
235 772 386 810 σύμφορον,
410 771 428 806 ἢ
452 774 492 808 τῷ
517 771 572 800 ἐκεῖ
593 772 638 800 καὶ
663 773 810 809 τελευταίῳ
833 773 878 800 καὶ
895 783 948 810 μο-

122 814 197 852 νίμῳ
220 815 265 843 καὶ
289 815 395 853 αἰωνίῳ
419 816 569 855 σύντροχον
595 818 675 853 ἡμῖν,
701 818 770 855 πρὸς
794 820 861 845 Θεοῦ
886 818 948 856 ἀρέ-

123 870 225 896 σκειαν,
255 861 297 888 ὅτι
327 862 365 897 μή
394 862 439 888 καὶ
468 861 576 898 μᾶλλον
600 862 765 901 ἀμφοτέροις
781 861 946 899 ἐνάρμοστον

122 904 168 932 καὶ
184 904 323 936 λυσιτελὲς
340 905 378 936 εἷς
403 904 480 933 οὐδὲν
506 907 610 936 ὁτιοῦν.
629 908 691 935 Τῶν
713 917 742 934 τε
757 907 808 944 γὰρ
829 907 946 934 αἰωνίων

123 949 231 987 ἀγαθῶν
270 949 341 977 οὕτω
382 950 468 986 μάτην
510 950 623 982 ἐνταῦθα
662 950 846 986 πεπονηκότες
876 950 949 978 ἐκπί-

121 1003 229 1030 πτομεν
245 1014 253 1028 ,
289 993 333 1021 καὶ
372 993 397 1021 ἐν
429 994 481 1031 βίῳ
518 993 546 1022 δὶ
585 993 799 1032 δυσπραγοῦντες
825 995 887 1032 περὶ
915 995 948 1023 τὰ

123 1037 234 1077 φλύαροι
262 1037 307 1065 καὶ
338 1040 436 1076 μικροῦ
463 1049 536 1069 τινος
566 1038 626 1074 ἄξια
655 1039 739 1077 λόγου
767 1042 820 1067 τῶν
837 1039 949 1074 ἀξιολο-

122 1082 252 1120 γωτάτων
291 1083 336 1110 καὶ
375 1083 519 1115 θειοτάτων
550 1083 750 1121 ἀποξενούμεθα
767 1105 774 1113 .
804 1083 872 1112 Οὐδὲ
897 1085 947 1123 γὰρ

123 1125 186 1154 οὐδὲ
211 1126 382 1164 ἀθροίζεσθαι
408 1126 447 1158 εἷς
469 1127 515 1154 τὸν
538 1130 588 1155 τοῦ
612 1131 678 1156 Θεοῦ
701 1129 762 1156 ναὸν
780 1129 904 1165 ἀξιοῦμεν
921 1129 948 1156 οἱ

124 1169 308 1208 μεριμνῶντες
335 1171 424 1209 μωρὰ,
448 1172 493 1199 καὶ
519 1171 613 1204 ἄλλως
639 1171 667 1200 δὲ
692 1173 753 1210 περὶ
774 1172 868 1201 πολλὰ
881 1184 947 1211 τυρ-

121 1212 260 1250 ϐάζοντες,
289 1215 334 1243 καὶ
366 1216 489 1254 βιωτικοὶ
521 1217 568 1252 μὲν
600 1217 666 1244 εἶναι
695 1218 762 1244 πάνυ
786 1229 813 1245 τι
839 1218 946 1257 ἐφιέμε-

120 1269 173 1293 νοι,
199 1262 247 1287 τοῦ
272 1259 434 1298 παραδείσου
462 1259 490 1287 δὲ
514 1260 637 1298 γενέσθαι
664 1261 812 1298 ἄνιὲμενοι,
836 1262 880 1289 καὶ
907 1263 945 1298 μὴ

121 1302 331 1340 ἐνθυμούμενοι,
354 1304 391 1335 ὡς
415 1306 536 1332 τοιοῦτον
566 1304 624 1342 βίον
646 1303 786 1342 τρίϐοντες
811 1306 872 1333 οὔτε
885 1309 946 1338 τοῖς

120 1348 188 1375 ἑπτὰ
219 1347 315 1386 μερίδα
350 1348 418 1376 κατὰ
451 1349 483 1376 τὸ
518 1349 597 1381 θείως
635 1350 825 1388 γεγραμμένον
854 1349 945 1378 διδόα-

122 1403 182 1429 μεν,
211 1393 255 1420 κάὶ
282 1395 340 1424 τοῖς
369 1393 440 1421 ὀκτὼ
469 1392 533 1421 οὐδὲ
562 1391 702 1423 ὀϐολιαῖόν
728 1405 755 1422 τι
780 1395 947 1433 ἀπομεριζό-

125 1442 204 1473 μιθα.

156 1491 209 1528 κβ’.
227 1490 274 1518 Διὸ
303 1489 421 1528 εὔχομαι
448 1491 512 1522 τοὺς
542 1491 580 1523 εἷς
600 1492 632 1520 τὸ
658 1493 780 1530 ἀγίασμα
802 1496 850 1521 τοῦ
879 1496 945 1522 Θεοῦ

122 1534 343 1573 εἵσερχομὲνους,
372 1535 417 1563 καὶ
445 1535 486 1563 ἀεὶ
512 1536 692 1575 φυλάττεσθαι
720 1537 812 1568 αὐτοῖς
841 1538 946 1573 ἀξιοῦν-

122 1589 170 1610 τας
197 1590 229 1606 το
256 1581 380 1607 τοιοῦτον
410 1580 520 1617 ἀγαθὸν,
552 1581 590 1617 μὴ
615 1580 726 1617 κάμνειν
751 1582 820 1609 κατά
841 1582 945 1620 ἀνθρώ-

120 1633 190 1658 πων,
209 1622 279 1660 μηδὲ
300 1627 393 1652 πονεῖν
414 1625 482 1652 κατὰ
506 1627 559 1652 τῶν
583 1625 743 1665 ὁμοφύλων,
759 1625 823 1658 ἔνθα
836 1637 867 1664 γε
881 1626 944 1654 οὐδὲ

120 1667 188 1695 κατᾶ
214 1670 268 1695 τῶν
297 1668 392 1700 άπλῶς
420 1668 586 1708 ἀλλοφύλων
616 1670 675 1704 είκῆ
705 1671 750 1698 καὶ
778 1672 866 1707 μάτην
891 1682 944 1708 μο-

120 1712 198 1749 χθεῖν
222 1710 303 1746 ἔστιν,
334 1713 357 1740 εἰ
388 1713 425 1750 μή
455 1723 481 1741 τι
509 1712 560 1751 ἄρα
588 1713 684 1752 ἐχθροὶ
709 1714 806 1742 ἐκεῖνοι
831 1717 897 1743 Θιοῦ
925 1716 943 1751 ἢ

123 1756 258 1794 βασιλέως
273 1756 471 1793 διεκπίπτουσι,
490 1756 561 1795 μηδὲ
584 1761 681 1794 κοπιᾷν
704 1759 772 1786 κατὰ
794 1762 848 1787 τῶν
866 1759 942 1787 οὐδὲν

119 1800 213 1829 αἰτίων
241 1802 432 1840 ὁμοθρήσκων,
462 1803 507 1830 καὶ
537 1805 628 1842 σαφῶς
657 1803 787 1840 ὀνομάσαι
816 1804 944 1842 ὁμοχρι-

121 1848 246 1874 στιανῶν·
277 1846 349 1875 ἀλλὰ
387 1849 473 1884 μισεῖν
512 1847 640 1885 ὑπερλίαν
670 1849 701 1876 τὸ
729 1850 853 1876 τοιοῦτον
882 1860 914 1877 κο
931 1866 943 1872 -

121 1889 221 1927 πίαμ.αΙ
246 1890 290 1918 καὶ
320 1890 410 1929 λέγειν
433 1890 556 1926 ἕκαστον,
581 1892 619 1924 ὡς
644 1893 733 1921 Τοῦτο
755 1892 843 1925 κόπος
872 1893 942 1921 ἐστὶν

121 1932 238 1963 ἐνώπιόν
271 1946 333 1972 μου¹
362 1936 521 1974 συγκόπτων
549 1937 594 1964 καὶ
623 1938 795 1974 κατατέμνων
821 1938 864 1965 καὶ
892 1939 942 1973 τὴν

121 1979 189 2007 κατὰ
215 1982 322 2017 πνεῦμα
349 1980 485 2018 συμφυΐαν
511 1980 698 2019 ἀποδιαιρῶν,
728 1982 773 2009 καὶ
801 1981 941 2020 χορδεύων

122 2024 180 2051 οἷον
196 2025 246 2059 τὴν
262 2023 351 2057 ἔνθεον
372 2024 546 2061 ὁλομέλειαν,
574 2025 650 2060 Πλὴν
673 2025 746 2053 ἔσται
768 2037 815 2062 μοι
839 2027 871 2054 τὸ
896 2037 943 2054 κο-

120 2069 220 2106 πηρὸν,
245 2069 323 2108 φησὶ,
346 2071 426 2096 τοῦτο
450 2070 548 2104 πάθος,
570 2069 612 2097 δτι
638 2070 675 2106 μὴ
700 2069 774 2102 ἓλθω
798 2071 836 2101 είς
866 2071 943 2108 ἁγια-

120 2113 230 2151 στήριον
258 2115 307 2142 τοῦ
336 2115 412 2141 Θεοῦ·
443 2111 535 2141 ἔκτοτε
559 2113 587 2141 δὲ
603 2114 639 2145 ὡς
664 2113 702 2145 είς
719 2113 821 2152 δρόμον
839 2113 943 2142 ἀποδυ-

120 2157 234 2195 σόμενος
251 2181 259 2195 ,
288 2157 322 2185 δι’
356 2158 386 2185 οὐ
425 2156 634 2196 ὑπερϐαίνοντας
666 2159 710 2186 καὶ
741 2157 943 2191 ἀποδιώκοντας

121 2201 251 2239 δαίμονας
275 2202 431 2241 ἀπορρίψω,
455 2203 486 2230 τὸ
503 2203 629 2241 ἀχθεινὸν
642 2203 717 2231 τουτὶ
733 2202 942 2242 φορολογεῖν....

121 2256 229 2274 οπτεται
254 2249 312 2278 τοῖς
341 2247 379 2279 εἶς
408 2248 472 2275 Θεὸν
499 2247 640 2285 τρέχουσι,
670 2249 716 2276 καὶ
739 2248 776 2279 ὡς
800 2250 840 2284 τῷ
860 2249 943 2286 ὑπερ-

120 2292 203 2330 φώτῳ
224 2291 316 2329 ἡλίῳ,
340 2293 380 2328 τῷ
406 2293 528 2329 Θεῷ,”¹¹“
554 2292 766 2330 ἐλλαμψόμενος
790 2292 943 2331 ἀποῤῥίψο-

1002 325 1221 354 inaccessibiles
1242 325 1362 353 fuimus.
1381 324 1540 353 Furibundi
1570 324 1687 360 quidem
1718 323 1771 359 illi,
1802 325 1830 351 et

1004 370 1083 398 rabie
1107 370 1195 398 feroci
1224 369 1336 406 repleti,
1370 378 1470 398 revera
1496 377 1551 397 non
1587 369 1731 404 homines,
1776 368 1827 395 sed

1003 415 1152 449 bestiales,
1183 417 1216 442 ut
1245 423 1280 443 ne
1309 415 1404 442 dicam
1434 423 1451 442 a
1475 414 1589 442 diabolo
1611 414 1734 441 obsessi.
1761 413 1828 441 Ideo

1003 460 1081 487 enim
1092 460 1278 488 solummodo
1294 460 1487 495 indignantur
1501 462 1530 488 et
1540 458 1639 486 dolent
1652 461 1681 486 et
1697 459 1829 485 irascun-

1003 506 1052 532 tur
1066 505 1144 541 quod
1160 513 1232 540 quos
1248 505 1401 540 voluerint,
1428 505 1536 532 damno
1552 503 1666 531 afﬁcere
1682 503 1760 530 haud
1777 510 1827 538 po-

1003 549 1123 577 tuerint.

1038 594 1082 622 2|.
1099 594 1217 622 Liberos
1232 603 1285 622 nos
1300 603 1317 622 a
1345 594 1454 622 talibus
1480 593 1650 622 hominibus
1679 594 1832 621 conservet

1003 638 1080 667 Deus
1109 641 1207 675 atque,
1234 639 1304 666 dum
1333 639 1400 667 illo:
1429 639 1464 667 ad
1494 638 1673 674 supplicium
1703 637 1829 671 deducit,

1003 683 1075 711 faxit
1094 685 1126 711 ut
1142 683 1242 711 nullus
1257 692 1271 711 e
1283 684 1368 711 nobis
1383 684 1546 712 deducatur
1562 692 1628 711 cum
1645 683 1719 716 istis,
1737 691 1832 718 neque

1003 736 1124 764 prorsus
1139 728 1290 756 incassum
1311 728 1489 763 laboremus,
1516 729 1546 755 et
1575 735 1669 763 neque
1697 726 1766 754 huic
1781 735 1832 754 sae-

1003 772 1070 800 culo
1084 772 1154 800 utile
1179 773 1259 808 quid,
1285 781 1379 808 neque
1405 772 1447 799 illi
1473 772 1540 800 vitae
1570 774 1716 808 perpetuas
1744 773 1832 806 atque

1003 819 1117 845 (eterna;
1132 817 1386 845 accommodatum
1400 817 1470 853 quid
1482 817 1645 844 secundum
1661 816 1711 844 Dei
1728 817 1832 843 volun-

1002 863 1093 889 tatem
1111 862 1304 898 producentes
1320 861 1393 889 nihil
1419 861 1538 889 omnino
1565 863 1737 897 praestemus
1753 860 1832 896 quod

1002 905 1047 933 vel
1064 907 1219 934 minimum
1236 906 1275 934 sit
1287 906 1399 934 bonum
1414 914 1448 934 ac
1476 905 1669 933 conducibile.
1699 905 1727 932 Si
1753 903 1833 932 enim

1003 950 1051 978 hic
1067 951 1138 978 adeo
1163 947 1273 979 frustra
1297 951 1538 984 laboraverimus,
1556 951 1671 978 aeternis
1687 949 1772 977 bonis
1784 957 1833 976 ex-

1003 995 1146 1029 cidemus,
1158 998 1187 1023 et
1201 996 1225 1023 si
1241 995 1295 1023 hac
1309 995 1337 1023 in
1353 997 1413 1023 vita
1428 1003 1526 1022 rerum
1540 995 1647 1022 levium
1663 993 1833 1029 nulliusque

1003 1039 1145 1067 momenti
1159 1048 1230 1067 cura
1246 1039 1351 1068 misers
1364 1048 1417 1067 nos
1433 1039 1633 1074 afﬂixerimus,
1652 1039 1735 1066 bonis
1751 1046 1833 1066 sum-

1004 1084 1061 1111 mis
1077 1092 1110 1112 ac
1134 1084 1303 1112 ccelestibus
1334 1083 1525 1119 privabimur.
1554 1083 1652 1118 Neque
1680 1082 1758 1110 enim
1782 1082 1832 1109 Dei

1003 1128 1121 1164 quidem
1149 1128 1294 1164 templum
1318 1128 1427 1156 intrare
1456 1127 1630 1164 satagimus,
1661 1127 1711 1163 qui
1744 1127 1832 1154 rebus

1003 1173 1138 1201 absurdis
1153 1172 1303 1200 inhiamus
1319 1175 1347 1200 et
1362 1173 1396 1200 de
1425 1172 1461 1199 iis
1490 1180 1553 1208 quas
1569 1172 1643 1199 hanc
1659 1172 1747 1199 vitam
1763 1179 1831 1199 con-

1003 1219 1135 1252 cernunt,
1161 1217 1245 1245 anxie
1273 1217 1393 1244 solliciti
1423 1225 1536 1250 sumus,
1567 1216 1703 1252 paradiso
1733 1219 1831 1244 autem

1003 1262 1090 1297 potiri
1105 1261 1293 1297 negligimus,
1311 1270 1369 1288 non
1401 1263 1581 1296 reputantes,
1611 1269 1665 1288 nos
1689 1261 1743 1288 hac
1771 1261 1830 1288 vita

1001 1306 1132 1333 fruentes
1150 1313 1244 1341 neque
1259 1305 1318 1333 illis
1334 1309 1445 1341 septem
1475 1305 1633 1333 concedere
1654 1305 1828 1341 particulam

1001 1351 1164 1378 secundum
1180 1350 1256 1386 quod
1286 1349 1437 1385 Scriptura
1466 1358 1549 1378 sacra
1564 1350 1644 1385 dicit,
1661 1358 1756 1386 neque
1770 1350 1829 1377 illis

1001 1397 1065 1423 octo
1077 1394 1122 1422 vel
1139 1394 1285 1423 tantillum
1303 1395 1442 1423 tribuere.

1035 1492 1080 1520 22.
1110 1493 1293 1528 Quapropter
1316 1493 1436 1521 obsecro
1467 1493 1532 1520 illos
1552 1493 1600 1528 qui
1627 1492 1828 1521 sanctuarium

1002 1537 1051 1564 Dei
1063 1537 1251 1572 frequentant
1264 1539 1293 1565 et
1321 1537 1465 1573 ejusmodi
1496 1538 1564 1565 boni
1580 1545 1696 1573 semper
1710 1537 1828 1572 partici-

1000 1589 1052 1616 pes
1066 1589 1131 1608 esse
1146 1581 1324 1616 desiderant,
1342 1584 1373 1608 ut
1393 1589 1428 1609 ne
1453 1582 1591 1609 adversus
1619 1582 1752 1609 homines
1768 1589 1829 1609 cer-

1000 1627 1062 1652 tent
1076 1633 1171 1660 neque
1185 1626 1325 1653 adversus
1336 1625 1656 1653 contribuleslaborent
1670 1625 1829 1661 (siquidem

1002 1669 1045 1696 vel
1064 1672 1166 1697 contra
1191 1669 1369 1705 alienigenas
1391 1670 1500 1698 frustra
1528 1669 1625 1697 oleum
1650 1678 1828 1706 operamque

999 1714 1132 1749 perdent,
1162 1713 1220 1741 nisi
1248 1714 1371 1742 fortasse
1396 1714 1509 1742 inimici
1532 1714 1573 1741 illi
1612 1714 1660 1742 Dei
1686 1717 1737 1742 aut
1752 1714 1829 1750 regis

999 1758 1181 1794 exciderint),
1199 1767 1294 1794 neque
1322 1759 1501 1786 contendant
1529 1761 1629 1787 contra
1656 1767 1706 1787 eos
1722 1758 1772 1794 qui
1787 1759 1827 1786 ei-

999 1802 1065 1829 dem
1082 1802 1174 1830 cultui
1191 1806 1260 1830 sunt
1282 1803 1403 1836 addicti,
1419 1803 1473 1831 hoc
1502 1806 1547 1832 est
1571 1804 1763 1836 Christianos,
1776 1804 1827 1831 sed

999 1850 1031 1875 ut
1041 1847 1186 1882 ejusmodi
1203 1847 1334 1875 studium
1351 1856 1385 1875 ac
1409 1848 1539 1876 laborem
1555 1849 1620 1876 odio
1637 1848 1764 1876 habeant
1778 1847 1828 1875 de-

998 1893 1214 1927 testanturque.
1236 1893 1298 1919 [mo
1326 1892 1452 1928 quisque
1481 1893 1537 1921 sibi
1566 1893 1661 1921 dicat:
1679 1892 1730 1921 Hic
1746 1892 1828 1920 labor

998 1936 1066 1964 talis
1081 1938 1126 1964 est
1141 1939 1174 1964 ut
1188 1937 1393 1973 cognationem
1423 1937 1606 1973 spiritualem
1627 1938 1750 1972 excidat,
1765 1937 1828 1965 dis-

994 1981 1112 2017 jungat,
1130 1980 1233 2015 deleat,
1250 1985 1337 2017 atque
1348 1982 1477 2009 divinam
1493 1983 1693 2010 membrorum
1709 1990 1827 2018 compa-

998 2033 1063 2061 gem
1079 2026 1230 2053 dissolvat.
1246 2027 1389 2054 Praeterea
1399 2026 1462 2062 hoc,
1477 2027 1600 2062 inquiet,
1618 2027 1740 2062 impedit
1755 2035 1827 2062 quo-

999 2069 1097 2097 minus
1113 2070 1141 2097 in
1158 2070 1208 2097 Dei
1225 2071 1427 2098 sanctuarium
1452 2071 1616 2106 ingrediar;
1633 2079 1711 2099 nunc
1727 2073 1825 2098 autem

998 2113 1081 2149 quasi
1096 2113 1126 2140 in
1148 2121 1267 2142 arenam
1284 2111 1475 2149 descendens,
1505 2115 1598 2143 malos
1614 2116 1759 2143 daemones
1775 2115 1825 2150 qui

998 2165 1045 2184 me
1060 2160 1279 2193 persequuntur
1307 2159 1336 2186 in
1361 2158 1461 2194 fugam
1489 2159 1655 2194 conjiciam,
1670 2159 1824 2187 molestam

997 2201 1079 2229 illam
1095 2201 1281 2238 vectigalium
1298 2203 1519 2231 solutionem...
1535 2203 1578 2231 eis
1605 2203 1655 2239 qui
1680 2203 1716 2231 ad
1733 2206 1823 2231 Deum

998 2245 1182 2282 confugiunt,
1212 2249 1240 2274 et
1263 2247 1351 2274 veluti
1377 2247 1617 2283 splendidissimo
1637 2248 1708 2281 sole,
1730 2247 1824 2275 De'o...

998 2291 1188 2319 collustratus
1207 2291 1283 2319 hanc
1306 2293 1422 2328 turpem
1447 2293 1649 2328 nefastamque
1677 2291 1823 2320 maculam

123 2347 171 2373 μαι
209 2336 309 2364 σπίλου
345 2337 471 2365 τοιούτου
511 2336 651 2375 εἷδεχθοῢς
689 2338 746 2374 ἅμα
781 2337 826 2365 καὶ
864 2348 944 2375 μυσα-

1001 2336 1100 2373 procul
1113 2336 1259 2372 abjiciam.

123 2390 182 2417 ρου.

156 2434 206 2471 κγ’.
223 2433 254 2461 Εἰ
279 2435 342 2471 γοῦν
370 2437 490 2463 τοιοῦτοι
516 2436 657 2473 γενώμεθα
685 2434 731 2464 διὰ
754 2434 942 2474 φιλαλληλίας

120 2477 166 2505 καὶ
195 2476 337 2514 ὁμονοίας,
367 2478 398 2513 ἣν
426 2480 440 2507 ὁ
469 2480 534 2511 Θεὸς
564 2479 608 2508 διὰ
633 2482 686 2508 τῶν
718 2481 799 2518 ἱερῶν
828 2483 941 2520 Γραφῶν

121 2521 317 2560 παραδίδωσι,
343 2522 388 2550 καὶ
424 2521 469 2550 διὰ
505 2525 656 2560 συμπνοίας
683 2529 868 2562 πνευματικῆς
895 2526 940 2553 καὶ

122 2567 273 2605 ἀταραξίας,
303 2567 333 2601 ἢν
362 2567 376 2594 ὁ
408 2567 446 2604 μὴ
477 2567 586 2606 ἀγαπῶν
621 2572 755 2607 πονηροῖς
783 2570 942 2606 κυμαίνεται

122 2611 282 2648 πνεύμασιν,
307 2610 435 2648 ἑλώμεθα
458 2610 487 2639 δὲ
511 2612 691 2651 φορτίζεσθαι,
721 2615 758 2645 ὡς
784 2617 851 2642 Θεοῦ
880 2613 941 2642 δου-

122 2655 225 2691 λευταὶ,
255 2657 322 2694 ἅπερ
349 2657 417 2693 ἡμῖν
448 2655 550 2688 ἐκεῖνος
578 2657 764 2696 εὐδιακρίτως,
788 2659 825 2689 ὡς
839 2660 940 2696 πατὴρ,

121 2700 268 2736 ἐπιτίθησι,
293 2700 338 2728 καὶ
362 2703 472 2737 κοπιᾷν,
497 2701 534 2732 ὡς
558 2701 658 2733 ἐκεῖνος
685 2702 832 2730 ἐπιτάσσει·
858 2704 871 2731 ὁ
896 2704 939 2731 καὶ

119 2745 165 2776 τὰς
180 2747 260 2782 ἡμῶν
276 2745 408 2783 ἁμαρτίας
432 2744 508 2783 ἄρας,
531 2745 576 2773 καὶ
600 2748 674 2783 ἡμᾶς
698 2746 798 2775 ἐθέλων
817 2748 851 2775 τὰ
871 2747 940 2785 βάρη

123 2790 262 2827 βαστάζειν
288 2792 477 2827 πνευματικῶς
493 2813 501 2826 ,
532 2790 581 2819 οὐκ
610 2791 709 2831 ἀφήσει
734 2794 940 2831 περιχορεῖσθαι

122 2833 209 2870 μάτην
233 2833 278 2862 καὶ
300 2831 438 2872 τρίϐεσθαι
463 2834 531 2863 κατὰ
554 2834 618 2868 τοὺς
647 2835 881 2875 ἐπαχθιζομὲνους
908 2837 942 2864 τὰ

122 2878 158 2915 μὴ
189 2877 257 2918 φίλα
278 2878 383 2916 ἐκὶίνῳ.
408 2878 487 2908 Ἀλλ’
510 2878 603 2916 ἐπειδὴ
631 2880 678 2909 τὸν
707 2879 810 2909 ἰκείνου
836 2879 938 2920 φόρτον

1031 2436 1076 2463 23.
1092 2437 1157 2463 Jam
1172 2443 1238 2464 vero
1253 2436 1278 2464 si
1293 2436 1366 2465 tales
1394 2437 1504 2464 erimus
1522 2445 1573 2473 per
1590 2439 1727 2464 mutuum
1743 2444 1825 2464 amo-

996 2487 1058 2509 rem
1098 2482 1126 2508 et
1154 2481 1350 2515 concordiam,
1387 2481 1505 2517 qualem
1529 2481 1607 2509 Deus
1632 2490 1684 2517 per
1725 2489 1825 2509 sacras

997 2525 1120 2553 Litteras
1153 2533 1206 2553 nos
1243 2525 1355 2561 edocet,
1398 2529 1426 2554 et
1457 2533 1507 2561 per
1535 2525 1719 2562 spiritualem
1749 2534 1825 2553 una—

997 2569 1159 2597 nimitatsm
1174 2572 1203 2597 et
1216 2570 1472 2606 tranquillitatem,
1490 2578 1578 2606 quam
1597 2571 1647 2606 qui
1659 2579 1716 2598 non
1729 2570 1826 2606 diligit

996 2614 1140 2650 improbis
1155 2614 1292 2642 turbatur
1306 2615 1503 2648 demonibus,
1528 2617 1557 2643 et
1572 2615 1606 2643 si.
1618 2618 1758 2651 tanquam
1774 2608 1826 2641 Dei

996 2659 1083 2694 servi,
1097 2667 1131 2686 ea
1145 2666 1208 2694 quae
1219 2659 1283 2695 ipse
1312 2659 1395 2687 nobis
1411 2662 1445 2687 ut
1460 2659 1577 2696 sapiens
1593 2662 1673 2695 pater
1687 2659 1823 2694 imponit,

996 2706 1121 2740 portare,
1138 2706 1166 2732 et
1181 2704 1309 2732 laborem
1325 2713 1410 2740 quem
1427 2705 1569 2741 praecipit,
1588 2704 1707 2740 exsequi
1723 2703 1823 2731 stude-

996 2757 1063 2777 mus
1077 2757 1083 2776 :
1101 2751 1172 2776 tunc
1187 2748 1236 2776 ille
1250 2749 1300 2784 qui
1317 2751 1437 2784 peccata
1452 2752 1551 2777 nostra
1564 2749 1695 2781 sustulit,
1711 2750 1739 2775 et
1761 2747 1824 2774 vult

996 2795 1029 2821 ut
1045 2802 1097 2822 nos
1112 2801 1200 2822 onera
1214 2793 1408 2830 spiritualiter
1422 2796 1585 2830 gestamus,
1602 2802 1660 2821 non
1677 2793 1754 2820 sinet
1770 2800 1823 2820 nos

995 2837 1105 2866 frustra
1119 2837 1278 2874 circumagi
1293 2841 1321 2866 et
1335 2840 1446 2868 versari
1462 2839 1579 2867 illorum
1609 2838 1703 2866 instar
1718 2837 1767 2873 qui
1782 2845 1823 2865 re-

995 2883 1052 2912 bus
1066 2882 1124 2919 ipsi
1139 2891 1196 2912 non
1207 2882 1298 2920 gratis
1313 2891 1378 2912 sese
1392 2885 1525 2920 onerant,
1552 2883 1603 2911 sed
1623 2882 1742 2920 quando
1756 2882 1822 2918 ejus
