2021 3176
243 194 302 225 539

627 195 841 226 EUSTATHII
863 193 1015 225 THESSA
1023 191 1251 224 LONlCENSlS
1274 189 1566 222 METROPOLITxE

1891 192 1937 222 N0

242 269 317 288 onus
337 262 486 296 portantes
510 259 691 293 laboramus,
716 261 810 289 dicet:
828 272 843 286 «
873 259 1007 288 Accedite
1032 259 1066 287 ad

1124 257 1246 295 αἴροντες
1270 257 1437 294 πονούμεθα,
1464 256 1529 294 ἰριῖ·
1558 268 1572 283 α
1594 258 1676 284 Δεῦτε
1700 254 1775 292 πρὸς
1803 265 1844 292 με,
1860 257 1883 283 οἱ
1900 266 1938 294 χι-

241 313 299 338 me,
316 305 365 340 qui
391 313 455 333 mea
471 314 559 333 causa
579 305 719 333 laboratis
741 309 769 334 et
796 306 906 334 onerati
930 306 1011 338 estis,
1041 307 1069 333 et

241 357 294 385 ego
311 358 359 377 vos
372 350 501 377 reliciam
516 350 537 377 ³.
553 361 567 374 ››
586 350 658 382 Quid
688 353 786 378 autem
816 350 888 378 illud
916 350 972 378 sibi
996 350 1067 384 vult,

240 394 368 422 reliciam
380 394 393 421 ‘I
409 394 535 429 Faciam,
549 403 583 422 ne
604 395 732 430 amplius
752 396 904 423 incassum
919 395 1068 423 laboretis.

240 440 361 473 Semper
380 439 458 466 enim
481 442 622 474 tanquam
648 439 846 467 vacillabundi
871 442 900 467 et
919 439 1069 467 versatiles

241 486 269 511 et
285 484 481 519 undequaque
498 483 620 511 mobiles
648 487 676 511 et
695 484 857 517 instabiles,
887 492 1004 520 operam
1022 492 1069 511 no-

241 529 333 555 stram
369 528 548 556 collocamus
579 527 608 555 in
639 529 747 564 quibus
790 537 847 556 non
877 531 1002 564 oportet,
1041 530 1069 556 et

242 571 350 600 frustra
366 573 580 604 contendimus,
596 575 624 600 et
638 573 729 608 gratis
745 572 901 606 luctamur,
922 576 951 601 et
974 573 1069 600 incas-

241 625 308 644 sum
324 616 504 645 laboramus.
520 617 573 644 Sed
597 617 777 653 simulatque
802 617 849 644 ille
876 625 927 653 pro
952 626 1070 645 summa

239 660 334 696 ipsius
350 661 533 689 humanitate
549 661 610 689 leve
635 662 781 697 quoddam
810 664 991 690 momentum
1005 662 1068 690 ani-

240 705 397 733 madvertit
412 708 440 733 et
456 706 486 733 in
503 707 614 734 trutina
632 706 735 742 judicii
761 707 805 734 vel
822 715 914 734 unum
944 707 1067 743 apicem,

241 758 333 777 unum
358 758 481 785 granum
509 751 692 786 propendens
716 750 804 783 videt,
830 750 859 778 in
885 751 1067 778 commodum

238 796 371 822 nostrum
384 795 470 821 vertit
498 794 570 822 etin
588 794 722 822 lancibus
750 794 845 830 ipsius
867 795 1003 822 thesauro
1027 795 1068 822 di-

237 839 303 875 gnis
320 839 445 874 reponit,
461 841 490 866 et
503 840 618 874 quoties
634 838 814 874 supplantati
833 839 1011 874 abimprobo
1020 840 1070 867 ad-

237 884 365 911 versario
391 886 420 911 et
450 883 570 918 collapsi
600 883 644 911 vel
669 884 775 918 dejecti
811 884 1067 919 resurrexerimus,

237 928 321 956 illum
339 927 472 963 prohibet
482 928 640 963 quominus
652 928 735 956 nobis
745 937 830 964 porro
843 928 956 962 illudat,
972 932 1000 956 et
1015 937 1068 957 nos

239 973 274 1001 ab
291 974 355 1007 ejus
370 972 487 1000 insidiis
508 973 536 999 in
561 975 623 1000 tuto
639 973 771 1001 collocat.
802 974 849 1001 Sic
872 973 961 1009 igitur
991 981 1069 1002 nunc

238 1026 356 1053 quoque
384 1026 434 1045 vos
464 1021 642 1054 praeparatos
665 1020 694 1045 et
714 1018 756 1045 uti
791 1018 873 1046 decet
903 1026 1010 1054 pronos
1032 1018 1068 1046 ad

239 1062 433 1090 laborandum
450 1070 506 1090 non
524 1062 708 1098 simpliciter,
731 1063 780 1090 sed
793 1063 834 1090 uti
850 1064 937 1090 homo
952 1063 1069 1091 divinus

240 1107 335 1140 debet,
353 1115 411 1134 non
427 1108 504 1134 sinet
519 1107 549 1134 in
565 1107 674 1143 peccati
690 1108 850 1135 certamine
865 1108 1067 1142 succumbere,

241 1152 291 1179 sed
307 1151 404 1186 potius
421 1151 540 1179 reficiet.
557 1151 673 1179 Utinam
700 1160 754 1179 nos
773 1160 886 1184 omnes.
911 1160 927 1179 o
953 1153 1067 1186 fratres,

239 1196 281 1223 ita
301 1196 357 1222 Deo
371 1195 480 1230 accepti
501 1195 607 1223 ﬁamus
629 1204 680 1231 per
703 1195 797 1231 ipsius
825 1196 995 1223 benevolam
1011 1196 1067 1224 mi-

240 1238 440 1266 sericordiam.
458 1238 566 1266 Exaudi
582 1248 645 1272 nos,
668 1239 790 1267 Domine
812 1239 952 1274 Salvator,
970 1241 1021 1276 qui
1036 1249 1067 1269 es

243 1282 414 1310 benedictus
430 1283 460 1310 in
474 1283 590 1311 saecula.
608 1285 710 1311 Amen.

274 1419 285 1436 ⁸
298 1419 400 1448 Matth.
414 1428 454 1454 ιι,
465 1419 510 1447 28.

1084 947 1108 980 Β

1124 312 1164 339 ριν
1192 302 1259 338 ἐμὴν
1285 304 1435 333 κοπιῶντες
1460 301 1505 328 καί
1530 300 1765 340 πεφορτισμένου
1791 300 1864 338 κάγὼ
1889 301 1938 328 ἁνα-

1123 347 1218 374 παύσω
1235 347 1314 384 ὑμᾶς.
1332 358 1347 372 »
1358 347 1392 375 Τί
1415 345 1443 374 δέ
1465 346 1521 374 ἐστι
1544 346 1575 374 τὸ
1590 358 1605 372 ‹‹
1621 344 1779 373 ἀναπαύσω
1797 355 1804 380 ;
1823 357 1836 370 ››
1860 346 1939 374 Παύσιυ

1122 391 1205 419 πάλιν
1225 393 1273 419 ιιοῠ
1300 391 1326 419 ἐν
1351 394 1441 423 κενοῖς
1462 393 1570 427 κοπιᾷν.
1596 390 1651 418 Οὐκ
1675 388 1736 418 ἔστι
1766 389 1830 427 γὰρ,
1854 390 1893 417 ὅτε
1913 392 1940 421 ὡς

1123 435 1243 473 ἅστατοι,
1268 436 1313 464 καὶ
1342 435 1534 474 πολυρῥιπεῖς,
1564 436 1607 463 καὶ
1637 432 1834 472 παλίμϐολοι,
1856 435 1940 462 ulni-

1125 481 1285 520 μετάφοροι,
1308 481 1353 508 καὶ
1378 478 1514 515 ἆϐἐϐαιοι,
1540 479 1594 518 [οὐ]
1619 481 1791 518 μοχθοῦμεν
1819 479 1907 517 ἐφόἶς
1917 481 1940 508 οὐ

1123 526 1191 564 χρὴ,
1219 525 1263 553 καὶ
1288 525 1348 561 εἲκῆ
1371 526 1519 562 κάμνονεν,
1543 525 1588 553 καὶ
1610 527 1761 562 κοπιῶμεν
1792 524 1940 561 τηνάλλως,

1123 570 1167 597 καὶ
1196 572 1332 606 πονοῦμεν
1364 570 1471 607 μάτην.
1502 569 1580 598 Ἀλλ’
1609 569 1687 607 ὅμως
1721 568 1857 608 βραχείας
1884 570 1940 601 τινὸς

1124 613 1306 652 δραττόμενος
1336 615 1435 646 ἐκεῖνος
1466 615 1480 642 ὁ
1506 615 1574 653 πρὸς
1602 614 1823 654 φιλανθρωπίαν
1851 612 1941 652 ἀκριϐὲ-

1124 670 1220 691 στατος
1246 660 1385 698 ἀφορμῆς,
1412 660 1457 688 καὶ
1478 662 1519 696 τῷ
1542 658 1668 696 ταλάντῳ
1693 663 1750 694 τῆς
1778 658 1891 698 κρίσεως
1907 670 1942 687 ne-

1124 703 1216 742 ράτιον
1232 704 1259 732 ’ἐν
1282 705 1299 738 ἢ
1320 705 1419 732 κόκκον
1443 703 1488 732 ἕνα
1503 702 1687 739 ἐπιϐληθέντα
1705 702 1788 738 ἰδὼν,
1804 704 1871 741 πρὸς
1884 705 1941 739 ἡμὲ-

1121 759 1198 786 τερον
1229 749 1325 786 ἀγαθὸν
1352 749 1436 787 ῥέπει,
1465 749 1510 776 καὶ
1539 749 1576 780 είς
1606 749 1746 785 στατῆρας
1777 747 1868 784 ἀξίους
1890 748 1941 776 τίθε⁴

1122 803 1165 820 ται
1189 796 1237 821 τοῦ
1261 794 1319 821 κατ’
1343 793 1422 821 αὑτὸν
1448 795 1595 831 θησαυροῦ·
1619 794 1665 821 καὶ
1691 793 1792 824 ὁσάκις
1814 791 1843 819 ἄν
1869 793 1939 820 mli.

1123 837 1226 869 σθέντες
1243 838 1294 866 ὑπὸ
1309 840 1357 865 τοῦ
1380 840 1503 875 πονηροῦ
1517 837 1696 876 ἀντιδρόμου,
1715 849 1764 866 και
1789 837 1938 870 πταίσαντες,

1122 883 1140 917 ἢ
1165 882 1372 920 καταρῥιφέντες
1395 883 1608 921 ἐξορθωθείημεν
1627 906 1634 919 ,
1662 882 1747 910 παύει
1779 883 1827 910 καὶ
1855 882 1938 909 ἐκιῖνον

1122 929 1170 955 τοῦ
1194 928 1366 962 καταπαίζειν
1389 929 1481 964 ἡμῶν,
1511 928 1555 955 καὶ
1585 929 1660 963 ἡμᾶς
1681 929 1735 955 τοῦ
1767 926 1938 964 ἐμπαίζισθαι,

1124 972 1203 1001 Οὕτω
1231 975 1295 1010 γοῦν
1325 973 1369 1000 καὶ
1397 975 1442 999 νῦν
1472 972 1682 1008 ἀναποιηθὲντας
1715 972 1802 1009 ὑμᾶς,
1842 971 1882 998 καὶ
1907 969 1938 997 8:-

1124 1017 1209 1048 όντως
1226 1017 1461 1056 ἀναφρονήσαντας
1475 1017 1500 1045 ἄν
1529 1019 1569 1054 τῷ
1591 1020 1754 1051 πονεῖσθαι,
1772 1015 1828 1054 οὐχ
1851 1014 1937 1049 ἁπλῶς,

1123 1061 1186 1090 ἀλλ’
1202 1061 1244 1100 ἐφ’
1258 1063 1298 1093 οἷς
1315 1062 1330 1089 ὁ
1344 1063 1391 1089 τοῦ
1416 1064 1484 1090 Θιοῦ
1508 1062 1654 1100 ἄνθρωπος
1677 1061 1823 1096 τέτακται,
1838 1060 1867 1088 οὐ
1885 1060 1937 1088 παύ-

1123 1117 1162 1134 σει
1189 1107 1306 1144 πρώτως
1333 1105 1392 1143 ὂίρτι
1424 1108 1473 1134 τοῦ
1502 1106 1666 1145 ἐφαμάρτως
1705 1105 1881 1146 φορτίζεσθαι
1904 1103 1936 1130 καί

1122 1153 1232 1186 κοπιᾷν,
1249 1149 1322 1178 ἀλλὰ
1342 1150 1498 1179 ἀναπαύσει.
1525 1151 1573 1178 Καὶ
1598 1151 1708 1188 γένοιτο
1726 1149 1842 1180 δεκτοὺς
1855 1148 1935 1177 πάντας

1122 1196 1206 1232 ἡμᾶς,
1231 1194 1253 1222 ὦ
1279 1194 1405 1234 ἀδελφοὶ,
1428 1197 1468 1232 τῷ
1489 1198 1548 1232 Θεῷ
1570 1195 1641 1223 οὕτω
1661 1195 1792 1234 γενέσθαι
1818 1193 1861 1221 διὰ
1880 1196 1935 1227 τῆς,

1122 1239 1159 1270 ὡς
1185 1240 1300 1278 ἰρῥήθη,
1325 1240 1486 1278 εὐπορίστου
1519 1239 1710 1277 ἒλεημοσύνης
1742 1240 1841 1267 αὐτοῦ.
1867 1239 1933 1266 Ἐπασ

1121 1284 1230 1315 κούσαις
1245 1286 1336 1321 ἡμῶν,
1363 1285 1386 1312 ὦ
1410 1287 1502 1323 Σῶτερ
1529 1285 1621 1322 Κύριε⁹
1645 1285 1659 1313 ὁ
1679 1283 1719 1313 ὢν
1749 1283 1894 1321 εὐλογητὸς
1907 1281 1935 1311 εἷς

1120 1328 1183 1360 τοὺς
1199 1328 1309 1360 αΐῶνας.
1327 1330 1428 1366 Ἀμήν.

723 1522 1934 1539 mm

909 1614 1277 1681 EJUSDEM

567 1732 792 1776 ORATIO
824 1731 979 1776 ANNO
1010 1731 1369 1776 AUSPICANDO
1400 1733 1619 1778 HABITA.

281 1927 306 1954 1.
323 1927 400 1955 Deus
416 1927 478 1963 ipse
494 1926 562 1955 anni
574 1926 682 1954 circulo
700 1934 799 1955 revera
814 1926 968 1962 benedicit,
980 1935 996 1954 o
1012 1927 1067 1954 fra-

1159 1926 1192 1954 α’.
1219 1925 1377 1964 Εὐλογεῖται
1401 1925 1530 1964 στέφανος
1557 1927 1679 1955 ἐνιαυτοῦ
1704 1929 1813 1958 πάντως
1838 1925 1878 1954 ὑπ’
1896 1922 1932 1950 αὖ·

245 1972 316 2005 tres,
332 1973 361 1999 et
375 1971 435 1999 haec
450 1971 613 1999 benedictio
635 1971 714 1998 haud
742 1979 856 1999 merum
883 1979 1002 2004 munus,
1021 1971 1072 1998 sed

244 2016 400 2044 retributio
415 2025 479 2044 esse
493 2016 618 2043 videtur.
638 2016 712 2043 Deus
741 2015 830 2050 enim,
846 2024 863 2043 a
888 2015 971 2043 nobis
985 2016 1072 2043 bene-

244 2061 352 2096 dictus,
369 2061 456 2088 rebus
477 2060 586 2088 nostris
613 2059 846 2088 benedictionem
864 2060 967 2088 reddit.
984 2060 1072 2088 Bene-

242 2106 344 2134 dicunt
358 2108 456 2134 autem
474 2108 529 2134 Deo
545 2105 678 2133 homines
707 2113 764 2133 non
783 2106 879 2133 solum
894 2105 1072 2141 hymnorum

242 2150 505 2187 gloriﬁcationibus
533 2150 659 2185 aliisque
691 2149 867 2182 rationibus,
896 2150 1004 2185 quibus
1045 2149 1071 2178 oi

242 2195 351 2232 gratias
364 2197 465 2231 agunt,
478 2195 528 2223 sed
546 2193 693 2230 imprimis
710 2194 794 2222 bonis
817 2194 882 2222 vitae
896 2194 1072 2228 actionibus,

243 2247 369 2277 quorum
395 2239 462 2268 linis
491 2242 578 2268 aDeo
609 2239 725 2266 initium
755 2238 848 2266 sumit
876 2239 911 2266 ad
946 2246 1071 2274 eumque

243 2286 376 2319 recurrit,
392 2287 421 2313 et
435 2285 477 2313 sic
488 2285 586 2321 ipsum
604 2284 772 2320 magnificat
787 2286 815 2312 et
830 2283 982 2319 gloriﬁcat,
999 2285 1070 2312 dum

243 2330 385 2358 nimirum
405 2332 433 2357 et
456 2329 520 2364 ejus
548 2329 597 2364 qui
613 2329 686 2357 bene
711 2328 780 2364 agit,
797 2331 825 2356 et
840 2337 941 2356 eorum
957 2328 1008 2365 qui
1035 2329 1071 2357 ad

243 2373 340 2410 ipsum
369 2373 531 2410 respiciunt
559 2373 682 2409 ejusque
705 2372 868 2401 imitatione
896 2374 932 2400 ad
957 2373 1071 2410 frugem

243 2419 376 2452 redeunt,
394 2417 497 2446 animae
518 2418 625 2454 gaudio
645 2426 678 2445 ac
693 2417 795 2445 laetitia
807 2417 1034 2453 perfunduntur.

276 2464 304 2489 2.
321 2463 402 2495 Quod
420 2464 451 2490 ut
467 2462 560 2498 magis
572 2461 813 2498 appareat,paulo
824 2460 912 2489 altius
927 2462 1020 2490 oratio
1031 2470 1071 2490 re-

240 2507 365 2543 petenda
376 2507 532 2535 est.Prima
543 2506 645 2534 mundi
662 2505 804 2534 creatioet
818 2514 880 2541 quae
896 2508 966 2534 tunc
981 2506 1073 2534 homi-

241 2551 365 2586 ni,velut
381 2552 451 2588 regi,
461 2551 506 2579 vel
522 2554 680 2587 antequnm
697 2552 814 2578 creatus
827 2553 914 2583 esset,
926 2551 1071 2579 bonorum

239 2597 421 2625 terrestrium
432 2595 560 2624 liberalis
566 2595 674 2623 oblatio
683 2595 952 2629 reservabatur,hoc
959 2604 1069 2624 merum

241 2642 360 2670 omnino
375 2642 484 2669 donum
502 2640 565 2667 fuit.
581 2640 716 2667 Nondum
728 2639 806 2667 enim
823 2640 891 2667 boni
909 2640 979 2676 quid
995 2643 1070 2669 Deus

241 2688 277 2715 ab
307 2686 480 2715 hominibus
517 2687 670 2721 acceperat
703 2684 780 2720 quod
808 2692 871 2712 cum
895 2684 1069 2713 liberalitate

241 2732 424 2768 rependerat,
442 2730 491 2758 sed
510 2732 613 2765 sponte
638 2728 728 2756 dedit.
754 2729 886 2757 Fortasse
909 2732 1007 2757 autem
1033 2730 1070 2758 ad

239 2776 318 2804 hunc
335 2783 427 2811 usque
438 2774 515 2802 diem
532 2774 625 2807 daret,
642 2773 804 2802 secundum
816 2781 964 2802 summam
976 2773 1071 2810 ipsius

242 2820 428 2856 sapientiam,
456 2818 513 2847 nisi
542 2818 644 2847 innata
676 2818 784 2854 (nobis)
807 2827 896 2855 prava
922 2819 1069 2855 voluntas,

241 2865 375 2893 omnium
389 2864 577 2900 peccatorum
592 2864 696 2898 mater,
713 2862 890 2899 prohiberet.
905 2863 989 2892 Nunc
1003 2872 1070 2894 vero

1085 2613 1109 2645 D

1126 1971 1175 1997 τοῦ
1191 1972 1268 2004 Θιοῦ,
1284 1971 1306 1998 ὦ
1323 1969 1446 2010 ἀδελφοὶ,
1462 1971 1507 1999 καὶ
1527 1973 1544 2006 ἡ
1560 1971 1672 2007 τοιαύτη
1700 1971 1816 2009 εὐλογία
1830 1968 1931 2009 φαίνεται

1127 2015 1158 2042 ού
1175 2013 1247 2046 δόσις
1263 2014 1359 2046 ἁπλῶς
1375 2016 1452 2050 εἶναι,
1479 2015 1552 2044 ἀλλὰ
1566 2015 1711 2048 ἀντίδοσις.
1739 2014 1930 2052 Εὑλογούμενος

1125 2059 1205 2097 γᾶρὸ
1234 2059 1298 2090 Θεὸς
1327 2060 1369 2099 ὑφ’
1397 2061 1490 2097 ἡμῶν,
1519 2061 1679 2099 ἀντευλογεῖ
1713 2061 1747 2089 τὰ
1775 2060 1833 2092 καθ’
1859 2059 1930 2094 ἡμᾶς·

1125 2104 1286 2141 Εὐλογεῖται
1317 2102 1346 2131 δὲ
1374 2105 1438 2136 Θεὸς
1466 2105 1510 2132 ὑπ’
1539 2106 1688 2143 ἀνθρώπων
1717 2105 1750 2133 ού
1779 2100 1930 2140 δοξολογίαιε

1128 2149 1209 2186 μόνον
1241 2147 1408 2185 ὑμνῳδικαῖς
1432 2149 1476 2177 καὶ
1502 2148 1610 2181 λοιποῖς
1635 2149 1729 2184 εἴδεσι,
1756 2149 1792 2178 δι’
1813 2145 1887 2175 ὼντὸ
1900 2143 1930 2174 εἷς

1125 2193 1204 2220 αὐτὸν
1235 2193 1397 2231 εὐχάριστον
1426 2194 1611 2232 ἀπαρτίζεται,
1641 2193 1715 2222 ἀλλὰ
1745 2193 1858 2232 μάλιστα
1881 2190 1929 2218 ταῖς

1124 2238 1192 2265 κατὰ
1223 2238 1281 2276 βίον
1311 2239 1532 2278 ἀριστοπραξίαις
1550 2261 1557 2273 ,
1587 2240 1624 2267 ὧν
1651 2239 1682 2267 τὸ
1719 2239 1800 2270 τέλος
1824 2237 1930 2278 Θεοῦᾐτε

1125 2282 1275 2320 ἐξαρτᾶται,
1297 2283 1342 2311 καὶ
1372 2283 1410 2315 εἷς
1437 2284 1537 2311 ἐκεῖνον
1567 2284 1702 2320 ἀνανεύει,
1728 2285 1775 2312 καὶ
1802 2281 1863 2311 οὕτω
1888 2276 1928 2304 δο-

1126 2327 1198 2363 ξάζει
1225 2329 1269 2355 καὶ
1301 2327 1455 2366 μεγαλύνει,
1484 2327 1695 2366 ἀγαλλιωμένης
1718 2330 1768 2364 τῆς
1793 2328 1876 2366 ψυχῆς
1888 2323 1927 2350 τοῦ

1125 2383 1154 2400 τε
1167 2372 1333 2410 πράττοντος
1362 2373 1393 2400 τὸ
1419 2372 1537 2411 ἄριστον,
1564 2373 1608 2401 καὶ
1632 2374 1687 2401 τῶν
1713 2373 1751 2405 είς
1779 2372 1852 2401 αὐτὸν
1874 2368 1925 2396 ἅπαν

1126 2415 1281 2444 ϐλεπόντων
1297 2417 1342 2444 καὶ
1356 2418 1391 2452 τῇ
1407 2418 1523 2454 μιμήσει
1541 2417 1753 2455 βελτιουμένων.

1163 2461 1196 2498 β’.
1212 2462 1270 2488 Ἵνα
1299 2460 1328 2488 δὲ
1352 2461 1398 2489 τὸν
1424 2460 1505 2500 λόγον
1532 2460 1674 2490 ἀναλαϐὼν
1699 2462 1743 2490 ἐπὶ
1772 2462 1851 2490 πλέον
1864 2458 1925 2494 ἇιφν

1126 2502 1258 2541 ϐώσωμαι
1276 2528 1283 2542 ,
1311 2507 1328 2541 ἡ
1357 2507 1453 2544 πρώτη
1486 2507 1533 2543 μὲν
1560 2509 1608 2534 τοῦ
1634 2507 1739 2544 κόσμου
1765 2500 1924 2542 «apum-{ml

1125 2547 1249 2589 ἕκφανσις
1273 2550 1317 2578 καὶ
1342 2551 1359 2586 ἡ
1380 2553 1527 2586 τηνικαῦτα
1550 2551 1767 2589 κειμηλιωθεῖσα
1783 2553 1822 2588 τῷ
1837 2545 1928 2589 βασιλεῖ

1126 2587 1270 2632 ἀνθρώπῳ,
1296 2595 1377 2633 πρινή
1401 2596 1446 2623 καὶ
1466 2587 1600 2634 γενέσθαι,
1625 2596 1769 2636 φιλοτιμία
1796 2597 1846 2624 τῶν
1871 2587 1926 2636 καῖά

1124 2639 1227 2676 κόσμον
1252 2640 1368 2677 ἀγαθῶν,
1385 2633 1478 2677 ἐκείνην
1498 2639 1572 2672 δόσις
1594 2633 1635 2676 ἦν.
1652 2642 1825 2680 αὐτόχρημα.
1839 2637 1871 2666 Οὖ
1883 2633 1925 2672 γάρ

1123 2685 1203 2712 ποθεν
1233 2685 1316 2712 καλὸν
1343 2685 1512 2724 ἀνθρώπινον
1553 2683 1700 2714 ἀπολαϐὼν
1772 2686 1854 2718 θεὸς,
1880 2679 1924 2707 εἶτα

1125 2728 1378 2767 φιλοτιμησαμινος
1399 2729 1598 2765 ἀνταπὲδωκεν,
1625 2729 1687 2759 ἀλλ’
1710 2730 1832 2767 ἄντικρυς
1845 2726 1922 2755 ἔδωκε·

1124 2773 1173 2802 Καὶ
1189 2773 1280 2802 ἐδίδου
1296 2773 1326 2802 ἂν
1349 2775 1453 2811 ὁμοίως
1478 2774 1530 2807 ἕως
1555 2775 1600 2803 καὶ
1614 2778 1660 2803 νῦν
1687 2777 1753 2804 κατὰ
1767 2776 1813 2810 τὴν
1829 2772 1852 2800 ἐν
1864 2768 1923 2802 αὗτῷ

1123 2819 1287 2858 παραγωγὸν
1328 2819 1423 2858 σοφίαν
1442 2842 1449 2855 ,
1472 2819 1501 2847 ιεὶ
1528 2821 1570 2857 μὴ
1602 2822 1820 2858 παρεισχριθεῖσα
1847 2811 1922 2855 φαύλη

1123 2863 1290 2902 προαίρεσις,
1319 2863 1454 2902 ἁμαρτίας
1481 2864 1586 2901 ἁπάσης
1617 2866 1733 2904 μήτηρ,
1761 2859 1920 2893 «imoim-
