2021 3176
112 227 178 256 541

609 225 755 256 ORATIO
778 226 885 256 ANNO
907 225 1158 256 AUSPICANDO
1181 224 1341 255 HABITA.

1771 222 1830 251 542

112 294 202 329 ’Ἀρτι
228 289 257 319 δὲ
286 289 320 318 δι’
335 291 419 325 αὐτὴν
449 290 498 318 οὐκ
526 291 565 319 ἀεὶ
592 290 687 323 ἁπλῶς
712 291 784 319 οὕτω
805 289 944 319 δίδωσινὸ

1012 292 1120 327 )ropter
1131 299 1197 318 cam
1210 291 1285 318 Deus
1297 298 1353 318 non
1370 288 1498 325 amplius
1513 290 1572 316 tam
1598 290 1701 324 sponte
1730 287 1829 323 donat,

112 337 196 370 Θεὸς,
213 334 276 364 ἀλλ’
301 334 468 363 ἀντιδιδόναι
490 334 566 375 φιλιῖ
593 336 660 364 κατά
687 347 748 364 τινα
777 335 946 374 δοσοληψίαν

115 380 198 417 αὐτῷ
212 380 378 418 πρέπουσαν.

158 448 192 485 γ’.
210 447 307 484 Πρέπει
333 447 361 475 δὲ
384 447 537 485 ἀναγκαίως
563 450 603 484 τῷ
629 448 721 486 ἀγαθῷ
744 448 828 487 ἀγαθά
852 458 881 476 τε
906 447 946 476 δι-

115 490 209 526 δόναι,
225 492 269 520 καὶ
296 489 505 528 ἀντιλαμϐάνειν
529 495 650 521 τοιαῦτα.
668 494 789 531 Πονηρὸς
818 494 864 530 μὲν
895 493 946 531 γὰρ

115 535 204 572 δύτης
219 537 310 575 χαίρει
339 537 384 564 καὶ
413 535 505 568 διδοὺς
533 537 579 565 καὶ
604 535 821 574 λαμϐάνων,οἴς
850 548 947 575 παρω-

114 581 265 618 νόμασται’
282 581 381 620 ἀγαθὸς
412 580 441 609 δὶ
471 581 520 610 οὐκ
549 583 578 610 ἃν
608 581 671 610 οὐδὲ
699 581 840 620 ἅνθρωπος
856 581 946 615 ἆθὲλοι

115 626 274 665 φαυλότητι
307 626 472 664 πραγμάτων
511 626 709 664 χρωτίζεσθαι,
740 627 778 664 μὴ
808 627 848 655 ιἔτι
878 638 909 665 γε
932 627 947 654 ὁ

116 671 277 708 πανάγαθος
308 671 416 709 Κύριος,
441 671 466 707 ἐξ
500 671 531 699 οὗ
559 672 603 699 καὶ
632 670 666 699 δι’
696 673 726 700 οὗ
753 673 821 700 ἅπαν
850 670 945 700 καλόν.

118 714 278 752 Φιλοίημεν
294 714 340 742 οὖν
355 715 468 747 ἅπαντες
493 715 661 753 Χριστιανοὶ,
673 715 719 743 καὶ
743 715 945 753 πραγματιυοί-

123 760 204 796 μιθα,
234 759 272 790 εἷς
300 760 364 786 ὅσον
395 759 520 796 δύναμις,
550 761 588 796 μή
619 757 767 796 λαμϐάνειν
795 759 890 791 ἁπλῶς
918 759 948 788 ἐκ.

119 806 202 838 Θεοῦ,
219 803 292 832 ἀλλὰ
306 802 527 841 ἀντιλαμϐάνειν.
544 802 751 842 Ἀντιλαμϐάνιι
779 803 807 832 δὲ
831 805 845 832 ὁ
867 804 946 842 ἐφθα-

120 849 179 880 κὼς
204 847 305 878 δοῦναι.
322 849 370 876 Καὶ
400 848 458 887 ἔχει
486 849 518 877 τὸ
546 848 688 886 διδόμενον
705 851 718 877 ὁ
734 852 856 880 τοιοῦτος
883 851 949 887 μετά

121 894 313 929 πεποιθήσιως
329 894 469 931 εὐγενοῦς,
484 893 529 921 καὶ
560 894 662 931 ἀγαθῆς
690 893 880 930 συνειδήσεως,
910 895 948 925 ὡς

124 938 170 966 οἷα
200 939 238 975 μή
268 937 355 975 δῶρον
384 935 448 976 ἔχον
468 939 499 966 τὸ
515 936 670 975 δεδομᾶνον.
690 938 764 966 ἀλλᾶ
789 937 947 976 ἀντίδωρον,

1003 336 1053 364 sed
1081 335 1238 372 rependere
1267 334 1378 362 mavult
1402 334 1565 362 secundum
1582 333 1741 369 quamdam
1758 331 1830 360 reci-

1003 380 1176 416 procitatem
1193 380 1249 415 ipsi
1260 379 1492 408 convenientem.

1037 447 1064 474 3.
1081 447 1159 475 Bono
1173 449 1270 474 autem
1287 446 1451 474 necessario
1463 445 1606 478 convenit,
1620 447 1648 472 et
1659 444 1735 471 bona
1750 444 1830 479 dare,

1002 491 1110 519 ettalia
1129 491 1268 527 recipere.
1296 491 1391 518 Malus
1421 489 1499 517 enim
1529 490 1613 516 dator
1643 497 1706 524 quea
1737 488 1831 523 ipsius

1002 536 1114 563 nomini
1129 543 1258 571 congrua
1273 538 1352 568 sunt,
1378 537 1407 562 et
1430 535 1499 562 dare
1523 536 1552 561 et
1573 534 1702 568 recipere
1733 532 1830 560 solet:

1002 580 1096 608 bonus
1110 583 1206 608 autem
1226 580 1311 607 homo
1326 580 1370 607 vel
1386 579 1564 607 levissimam
1582 578 1662 613 pravi
1684 576 1832 604 maculam

1002 627 1163 658 aversatur,
1193 632 1226 652 ac
1252 625 1365 652 inﬁnite
1396 624 1491 659 magis
1527 623 1657 658 optimus
1692 621 1834 649 Dominus

1002 677 1018 696 ο
1034 672 1129 704 quoet
1146 677 1291 705 perquem
1308 677 1394 696 omne
1421 669 1542 695 bonum.
1567 668 1660 700 Quare
1673 666 1834 698 Christiani

1001 721 1104 741 omnes
1118 721 1233 741 summo
1246 714 1344 741 studio
1357 713 1519 748 ardoreque
1531 711 1558 738 id
1584 720 1717 746 agamus,
1738 717 1833 745 quau-

1001 759 1065 786 tum
1079 766 1168 794 penes
1184 766 1236 786 nos
1252 761 1306 791 est,
1335 760 1368 785 ut
1397 766 1454 785 non
1481 756 1654 791 simpliciter
1678 762 1834 782 sumamus

1002 802 1097 835 aDeo,
1128 804 1177 830 sed
1203 803 1412 830 retribuamur.
1442 801 1552 836 Accipit
1581 803 1678 828 autem
1710 799 1834 827 retribu-

1002 848 1124 881 tionem,
1137 848 1186 884 qui
1201 850 1228 875 et
1240 847 1301 883 ipse
1315 847 1395 874 dedit
1411 845 1619 873 antea.Etta|is
1631 853 1696 872 cum
1713 844 1835 871 honesta

1004 892 1184 920 convictione
1200 893 1335 928 bonaque
1360 890 1539 918 conscientia
1566 890 1666 917 datum
1692 888 1834 924 possidet,

1005 939 1105 972 utpote
1119 937 1169 973 qui
1189 945 1245 964 non
1272 936 1352 964 velut
1376 937 1492 970 donum,
1519 935 1569 962 sed
1598 937 1736 969 tanquam
1762 940 1835 969 pras-

126 982 320 1021 Λογιζόμενος,
337 982 374 1014 ὡς
403 982 514 1020 ἀλόγοις
545 983 592 1019 μὲν
624 983 714 1018 ζώοις,
740 984 781 1014 οἷς
810 985 872 1014 νοῦς
902 983 952 1010 οὐκ

1012 982 1099 1008 mium
1117 981 1222 1008 habeat
1237 982 1265 1008 id
1283 981 1359 1017 quod
1377 981 1401 1008 ei
1418 981 1519 1007 datum
1536 982 1590 1011 est,
1607 977 1767 1014 praesertim
1784 977 1834 1004 ubi

126 1027 275 1062 ἐπιστατεῖ,
300 1024 404 1054 δίδοται
432 1027 466 1054 τὰ
491 1027 521 1054 ἐκ
554 1030 621 1054 Θεοῦ
647 1027 828 1064 πονουμένοις
853 1028 952 1058 παντὸς

128 1071 240 1109 ἀγαθοῦ,
258 1071 346 1107 ὁποίῳ
360 1070 451 1109 χαίρει
466 1072 480 1099 ὁ
502 1071 576 1105 Θεὸς,
593 1072 637 1099 καὶ
653 1070 698 1100 διὰ
725 1074 805 1100 τοῦτο
832 1070 954 1108 ἄσπαρτα

127 1115 173 1142 καὶ
205 1115 324 1153 ἀνήροτα
338 1115 364 1150 ἐξ
387 1114 542 1152 αὐτομάτου
567 1113 738 1152 λαμϐάνουσι
761 1116 796 1144 τὰ
825 1117 865 1147 οἷς
896 1117 955 1154 θρέ-

129 1160 224 1195 ψονται
253 1159 403 1196 Ἀνθρώπῳ
420 1157 448 1187 δὲ
463 1159 512 1187 οὐκ
533 1159 563 1187 ἂν
578 1159 620 1195 εἷή
637 1161 783 1199 προσφυὲς,
797 1160 868 1188 οὕτω
884 1159 954 1196 λαμ-

130 1200 232 1239 ϐάνειν,
254 1203 328 1231 ἀλλὰ
358 1206 425 1231 κατά
452 1214 478 1231 τι
507 1203 696 1242 συνάλλαγμα,
726 1205 771 1232 καὶ
803 1205 867 1232 αὐτὸ
906 1204 956 1232 οὐκ

130 1247 262 1285 ἀνάλογον
292 1249 360 1276 κατά
391 1259 421 1285 γε
453 1247 518 1279 τοὺς
553 1248 800 1286 ἐμπορευομένους,
830 1248 890 1277 ἀλλ⁴
919 1249 956 1279 εἰς

130 1291 193 1319 ὅσον
223 1289 277 1320 ἔστι
305 1292 350 1320 τὸν
380 1293 522 1330 ἄνθρωπον
551 1293 760 1330 σταθμώσασθαι
782 1294 850 1331 πρὸς
879 1293 955 1329 Θιὸν,

131 1335 271 1374 ἄνθρωπον
285 1337 331 1364 τὸν
345 1337 515 1374 πενέστατον,
532 1337 596 1365 Θεὸν
611 1338 657 1365 τὸν
675 1337 879 1375 παμπλούσιον.

171 1488 202 1517 δ’.
217 1489 247 1516 Τί
275 1488 326 1527 γὰρ
354 1489 384 1517 ἂν
411 1489 456 1517 καὶ
485 1488 546 1524 δοίη
572 1492 612 1526 τῷ
639 1492 697 1526 Θεῷ
726 1489 867 1527 ἅνθρωπος
891 1490 960 1528 πρὸς

135 1533 227 1569 ἀξίαν;
246 1535 308 1565 Πῶς
336 1532 359 1562 δ’
383 1533 413 1561 ἂν
436 1533 599 1569 συναλλάξοι
623 1535 690 1572 πρὸς
706 1532 835 1570 ὶσότητας
851 1534 958 1572 Δωρεάν

135 1579 203 1615 ἡμῖν
228 1579 315 1606 πάντα
341 1578 375 1606 τὰ
399 1578 424 1614 ἐξ
447 1578 562 1614 ἐκιίνου,
583 1578 609 1606 si
632 1579 677 1607 καὶ
699 1579 733 1607 τὰ
753 1579 818 1617 ὑπὲρ
845 1578 958 1616 δύναμιν

135 1623 388 1662 συνεισινίγκωμεν.
413 1622 497 1652 Οὐδὲν
530 1624 702 1659 ἀντισηκοῖΝ,
730 1623 808 1652 οὐδὲν
850 1623 960 1652 ἰσόστα-

1008 1026 1195 1062 reputaverit,
1214 1025 1306 1052 brutis
1324 1024 1500 1052 animalibus
1521 1032 1583 1059 quae
1599 1023 1710 1050 ratione
1725 1023 1834 1054 carent,

1009 1070 1108 1098 omnia
1124 1079 1186 1106 qua:
1201 1070 1258 1097 Deo
1274 1070 1407 1097 videntur
1419 1070 1494 1096 bona
1509 1068 1601 1103 gratis
1622 1066 1778 1102 impertiri,
1803 1073 1837 1093 ao

1010 1117 1163 1151 propterea
1187 1122 1279 1149 neque
1317 1113 1489 1141 seminando
1509 1119 1603 1148 neque
1634 1111 1754 1144 arando,
1784 1109 1835 1138 sed

1010 1159 1086 1186 ultro
1103 1159 1242 1187 alimenta
1257 1159 1363 1194 quibus
1385 1167 1457 1194 opus
1474 1157 1593 1189 habent,
1610 1155 1751 1183 divinitus
1765 1163 1836 1183 con-

1011 1204 1084 1232 cedi.
1110 1203 1264 1231 Hominem
1291 1211 1356 1230 vero
1386 1202 1464 1229 haud
1504 1202 1595 1233 decet,
1620 1201 1722 1228 eodem
1749 1199 1837 1227 modo

1010 1249 1151 1283 accipere,
1168 1248 1217 1274 sed
1230 1255 1264 1274 ex
1279 1249 1362 1282 pacto
1379 1247 1518 1282 quodam,
1541 1254 1598 1273 non
1629 1248 1727 1272 tamen
1757 1245 1837 1278 ejus-

1012 1292 1091 1320 modi
1107 1292 1192 1327 quale
1207 1292 1284 1319 inter
1298 1293 1474 1319 mercatores
1487 1290 1667 1318 intercedere
1684 1288 1769 1322 solet,
1785 1288 1836 1316 sed

1012 1345 1064 1373 pro
1080 1336 1191 1364 ratione
1203 1345 1259 1372 qua
1275 1336 1361 1364 homo
1378 1337 1412 1363 ad
1431 1338 1520 1363 Deum
1546 1333 1726 1362 considerari
1741 1333 1837 1367 debet,

1012 1381 1041 1409 id
1057 1382 1112 1415 est,
1128 1389 1185 1416 qua
1211 1381 1298 1409 homo
1322 1380 1529 1417 pauperrimus
1554 1381 1608 1413 est,
1637 1382 1713 1406 Deus
1739 1379 1838 1406 autem

1012 1425 1188 1454 ditissimus.

1049 1488 1075 1516 4.
1091 1488 1165 1520 Quid
1185 1488 1262 1516 enim
1281 1491 1336 1516 Deo
1358 1487 1534 1522 condignum
1560 1487 1642 1514 dabit
1665 1485 1778 1514 homo?
1793 1484 1838 1513 vel

1014 1533 1161 1569 quomodo
1176 1533 1237 1568 pari
1249 1533 1331 1560 lance
1346 1541 1412 1560 cum
1433 1541 1465 1560 eo
1477 1532 1641 1568 paciscatur
1654 1531 1668 1558 7
1683 1530 1787 1558 Omnia
1801 1529 1839 1557 ab

1014 1577 1064 1605 illo
1074 1577 1165 1614 gratis
1182 1577 1266 1605 nobis
1282 1578 1438 1610 donantur,
1465 1576 1580 1604 etiamsi
1600 1575 1645 1603 vel
1658 1583 1749 1611 supra
1762 1574 1839 1602 vires

1014 1622 1083 1650 dare
1097 1622 1295 1651 conemur.Nil
1312 1630 1374 1658 par,
1390 1622 1429 1649 nil
1443 1629 1570 1657 aequum.
1588 1619 1840 1653 Quemadmodum

137 1673 218 1705 θμον.
246 1661 280 1695 Tt
300 1667 420 1706 κέγχρος
441 1668 509 1706 πρὸς
539 1668 650 1706 οὐρανόν
664 1679 671 1704 ;
684 1668 852 1704 Τηλικοῦτον
878 1669 911 1696 τὰ
932 1667 954 1704 ἐξ

1013 1675 1139 1703 granum
1155 1667 1190 1694 ad
1198 1666 1358 1700 cmlum,ita
1373 1669 1473 1694 nostra
1488 1674 1552 1694 sese
1563 1666 1599 1693 ad
1610 1665 1707 1693 divina
1719 1664 1840 1698 habent;

134 1714 213 1749 ἡμῶν
242 1713 311 1751 πρὸς
333 1713 367 1740 τὰ
386 1714 435 1740 τοῦ
459 1714 537 1741 Θεοῦ.
553 1713 582 1740 Τί
602 1713 634 1741 τὸ
649 1712 726 1741 οὐδὲν
742 1713 809 1752 πρὸς
824 1713 854 1740 τὸ
885 1715 955 1748 xiv;

133 1759 262 1785 Τοιοῦτον
291 1757 322 1785 τὸ
350 1757 483 1795 ἡμέτερον
512 1757 581 1795 πρὸς
608 1759 643 1785 τὰ
658 1759 726 1787 θιϊα.
744 1758 793 1786 Καὶ
819 1757 896 1794 ὅμως
925 1757 956 1785 οὗ

134 1801 206 1839 λέγω
225 1802 257 1829 τὸ
281 1801 469 1839 παροιμιῶδες
494 1801 580 1830 ἰκιῖνο
608 1803 640 1830 τὸ
655 1815 669 1829 α
686 1803 736 1834 Δός
763 1813 800 1839 τι,
815 1803 860 1831 καὶ
889 1800 957 1832 λάϐε

132 1855 168 1873 τι·
186 1858 200 1872 ››
215 1844 298 1883 ἀλλὰ,
310 1857 321 1872 ε
338 1846 388 1878 Δός
402 1857 428 1874 τι
446 1847 590 1885 μετρητὸν,
607 1847 650 1875 καὶ
676 1845 806 1876 ἀντίλαϐε
831 1848 863 1876 τὸ
890 1847 957 1884 ἀμε-

133 1899 243 1928 τρητον·
264 1903 275 1916 1
302 1889 409 1927 μᾶλλον
438 1889 477 1926 δὲ,
504 1903 514 1917 ι
543 1890 557 1919 δ
573 1890 656 1928 [ίδου]
679 1892 788 1930 μικρὸν,
813 1892 859 1920 καὶ
885 1892 956 1920 ἀντι-

135 1932 258 1972 λάμϐανε
287 1935 424 1974 μέγιστον.
454 1947 468 1962 ››
499 1938 581 1964 Ποῖον
613 1936 730 1974 μικρόν;
761 1937 834 1965 Νοῦν
864 1937 954 1975 ὀρθόν·

136 1979 278 2018 έξάγγελον
301 1979 385 2018 λόγον
409 1980 512 2016 ἀληθῆ⁸
527 1979 652 2019 γλῶσσαν
676 1981 842 2020 ἆῤῥύπαρονι
856 1982 887 2009 τὸ
918 1982 955 2019 μὴ

136 2024 233 2063 τρίζιιν
252 2023 364 2056 ὀδόντας
384 2024 428 2052 ἐπὶ
449 2028 507 2057 τοῖς
530 2023 614 2062 μηδὲν
641 2025 746 2056 αἰτίοις·
761 2026 792 2053 τὸ
823 2027 861 2063 μὴ
890 2027 958 2054 κατὰ

136 2071 183 2096 τοῦ
211 2069 346 2106 στόματος
374 2068 491 2107 ἀγείρειν
521 2069 657 2106 μιασμοὺς
693 2070 896 2108 βλασφημιῶν·
926 2071 957 2098 τὸ

137 2113 224 2152 φιλεῖν
256 2114 421 2153 ἀκραιφνῶς’
450 2114 481 2141 τὸ
516 2114 620 2151 ἀγαπᾷν
651 2112 779 2150 ἀκριϐῶς·
809 2115 840 2142 τὸ
871 2117 957 2152 μισεῖν

136 2159 184 2194 τήν
206 2168 234 2186 τι
260 2157 413 2196 ὑπόκρισιν,
427 2158 472 2185 καὶ
498 2158 527 2189 ’ὸς
549 2157 578 2186 δὲ
592 2158 675 2193 αὐτὴν
692 2160 839 2195 σωμασκιῖ·
855 2158 887 2186 τὸ
918 2158 957 2195 μὴ

136 2202 400 2241 συναναχρώννυσθαι
441 2205 592 2241 μυσαροῖς,
621 2201 675 2231 diu
713 2202 877 2240 ἀνθρώποις,
906 2202 960 2231 εἴτε

136 2247 297 2286 πράγμασι”
321 2248 352 2275 τὸ
383 2248 421 2284 μὴ
452 2246 618 2286 διττολογιῖν
647 2247 692 2276 ἐπὶ
719 2246 829 2285 ψεύδει·
857 2248 889 2275 τὸ
919 2249 957 2285 μή

136 2291 306 2331 κακολογεῖν,
323 2292 364 2332 ἐφ’
377 2294 419 2324 οἷς
434 2293 466 2320 οὗ
481 2293 549 2331 χρή·
564 2293 596 2321 τὸ
619 2293 657 2329 μή
681 2292 838 2331 καλλ[ιιργ]
864 2295 902 2320 εῖν
928 2293 959 2320 τὸ

138 2337 282 2374 πρόσωπον
311 2337 493 2375 ὑποκριτικῶς
521 2337 564 2365 ἐπὶ
593 2337 685 2376 φιλίᾳ·
712 2338 744 2365 τὸ
772 2336 897 2374 ἐκδικεῖν,
913 2337 959 2369 οὖς
976 2350 999 2382 D

139 2380 320 2418 παραγγέλλει
350 2382 364 2410 ὁ
388 2382 461 2414 Θεός“
479 2382 510 2410 τὸ
537 2383 589 2420 [μὴ
605 2381 718 2420 ἀδικεῖν]
743 2381 899 2420 ἀφορῶντας
922 2382 961 2413 εἷς

140 2425 220 2452 αὐτὸν
247 2425 323 2461 Θεὸν,
339 2426 368 2456 ὃς
394 2427 426 2454 οὐ
453 2424 586 2463 λαμϐάνει
600 2426 747 2465 πρόσωπον
763 2426 790 2454 ἰν
817 2426 914 2465 κρίσιν
929 2425 961 2454 τὸ

143 2470 179 2507 μή
208 2468 349 2507 προΐεσθαι
378 2469 468 2509 δώρου
496 2473 528 2499 τὸ
545 2470 659 2500 δίκαιον·
676 2472 708 2500 τὸ
737 2472 775 2509 μή
804 2471 962 2510 προσίεσθαι

140 2514 202 2546 τοὺς
227 2514 467 2551 προκαλουμένους
497 2515 534 2547 εἷς
561 2515 664 2554 ἄδικον,
694 2517 765 2544 ὀκνῶ
800 2517 895 2552 εἰπεῖν,
926 2516 964 2547 εἷς

140 2560 169 2587 τὸ
185 2560 224 2596 μή
240 2558 309 2586 κατὰ
322 2561 373 2594 τῆς
399 2559 560 2595 Ἐκκλησίας
582 2562 660 2597 εἶναι,
676 2562 721 2589 καὶ
752 2561 872 2599 μάλιστα
899 2561 962 2594 τοὺς

140 2603 391 2640 ὶκκλησιαστικοίις,
405 2604 420 2632 ’ὁ
439 2606 488 2632 τοῦ
502 2607 545 2632 νῦν
561 2608 656 2643 καιροῦ
671 2605 748 2645 φύμα
763 2607 898 2643 θεομισὲς.

174 2672 201 2699 ε’.
220 2671 312 2700 Εἰπὼν
341 2671 393 2709 γὰρ
420 2671 485 2699 αὐτὸ
516 2669 665 2700 ὑποϐάλλω
690 2675 748 2704 τοῖς
775 2672 963 2710 ἀκροωμένοις

141 2717 220 2750 νοιῒν,
249 2717 291 2744 ὅτι
320 2715 453 2754 ἆρῥωστεῖ
490 2715 534 2744 καὶ
561 2718 579 2752 ἡ
609 2716 766 2752 Ἐκκλησία.
797 2718 846 2745 Καί
872 2728 912 2756 γε,
942 2717 964 2745 ὦ

144 2760 226 2796 οὗτοι,
244 2760 354 2796 ἀληθῶς
370 2761 505 2800 ἀρῥωστεῖ
518 2762 563 2789 καὶ
577 2761 608 2790 τὸ
622 2765 747 2790 τοιοῦτον
764 2763 843 2800 ἅγιον
873 2765 963 2800 σῶμα,

144 2806 186 2833 καὶ
217 2805 333 2842 μάλιστα
359 2805 427 2834 κατὰ
454 2808 506 2834 τῶν
536 2816 608 2838 τινας
637 2805 777 2835 δακτύλων
806 2807 898 2835 αὐτοῦ.
927 2807 966 2835 Τὰ

147 2850 196 2889 γὰρ
223 2849 296 2878 ἄλλα
322 2850 401 2888 τίμια
431 2851 501 2888 μέλη
529 2851 628 2880 τούτου
652 2852 702 2880 οὔκ
724 2850 782 2891 ἔχω
803 2852 964 2892 μέμφεσθαι.

149 2894 302 2928 Δακτύλους
318 2894 346 2924 δὶ
359 2895 472 2928 τούτους
489 2896 575 2932 εἶπον,
592 2897 641 2926 οὐκ
660 2895 843 2931 ικϐάλλοντας
872 2902 967 2935 caepi-

1012 1714 1040 1740 et
1055 1712 1307 1748 quemadmodum
1324 1711 1398 1738 nihil
1418 1711 1452 1739 ad
1480 1710 1661 1744 universum,
1679 1710 1719 1737 ita
1732 1717 1777 1737 res
1787 1716 1840 1737 no-

1011 1759 1078 1784 strai
1094 1757 1129 1785 ad
1145 1764 1269 1784 munera
1280 1756 1419 1784 coelestia.
1435 1756 1493 1784 Nec
1510 1758 1608 1783 tamen
1634 1754 1749 1791 protero
1774 1761 1840 1789 pro-

1011 1800 1180 1829 verbialiter
1195 1801 1307 1828 dictum
1320 1800 1393 1829 illud
1407 1809 1436 1827 ;‹‹
1448 1801 1488 1828 Da
1496 1800 1565 1836 quid
1582 1802 1612 1828 et
1627 1799 1723 1835 recipe
1734 1798 1816 1835 quid,
1826 1808 1840 1822 η

1011 1846 1061 1874 sed
1075 1854 1081 1874 :
1099 1857 1113 1871 «ι
1126 1845 1167 1873 Da
1183 1848 1456 1873 commensuratum
1473 1845 1555 1881 quid,
1577 1846 1605 1872 et
1619 1844 1714 1880 recipe
1730 1843 1841 1871 incom-

1012 1891 1222 1926 mensurabilc,
1250 1904 1262 1916 »ι
1276 1892 1320 1920 vel
1346 1892 1443 1928 potius
1455 1901 1464 1919 :
1481 1902 1495 1915 «
1512 1891 1553 1919 Da
1570 1898 1692 1926 parvum
1704 1892 1732 1917 et
1747 1888 1844 1925 recipe

1011 1945 1174 1965 summum.
1184 1948 1197 1962 »
1209 1936 1296 1969 Quale
1306 1937 1377 1964 illud
1390 1935 1536 1972 parvum?
1550 1935 1674 1963 Mentem
1692 1937 1800 1962 rectam
1809 1941 1843 1961 ac

1011 1982 1140 2010 veritatis
1151 1981 1446 2017 amantem;linguam
1459 1981 1496 2008 im
1503 1980 1716 2016 pollutam;non
1729 1978 1843 2007 frende-

1012 2034 1042 2054 re
1058 2026 1196 2054 dentibus
1209 2029 1310 2054 contra
1322 2025 1667 2061 insontee;noncolligere
1681 2024 1709 2051 in
1722 2031 1770 2051 ore
1779 2022 1843 2050 bla-

1012 2070 1211 2105 sphemiarum
1225 2070 1487 2097 contuminationcs
1501 2082 1507 2102 ;
1519 2069 1632 2096 sincere
1643 2068 1843 2105 diligerewcre

1013 2104 1191 2147 amarewdio
1211 2115 1317 2142 habere
1333 2113 1601 2142 dissimulationem
1617 2115 1645 2140 et
1656 2120 1722 2140 eum
1738 2111 1788 2146 qui
1801 2104 1844 2138 illi

1013 2159 1162 2196 indulget;
1179 2168 1236 2187 non
1254 2159 1446 2187 contaminari
1461 2157 1737 2190 abominandis,nec
1747 2155 1843 2183 homi-

1013 2204 1169 2238 nibus,nec
1186 2204 1340 2236 factis;non
1358 2203 1510 2230 mendacio
1522 2202 1700 2234 servire;non
1717 2199 1843 2228 malelo-

1015 2248 1066 2285 qui
1081 2249 1116 2276 de
1131 2248 1318 2281 insontibus;
1336 2257 1392 2275 non
1409 2247 1531 2275 subdole
1545 2253 1719 2282 componere
1729 2244 1842 2272 vultum

1014 2294 1050 2322 ad
1066 2293 1225 2321 amicitiam
1233 2292 1430 2320 simulandam
1445 2305 1450 2325 ;
1461 2292 1564 2327 punire
1575 2299 1647 2327 quos
1658 2289 1841 2325 Deusjubet:

1015 2347 1074 2367 non
1099 2337 1207 2374 injuria
1236 2338 1352 2365 afﬁcere
1377 2337 1557 2364 conﬁdentes
1591 2336 1619 2362 in
1655 2337 1709 2362 Deo
1738 2333 1788 2370 qui
1812 2333 1844 2361 in

1012 2383 1124 2419 judicio
1141 2391 1294 2419 personam
1306 2382 1384 2410 haud
1402 2381 1506 2417 accipit
1519 2390 1525 2415 ;
1538 2389 1595 2408 non
1610 2380 1733 2408 vendere
1752 2378 1844 2415 justi-

1016 2429 1085 2457 tiam
1103 2429 1229 2464 acceptis
1245 2427 1435 2461 muneribus;
1454 2435 1510 2454 non
1535 2426 1690 2454 admittere
1714 2433 1763 2452 eos
1793 2423 1845 2460 qui

1017 2474 1052 2502 ad
1071 2473 1247 2509 injustitiam
1261 2475 1430 2508 provocant,
1455 2474 1485 2498 ut
1509 2479 1543 2499 ne
1573 2471 1680 2503 dicam,
1703 2470 1739 2497 ad
1759 2476 1842 2505 sepa-

1018 2518 1160 2547 rationem
1177 2518 1213 2546 ab
1229 2517 1358 2545 Ecclesia
1373 2520 1401 2544 et
1416 2516 1602 2552 potissimum
1619 2514 1843 2548 ecclesiasticos,

1019 2564 1096 2600 quod
1112 2563 1247 2600 quamvis
1274 2561 1484 2590 exsecrandum
1500 2561 1555 2589 hoc
1570 2563 1699 2596 tempore
1714 2559 1844 2588 accidere

1019 2608 1102 2637 solet.

1054 2675 1080 2704 5.
1107 2674 1172 2702 Haec
1201 2675 1278 2701 enim
1300 2675 1400 2701 dicens
1429 2674 1576 2701 auditores
1599 2670 1845 2701 commonefactos

1018 2719 1117 2752 velim,
1130 2718 1288 2747 Ecclesium
1301 2721 1450 2754 aegrotare.
1468 2718 1541 2746 Vere
1565 2720 1674 2747 autem.
1705 2724 1721 2742 ο
1746 2713 1845 2748 amici,

1020 2766 1140 2800 aegrotat
1156 2764 1208 2791 hoc
1223 2766 1356 2790 sanctum
1365 2771 1482 2798 corpus,
1498 2765 1526 2790 et
1538 2760 1684 2797 imprimis
1695 2760 1724 2787 in
1736 2758 1848 2794 aliquot

1019 2809 1082 2837 suis
1096 2808 1204 2844 digitis.
1221 2810 1326 2835 Caetera
1338 2807 1416 2835 enim
1431 2806 1608 2835 venerabilia
1621 2805 1703 2832 illius
1713 2802 1846 2831 membra

1019 2861 1078 2882 non
1091 2855 1135 2882 est
1149 2853 1226 2888 quod
1242 2852 1414 2888 vituperem.
1440 2852 1552 2887 Digitos
1572 2852 1670 2878 autem
1687 2849 1760 2876 istos
1773 2854 1845 2876 voco

1020 2905 1079 2926 non
1093 2898 1143 2934 qui
1154 2897 1204 2926 Dei
1225 2898 1318 2925 instar
1345 2897 1489 2925 daemonia
1511 2895 1660 2931 expellunt
1686 2893 1845 2930 (quomodo
