2021 3176
232 209 291 238 543

618 210 829 242 EUSTATHII
850 212 902 242 ΤΗ
910 210 1239 242 ESSALONIGENSIS
1262 210 1554 242 METROPOLITAE

1890 214 1937 242 ΕΗ

232 274 310 302 enim
351 274 416 302 Idsai
452 274 560 311 Dactyli
585 278 746 312 opportune
774 277 841 313 quis
867 278 982 311 dixerit,
1006 277 1061 305 hoc

1119 277 1217 313 μήπως
1233 275 1371 314 δαιμόνια,
1387 277 1456 313 (πῶς
1475 277 1527 314 γὰρ
1552 276 1589 312 οἳ,
1607 276 1644 308 ὡς
1670 275 1703 303 ἃν
1735 275 1856 312 καιρίως
1880 275 1940 305 εἴποι

233 320 371 354 poterunt
385 319 480 354 ?),sed
506 319 555 354 qui
579 320 712 349 scribunt
734 323 812 358 quod
837 331 893 350 non
914 322 991 357 licet,
1008 321 1059 357 qui

232 364 275 391 vel
293 364 487 399 nosmetipsos
509 365 625 400 scriptis
653 366 715 393 suis
740 367 973 402 aggrediuntur:
997 375 1060 402 qua

233 407 350 443 quidem
362 416 443 436 mens
453 416 540 444 prava
551 409 924 447 progignitﬁeindelingua
938 411 1061 439 nutricis

234 452 327 479 instar
342 452 523 480 multimodis
535 454 676 488 provehit,
690 463 767 483 nunc
783 455 841 483 aeri
864 456 1059 488 commitlens,

234 505 312 523 nunc
327 497 410 525 libris
421 498 536 526 tradens
547 502 634 535 atque
654 499 783 536 dirigens
799 504 900 528 contra
928 510 992 535 nos,
1010 509 1062 528 cur

234 543 262 568 et
273 549 330 577 qua
346 542 380 569 de
393 543 507 571 causa?
523 552 593 572 num
621 544 690 580 quia
715 553 763 572 eos
792 545 835 573 vel
863 545 993 573 lasimus
1018 544 1061 573 vel

235 594 313 613 nunc
336 586 491 616 lmdimus?
507 589 603 617 Liceat
623 589 694 617 mihi
722 597 788 617 cum
812 590 918 618 ﬁducia
946 590 975 618 in
1007 591 1062 618 Deo

235 630 330 666 posita
344 631 449 667 dicere,
466 636 567 661 contra
584 642 637 661 nos
654 634 702 669 qui
720 634 761 662 eis
784 636 812 662 et
827 635 943 671 publice
959 637 986 663 et
1001 635 1062 671 pri-

234 675 324 702 vatim
334 676 406 704 bene
416 677 539 705 fecimus
551 687 558 712 ;
571 679 687 714 publice
698 679 828 715 quidem,
854 680 930 716 quod
956 682 985 708 et
1006 678 1063 716 ipsi

234 719 377 748 bonorum
390 721 523 750 universo
539 731 621 751 sacro
637 723 714 751 clero
742 732 947 752 concessorum
973 725 1063 760 parti-

235 763 315 800 cipes
331 765 397 793 facti
414 770 483 794 sunt
497 779 503 801 ;
516 767 652 803 privatim
668 770 777 801 autem,
808 769 885 804 quod
907 773 933 796 et
963 769 1017 804 ipsi
1035 771 1064 796 et

235 817 336 837 eorum
352 811 415 844 lilii,
433 813 510 847 quod
534 813 660 840 maxime
682 813 861 842 considerari
882 814 977 847 debet,
990 822 1062 850 pras-

236 853 320 890 cipue
332 855 470 884 beneficia
480 860 665 893 acceperunt.

270 908 298 936 6.
312 909 487 944 Audienim,
504 919 520 938 o
549 910 664 944 caelum,
682 914 710 939 et
724 912 853 945 attende,
879 920 895 940 ο
910 913 997 945 terra,
1023 912 1063 939 Ex

1113 331 1166 352 τις.
1185 320 1277 350 Ἰδαῖοι
1302 321 1434 350 Δάκτυλοι
1464 323 1583 348 τοιοῦτοι
1609 320 1638 348 ἃν
1664 321 1719 348 εἷεν
1735 323 1757 356 ς)
1789 319 1863 348 ἀλλὰ
1884 323 1941 359 γρά-

1115 376 1223 403 φοντας,
1240 366 1255 393 ἃ
1273 377 1310 402 μη
1327 366 1428 404 χρεὼν,
1446 366 1472 393 οἳ
1498 365 1543 393 καὶ
1571 366 1630 393 καθ’
1645 367 1732 402 ἡμῶν
1760 364 1852 392 αὐτῶν
1882 365 1941 404 λυγί-

1117 413 1205 445 ζονται
1232 410 1398 448 ὑπογραφέας
1422 411 1574 448 γινόμενοι·
1596 409 1632 437 ὦν
1662 412 1768 447 πρῶτα
1801 410 1850 445 μὲν
1877 414 1944 447 γεννᾷ

1115 455 1176 485 νοῦς
1202 455 1253 482 οὐκ
1270 455 1360 493 ὀρθὸς,
1377 455 1434 482 εἶτα
1460 454 1573 492 γλῶσσα
1603 454 1802 491 μαιεοσαμὲνη
1834 453 1942 492 suspice:

1115 498 1259 534 ποικίλως,
1274 500 1309 527 τὰ
1325 500 1371 536 μὶν
1397 499 1455 536 ἀέρι
1479 499 1719 538 παραρῥιπτοῦσα,
1736 499 1774 526 τὰ
1791 497 1822 526 δὲ
1846 499 1889 526 καὶ
1913 500 1946 536 βι-

1117 541 1205 575 ϐλίοις
1228 546 1426 582 σπαργανοῦσα,
1445 543 1490 572 καὶ
1514 544 1674 581 τημελοῦσα
1695 544 1765 576 καθ’
1786 545 1880 579 ἡμῶν,
1902 546 1944 570 τῶν

1116 589 1215 624 τίνων;
1245 592 1300 617 αῶν
1330 589 1435 624 ποίων,
1464 591 1517 616 τῶν
1547 589 1573 616 τί
1596 599 1664 616 non
1691 589 1709 623 ἢ
1740 588 1945 626 βλαψάντων,ἧ

1120 634 1317 671 βλαπτόντων;
1334 634 1399 662 Δότε
1416 644 1462 670 μοι
1483 633 1656 672 Θαῤῥούντιυς
1682 633 1778 661 εἰπεῖν
1812 633 1859 660 σὺν
1889 634 1946 668 Θεῷ,

1116 680 1169 705 τῶν
1195 679 1428 716 ιύεργετησάντων
1462 678 1525 709 τοὺς
1555 678 1700 709 τοιούτους
1744 677 1833 714 κοινῇ
1857 687 1885 705 τε
1909 678 1944 704 καῖ

1117 721 1184 758 ῒδίᾳ·
1199 725 1277 760 κοινῇ
1307 723 1366 759 μὲν,
1383 723 1423 754 οἷς
1438 722 1517 750 παντὶ
1531 725 1572 759 τῷ
1596 725 1645 750 τοῦ
1670 724 1742 750 Θεοῦ
1770 721 1874 759 κλήρῳ
1895 732 1944 748 συν-

1118 765 1307 804 διανενὲμηται
1334 768 1379 795 καὶ
1408 767 1442 794 τὰ
1469 768 1527 794 κατ’
1553 766 1666 798 αὐτούς·
1692 766 1755 803 ἷδΐᾳ
1788 765 1819 794 δὶ
1847 768 1902 797 τοῖς
1925 777 1945 793 τε

1117 813 1174 840 κατ’
1191 812 1300 850 ἐξοχὴν,
1321 813 1352 847 ἢν
1376 812 1414 844 εὶς
1437 811 1518 851 ἁδρὸν
1544 812 1665 850 ’κρίμνον
1689 812 1811 848 τίθημι,
1828 811 1873 838 καὶ
1899 814 1946 843 ταῖς

1117 858 1287 896 παραφυάσιν
1304 857 1399 892 αὐτῆς.

1154 911 1185 942 ς’.
1202 912 1300 938 ’Ἄκουε
1328 911 1390 949 γὰρ,
1416 911 1439 937 ὦ
1468 910 1575 948 οὐρανὶ,
1599 911 1643 937 καὶ
1684 909 1838 944 ἐνωτίζου,
1864 910 1880 943 ἡ
1904 912 1942 946 γῆ.

236 952 272 981 iis
288 953 348 989 qui,
361 954 445 981 beata
458 955 599 983 memoria
614 955 693 992 digni
705 956 810 989 habiti,
826 959 956 984 nostram
966 957 1061 984 humi-

1119 955 1177 982 Τῶν
1193 955 1263 985 τινὲς
1281 954 1414 992 μακαρίας
1432 956 1544 992 μνήμης
1559 955 1737 992 ἠξιωμένων,
1755 954 1784 981 οἳ
1810 954 1861 988 τήν
1876 955 1942 990 ἡμῶν

235 996 346 1025 litatem
363 1001 592 1035 antecesserunt,
608 1000 727 1036 quidem
746 1001 820 1037 (dico
832 1004 929 1029 autem
941 1001 1061 1037 quidam,

236 1050 292 1070 non
326 1044 428 1079 cuncti)
461 1044 595 1072 universo
629 1045 840 1073 venerabilium
877 1047 1062 1074 sacerdotum

235 1087 322 1114 coetui
348 1088 498 1123 pecuniam
528 1089 674 1125 legerunt,
697 1090 772 1118 alius
797 1090 854 1118 alio
882 1091 979 1124 modo,
1016 1090 1063 1118 hic

236 1131 354 1167 quidem
380 1132 494 1161 clericis
515 1136 626 1161 Sanctae
659 1135 772 1170 Sophim
800 1135 850 1162 Dei
879 1135 977 1170 Verbi,
1011 1135 1060 1162 ille

237 1175 347 1212 Magne:
371 1178 498 1205 ecclesia:
523 1178 716 1207 sanctissime;
745 1179 875 1207 Dominae
897 1182 1001 1207 nostra:
1030 1188 1062 1207 ac

237 1220 287 1248 Dei
315 1222 474 1257 genitricis,
509 1222 584 1251 alius
610 1224 811 1251 sacerdotibus
835 1224 936 1259 templi
963 1223 1062 1260 magni

237 1265 374 1301 martyris
400 1267 449 1302 qui
480 1268 580 1295 urbem
606 1271 737 1296 nostram
767 1268 893 1304 protegit
914 1271 942 1296 et
962 1268 1063 1296 dulces

238 1310 337 1338 odores
352 1310 479 1344 exhalat,
495 1313 580 1348 cujus
604 1313 745 1340 miracula
773 1315 921 1348 unguento
946 1320 1063 1348 semper

238 1354 345 1382 ﬂuente
365 1356 542 1389 innituntur,
555 1357 598 1384 uti
626 1360 808 1392 unguentum
839 1356 1000 1384 miraculis.
1030 1357 1062 1384 In

237 1400 409 1428 memoriam
425 1401 504 1429 illius
533 1401 695 1437 legatorum
726 1401 940 1429 distributionis
955 1401 1063 1429 solem-

238 1444 344 1472 nitates
361 1445 421 1473 alia:
440 1446 506 1473 aliis
524 1447 650 1481 majores
665 1446 860 1480 celebrantur,
890 1448 918 1473 et
940 1445 989 1482 qui
1014 1445 1064 1474 illa

236 1489 427 1525 stipularunt,
445 1490 663 1518 felicitabundis
688 1489 949 1518 acclamationibus
973 1490 1063 1518 extol-

234 1534 345 1562 luntur.
373 1535 428 1562 Hoc
452 1537 550 1563 autem
568 1535 640 1562 bene
657 1534 754 1562 habet.
774 1534 846 1562 Nam
863 1535 887 1562 si
905 1535 974 1571 quid
990 1535 1063 1563 vitu-

233 1579 362 1614 perabile
387 1579 506 1614 inesset,
538 1587 589 1606 nec
603 1586 656 1614 ego
675 1578 844 1613 laudarem;
862 1580 938 1615 quod
964 1582 1062 1609 autem

233 1622 425 1656 laudaverim,
441 1623 524 1651 factis
549 1623 621 1658 ipsis
634 1623 779 1658 apparuit.
802 1625 873 1651 Cum
888 1625 966 1652 enim
997 1625 1062 1653 dum

234 1667 433 1696 solemnitates
454 1668 484 1695 in
515 1668 644 1695 maxima
672 1670 839 1696 sanctarum
870 1668 1059 1697 ecclesiarum

233 1712 323 1748 hujus
339 1712 509 1749 metropolis
516 1713 610 1740 adhuc
618 1712 796 1741 celebranda:
811 1714 1060 1750 essent,equidem

234 1758 265 1785 in
289 1758 427 1786 honorem
462 1758 511 1785 Dei
535 1758 658 1793 ejusque
687 1759 780 1786 sancti
811 1758 883 1786 illud
914 1759 1061 1787 laudabile

233 1803 363 1831 ofﬁcium
382 1803 411 1830 in
434 1811 479 1830 me
510 1803 637 1838 suscepi.
665 1804 735 1831 Cum
759 1803 849 1839 igitur
872 1803 1061 1832 ecclesiastici

233 1847 315 1883 digiti
331 1847 449 1883 scriptis
474 1846 536 1874 suis
558 1847 669 1883 gratias
692 1847 765 1875 mihi
791 1848 900 1877 habere
923 1848 1062 1877 deberent

233 1907 267 1913 —
283 1891 429 1920 calamum
445 1893 546 1919 contra
560 1900 607 1920 me
622 1894 749 1920 movent.

268 1946 295 1972 7.
311 1945 436 1973 Ubinam
453 1947 551 1973 autem
572 1945 645 1973 mihi
663 1946 808 1975 solemnia
836 1947 1062 1975 celebrabuntur

234 1989 351 2017 illorum
362 1988 456 2016 instar
467 1989 517 2025 qui
530 1998 576 2017 me
589 1992 947 2028 antecesserunt,quorum
957 2000 1063 2020 unum-

236 2041 382 2069 quemque
393 2042 527 2069 superem
544 2035 722 2071 taligrstia?
738 2036 806 2069 Scit,
823 2044 887 2072 qua:
912 2037 985 2071 dico,
1001 2044 1063 2064 ero-

235 2077 313 2113 gatio
329 2077 442 2105 infesto
457 2078 646 2106 Exaltationis
657 2079 830 2113 Crucis,imo
844 2083 872 2108 et
883 2081 938 2108 ista
949 2089 1062 2116 magna

236 2122 378 2150 secundas.
396 2124 535 2150 Caeterum
552 2124 686 2158 quamvis
698 2124 733 2151 ab
745 2123 916 2152 hominibus
932 2128 1062 2152 contem-

236 2173 352 2200 nemur,
368 2167 398 2193 tu
416 2174 492 2199 vero,
509 2174 525 2194 ο
542 2169 617 2194 Deus
638 2167 780 2201 Salvator,
801 2167 870 2195 dare
892 2167 964 2196 velis
980 2168 1064 2196 nobis

237 2209 265 2237 in
279 2210 354 2244 quod
371 2211 451 2238 omni
467 2211 564 2238 studio
577 2211 789 2245 incumbimus,
806 2215 834 2240 et
856 2213 910 2241 hoc
921 2221 973 2249 pro
984 2213 1064 2241 omni

239 2254 362 2282 solemni
375 2256 652 2284 commemoratione
667 2256 804 2284 sufﬁciet.
829 2257 863 2285 Et
889 2259 921 2285 tu
936 2266 1064 2294 quoque.

239 2299 302 2326 dies
317 2299 466 2333 hodierne,
483 2308 499 2327 ει
510 2309 568 2336 quo
581 2309 687 2328 corona
702 2301 898 2329 anniversaria
911 2303 1005 2330 denuo
1016 2303 1064 2330 in-

239 2344 529 2379 cipit,testimonium
546 2345 749 2378 nobisexhibe,
767 2346 836 2382 quid
863 2347 1018 2376 fecerimus
1032 2348 1062 2375 in

237 2388 346 2424 templo
362 2389 456 2417 sancti
477 2390 569 2417 nostri
591 2390 726 2418 odoriferi
754 2390 954 2426 celeberrimo,
981 2394 1012 2420 ut
1035 2395 1063 2420 et

237 2433 334 2470 ipsum
360 2434 436 2461 veris
457 2434 574 2462 initium
604 2443 705 2463 mense
725 2435 827 2463 Martio
851 2437 985 2465 accidens
1008 2446 1063 2466 nos

239 2479 321 2513 quasi
333 2478 476 2506 tributum
498 2482 633 2507 nostrum
657 2479 780 2508 solvisse
805 2482 936 2510 testetur.
955 2484 988 2509 Et
1008 2482 1063 2510 hoc

238 2531 353 2559 quoque
368 2523 418 2551 Dei
433 2526 477 2551 est
488 2523 641 2559 sanctique
662 2524 726 2559 ejus
752 2532 784 2552 ac
810 2526 908 2562 magni
925 2527 1063 2563 martyris

238 2567 287 2603 qui
304 2576 357 2595 nos
373 2576 461 2596 ssnos
476 2570 652 2603 sanctosque
663 2568 768 2596 reddit.

271 2705 297 2732 8.
329 2704 351 2732 Ο
373 2703 574 2732 solsmnitates
601 2705 709 2731 caeteras
733 2703 856 2738 eximiae,
895 2706 923 2732 in
955 2705 1064 2741 quibus

238 2757 377 2777 nummos
389 2756 494 2784 parvos
510 2747 559 2783 qui
574 2748 621 2775 vix
631 2747 726 2775 volam
737 2749 894 2784 explerent,
916 2750 972 2778 huc
992 2749 1064 2777 illuo

239 2792 377 2827 disjectas
389 2793 469 2821 velut
493 2792 618 2827 majores
648 2791 808 2828 effecimus,
838 2794 879 2821 ita
907 2796 940 2822 ut
968 2793 1063 2829 magis

239 2836 325 2864 etiam
337 2846 425 2873 quam
446 2836 527 2864 illius
546 2836 595 2872 qui
612 2836 642 2864 in
669 2837 793 2866 Psalmis
817 2840 1065 2867 commemoretur

239 2882 377 2910 messoris
387 2881 491 2910 ambas
503 2889 608 2910 manus
636 2881 855 2918 compleverint.
872 2882 945 2915 Quid
968 2882 1062 2911 dicam

1078 2335 1102 2368 D

1117 1002 1307 1036 προηγήσαντο
1331 999 1513 1034 ταπεινότητα
1537 1002 1547 1034 (
1571 1011 1586 1025 (ι
1615 999 1686 1030 τινὶ(
1717 1010 1733 1025 ››
1764 997 1796 1026 δὶ
1824 997 1942 1035 λέγω,οὖ

1120 1055 1133 1070 α
1161 1043 1257 1074 πάντες
1278 1054 1292 1071 s
1321 1045 1340 1081 ),
1368 1044 1544 1081 ἑκερμάτισαν
1574 1042 1664 1075 δόσεις
1692 1042 1939 1079 νομισματικὰς,ὸ

1119 1088 1166 1125 μὶν
1183 1088 1294 1124 ταύτην,
1311 1089 1325 1116 ὁ
1342 1087 1370 1116 δὲ
1385 1088 1500 1123 ἐκείνην,
1518 1089 1531 1115 ὁ
1556 1087 1585 1115 δὶ
1610 1087 1696 1121 ἄλλην
1721 1089 1761 1124 τῇ
1789 1085 1874 1124 ὁμάδι
1896 1089 1937 1113 τῶν

1117 1133 1215 1169 τιμίων
1240 1132 1364 1171 κλήρων,
1385 1135 1425 1169 τῷ
1450 1143 1478 1160 τε
1501 1135 1552 1167 τῆς
1588 1132 1778 1159 ἰνυποστάτου
1811 1133 1860 1158 τοῦ
1886 1132 1939 1158 Θεοῦ

1118 1178 1206 1215 Λόγου
1236 1178 1311 1215 ἁγίας
1332 1178 1442 1216 Σοφίας,
1455 1177 1500 1204 καὶ
1520 1179 1560 1214 τῷ
1582 1179 1631 1204 τοῦ
1663 1177 1792 1215 μεγάλου
1817 1178 1880 1203 ναοῦ
1898 1178 1937 1208 τῆς

1120 1222 1270 1259 ὑπεράγνοο
1293 1221 1436 1257 δεσποίνης
1452 1223 1533 1258 ἡμῶν
1556 1223 1748 1260 Θεομήτορος,
1765 1220 1814 1248 καί
1843 1222 1881 1256 τῷ
1901 1221 1939 1246 τοῦ

1117 1266 1272 1304 πολιούχου
1305 1268 1385 1303 ἡμῶν
1422 1264 1596 1303 μυροϐλύτου
1633 1265 1894 1304 μεγαλομάρτυρος,
1913 1264 1937 1290 οὗ

1117 1311 1161 1338 καὶ
1187 1311 1220 1338 τὰ
1249 1311 1372 1348 θαύματα
1391 1313 1431 1347 τῷ
1460 1308 1595 1347 ἀειϐρύτῳ
1617 1310 1695 1348 μύρῳ
1724 1310 1827 1348 ἐρίζει,
1842 1309 1885 1336 καὶ
1914 1308 1938 1334 τὸ

1119 1355 1203 1392 μύρον
1219 1358 1280 1386 τοῖς
1305 1355 1433 1392 θαύμασι·
1453 1355 1499 1382 καὶ
1528 1357 1710 1393 προηγοῦνται
1740 1356 1794 1389 τῆς
1822 1352 1936 1385 τοιαύτης

1118 1398 1176 1427 διαν
1181 1410 1192 1426 ε
1195 1401 1232 1436 μή
1237 1410 1304 1430 σεως
1347 1402 1396 1427 τοῦ
1438 1410 1451 1427 ν
1456 1410 1469 1427 ο
1474 1401 1640 1436 μισματικοῦ
1686 1408 1808 1436 κατακερ
1814 1398 1937 1435 ματισμοῦ

1117 1444 1208 1482 ἑορταὶ
1235 1443 1324 1479 ἄλλης
1348 1443 1432 1479 ἄλλη,
1448 1445 1492 1471 καὶ
1517 1443 1710 1481 μακαρίζονται
1736 1445 1842 1482 φωναῖς
1865 1441 1935 1480 εὐφή-

1120 1499 1182 1525 μοις
1208 1489 1234 1516 o't
1271 1489 1305 1516 τὰ
1341 1491 1454 1516 τοιαῦτα
1491 1489 1673 1526 κυρώσαντες,
1694 1488 1740 1515 καὶ
1772 1488 1867 1517 καλῶς
1895 1484 1935 1522 ἄρα

1116 1533 1218 1572 γίνεται
1233 1533 1308 1562 αὐτὸ.
1325 1532 1359 1562 Εἴ
1373 1533 1423 1571 γὰρ
1439 1532 1523 1570 ψόγον
1544 1534 1628 1570 εἶχεν,
1646 1533 1695 1560 οὐκ
1724 1531 1755 1560 ἂν
1783 1530 1843 1560 οὐδ’
1868 1529 1934 1559 αὐτὸς

1118 1578 1233 1615 ἐπῄνεσα
1259 1580 1349 1605 τοῦτο·
1380 1579 1417 1608 ὡς
1452 1576 1480 1605 δὲ
1508 1576 1635 1614 ἐπῄνεσα,
1665 1575 1831 1609 ἐνδιαθὲτως
1858 1573 1935 1612 ἔργοις

1117 1623 1208 1654 αὐτοῖς
1238 1623 1381 1662 ἐκπὲφηνε.
1397 1624 1476 1649 Δυαῖν
1492 1621 1542 1660 γὰρ
1563 1622 1671 1657 ἑορταῖν
1691 1620 1872 1650 ἐλλείποντος
1895 1619 1933 1646 τοῦ

1115 1668 1245 1695 τοιούτου
1258 1669 1345 1695 κειΛοῦ
1360 1667 1428 1705 πρὸς
1445 1665 1607 1698 ἀκολουθίαν
1623 1669 1672 1701 τῆς
1700 1665 1726 1693 ἐν
1756 1668 1793 1703 τῇ
1825 1661 1934 1701 Μεγαλο-

1115 1712 1194 1740 πόλει
1222 1712 1350 1750 μεγίστης
1376 1713 1430 1739 τῶν
1461 1711 1541 1748 ἆγίων
1573 1710 1738 1747 ἐκκλησιῶν,
1764 1709 1933 1745 ἀνεπλήρωσε

1116 1757 1168 1795 ἐγὼ
1182 1757 1213 1784 τὸ
1226 1759 1350 1784 τοιοῦτον
1366 1755 1449 1783 καλὸν
1466 1755 1495 1783 ἐκ
1509 1757 1563 1782 τῶν
1579 1757 1628 1782 τοῦ
1645 1757 1712 1783 Θεοῦ
1731 1756 1779 1782 καὶ
1794 1756 1844 1782 τοῦ
1868 1751 1933 1801 ἁγίαν

1116 1801 1208 1831 αὐτοῦ.
1224 1802 1273 1829 Καὶ
1299 1801 1390 1828 τοίνυν
1407 1800 1545 1838 ὀφειλέται
1569 1798 1644 1830 ὅντες
1673 1800 1700 1827 οἱ
1721 1798 1932 1834 ἐκχλησιαστικοὶ

1116 1845 1245 1874 δάκτυλοι
1270 1846 1382 1885 γράφειν
1406 1844 1468 1881 ἐμοὶ
1495 1843 1668 1882 εὐχαριστίαν
1689 1859 1724 1865 --
1747 1844 1776 1871 οἱ.
1804 1842 1833 1871 δὶ
1864 1850 1932 1868 κατα·

1115 1892 1258 1930 γράφουσι.

1154 1945 1257 1979 ζ’.Ποῦ
1287 1942 1320 1978 δὴ
1359 1943 1421 1980 ἐμοὶ
1459 1942 1622 1980 μακαριστὸν
1660 1941 1734 1969 ἔσται
1770 1939 1929 1979 μνημόσυνον

1116 1989 1183 2016 κατά
1198 1999 1229 2026 γε
1242 1991 1305 2019 τοὺς
1329 1988 1382 2026 πρὸ
1405 1987 1484 2024 ἐμοῦ,
1501 1987 1537 2014 ὧν
1555 1985 1666 2014 ἕκαστον
1696 1986 1779 2014 αὐτὸν
1804 1982 1930 2022 ὑπερπαίω

1115 2035 1149 2070 τῇ
1164 2033 1276 2070 τοιαύτῃ
1298 2033 1411 2071 ’χάριτις
1427 2030 1516 2066 Οἶδεν,
1543 2031 1559 2058 ἃ
1583 2030 1665 2068 λέγω,
1681 2031 1710 2067 ζὴ
1738 2030 1805 2068 ῥόγα
1831 2031 1848 2064 ἡ
1874 2026 1930 2054 κατὰ

1115 2079 1166 2112 τὴν
1195 2078 1297 2114 ὕψωσιν
1323 2079 1371 2105 τοῦ
1397 2076 1565 2113 τιμιωτάτου
1592 2077 1719 2113 σταυροῦ,
1744 2075 1788 2102 ναὶ
1816 2073 1844 2102 δὲ
1857 2071 1929 2104 καὶή

1117 2126 1167 2158 τῆς
1197 2121 1320 2159 μεγάλης
1349 2121 1483 2158 δευτέρας.
1502 2121 1539 2148 Οὐ
1572 2120 1625 2156 μὴν
1642 2119 1718 2154 ἀλλ’,
1735 2120 1758 2146 εἰ
1785 2119 1830 2147 καὶ
1855 2116 1885 2144 τὰ
1908 2114 1928 2150 ἒξ

1119 2167 1267 2205 ἀνθρώπων
1285 2167 1353 2203 ἡμῖν
1368 2167 1547 2203 ἀπέγνωσται,
1565 2164 1637 2192 ἀλλὰ
1653 2164 1695 2200 σὺ,
1712 2165 1734 2191 ὢ
1765 2167 1856 2200 Σῶτερ
1881 2159 1928 2205 Ott,

1119 2203 1196 2250 δρίης
1224 2212 1303 2248 ἡμῖν,
1330 2211 1388 2238 καθ’
1409 2211 1441 2245 ἣν
1470 2207 1685 2248 προϐεϐλήμεθα
1713 2203 1925 2246 προαίρεσιν-καί

1118 2255 1224 2294 ἀρκέσει
1251 2256 1326 2283 τοῦθ’
1354 2257 1422 2292 ἡμῖν
1451 2255 1508 2282 ἀντὶ
1537 2255 1719 2292 μακαρισμοῦ.
1743 2251 1925 2294 Ἑπιμάρτυραι

1118 2293 1186 2338 ἡμῖν
1198 2301 1242 2328 καὶ
1257 2302 1275 2336 ἡ
1296 2301 1425 2337 σήμερον,
1441 2299 1627 2336 καταρξαμὲνη
1643 2302 1694 2333 τῆς
1708 2300 1756 2326 τοῦ
1779 2293 1923 2325 ἐνιαυσιαίου

1118 2347 1248 2385 στεφάνου
1276 2345 1431 2383 γυρώσεως,
1458 2344 1484 2371 τί
1511 2344 1704 2380 τετυπώκαμεν
1734 2343 1760 2370 ἐν
1790 2345 1829 2379 τῷ
1860 2347 1924 2376 περι-

1116 2384 1210 2427 κλύτῳ
1242 2392 1290 2417 τοῦ
1327 2390 1462 2426 ἡμετέρου
1489 2389 1643 2425 ἁγιωτάτου
1673 2385 1846 2426 μυροϐλύτου
1870 2384 1922 2427 ναῷγ

1114 2435 1161 2462 ’ἱνα
1175 2425 1383 2473 συναναφωνήσῃ
1409 2435 1566 2471 μαρτυρικῷ
1593 2432 1669 2470 λόγῳ
1692 2432 1737 2459 καὶ
1764 2432 1782 2467 ἠ
1816 2429 1877 2478 κατὰ
1898 2425 1923 2478 τξν

1118 2479 1165 2517 ἔαρ
1199 2478 1346 2513 ὑπάνοιξις,
1372 2479 1390 2513 ἡ
1419 2478 1488 2505 κατὰ
1515 2478 1560 2505 τὸν
1593 2478 1726 2515 Μάρτιον,
1750 2477 1809 2504 καθ’
1836 2476 1864 2510 ἣν

1118 2515 1200 2557 αὐτὴν
1223 2522 1254 2549 τὸ
1277 2522 1342 2549 αὐτὸ
1374 2523 1505 2560 χάραγμα
1532 2522 1614 2550 τυπὶν
1638 2522 1694 2549 οἷον
1724 2522 1768 2561 ὑφ’
1792 2522 1867 2558 ἡμῶν
1891 2515 1923 2544 δί-

1119 2566 1206 2595 δοται.
1232 2569 1298 2595 Θεοῦ
1317 2566 1361 2594 καὶ
1385 2569 1476 2601 τοῦτο,
1493 2567 1536 2595 καὶ
1561 2569 1610 2594 τοῦ
1629 2566 1711 2594 αὐτοῦ
1737 2567 1784 2603 μὶν
1815 2561 1924 2602 θεραπεύ-

1119 2623 1197 2643 οντος
1219 2611 1474 2651 μεγαλομάρτυρος,
1499 2613 1573 2648 ἡμᾶς
1599 2610 1628 2639 δὶ
1655 2611 1701 2638 καὶ
1730 2611 1864 2649 ὑγιοῦντος
1887 2603 1922 2634 καὶ

1120 2656 1288 2694 ἁγιάζοντος.

1154 2702 1190 2736 η’.
1205 2704 1237 2729 Ὠ
1262 2702 1351 2740 ἑορταὶ
1372 2701 1467 2730 λοιπαὶ
1500 2700 1640 2740 ἀρίζηλοι,
1665 2700 1691 2728 ἐν
1719 2702 1764 2732 αἷς
1788 2695 1921 2738 κερματίων

1119 2745 1329 2783 εὑπιριλήπτων
1370 2746 1642 2785 παραῤῥιπτομὲνων,
1675 2746 1720 2773 καί
1762 2756 1814 2773 που
1853 2741 1922 2785 δράξία

1121 2791 1207 2828 μόνην
1235 2790 1426 2829 πληρούντων,
1445 2784 1535 2828 νήμςῖς
1574 2789 1764 2828 ἐπληθύναμεν
1796 2789 1866 2823 αὐτὰ,
1891 2784 1920 2813 ὦ(

1118 2834 1242 2874 πληροῦν
1257 2838 1352 2874 χνῖρας
1367 2836 1411 2863 καὶ
1429 2836 1496 2874 ὑπὲρ
1509 2836 1559 2870 τὴν
1573 2837 1621 2862 τοῦ
1645 2834 1792 2872 ψαλμικῶς
1818 2831 1921 2871 θερίζον-

1118 2890 1175 2913 τος.
1204 2880 1236 2908 Τί
1268 2890 1315 2918 μοι
1344 2880 1434 2919 λιγειν
1463 2879 1628 2918 ἀθροισμοὺς
1664 2879 1709 2907 καὶ
1744 2875 1920 2907 συνανακλίθιιε
