2021 3176
108 180 168 210 545

599 176 748 208 ORATIO
771 177 878 207 ANNO
899 175 1150 207 AUSPlCANDO
1173 175 1331 208 HABITA.

1757 182 1815 212 546

109 243 303 282 πνευματικὰς,
334 242 358 271 εἴ
384 242 429 270 καὶ
462 243 499 280 μὴ
531 242 557 269 ἒν
587 241 744 280 ἀναγκαίοις
761 265 769 278 ,
798 239 861 268 ἀλλ’
888 239 934 268 οῦν

1005 242 1028 269 le
1045 242 1236 270 conventibus
1252 244 1281 270 et
1296 243 1434 272 conviviis
1463 244 1679 281 spiritualibus,
1695 245 1730 273 de
1746 254 1813 274 con-

110 289 245 329 χαμόθεν,
261 288 327 316 ὅωοι
343 288 474 326 παρήκοι,
490 287 535 314 καὶ
552 285 654 317 ἄλλους
670 284 699 313 δὲ
720 285 935 323 ἐπιτραπεζίους,

112 333 148 362 δι’
164 333 200 362 ὦν
227 332 336 361 ἐδόκουν
363 333 376 360 ὁ
407 332 520 368 μάταιος
542 334 654 363 κτᾶσθαι
684 330 790 369 φίλους¹
818 329 848 358 οὐ
872 329 936 361 τοὺς

113 379 144 407 ὲκ
171 380 219 406 τοῦ
247 377 352 413 πίνειν,
382 375 445 404 ἀλλ’
474 376 586 406 ὁποίους
613 376 646 403 τὰ
674 375 742 402 κατᾶ
770 377 878 411 Πνεῦμα
906 375 937 401 τὸ

113 426 185 457 θεῖον
216 421 378 450 ἀποτελοῦσι
408 421 550 455 euectus;
580 421 633 447 Ἐὧ
653 420 687 447 τὰ
717 418 873 455 λοιπᾶ,“ίνα
898 419 936 456 μή

111 480 156 501 τις
183 466 346 504 ὁῧολιμαῖος
375 466 488 503 νομίσας
513 466 611 493 ἐκεῖνα.
642 464 853 504 καταψηφιεῖταί
883 475 937 501 μου

114 513 346 551 σμικροπρέπειαν
370 511 415 538 καὶ
430 510 547 548 κυμίνου
575 510 667 548 πρίσιν
691 509 737 537 καὶ
767 510 798 536 τὸ
827 508 937 536 ἀνελεύ-

114 565 206 596 θερον.
238 558 339 584 Σιωπῶ
359 556 416 590 καὶ,
446 554 473 583 εἱ¹
492 566 518 582 τι
542 553 613 583 ἄλλο
639 552 822 589 δεδαπάνηταί
843 564 895 581 που
919 553 937 587 ἢ

115 603 264 631 δαπανᾶται
291 601 328 632 εἷς
356 601 536 636 ἑπιποιήσεις,
566 599 604 631 είς
634 599 846 635 ἐπικοσμήματα
864 619 871 633 ,
901 597 939 629 εἲς

112 647 203 686 ἵτερα,
219 648 260 678 οἷς
277 645 447 685 θαῤῥούντως
462 644 536 682 λέγω
558 643 665 682 χαίρειν
691 644 736 672 τὸν
765 643 841 671 Θεόν.
872 641 940 671 Οἶδα

113 694 165 733 γὰρ
180 692 314 726 ἀκούσων,
329 691 366 722 ὡς
383 689 460 718 οὐδὲν
475 700 502 717 τι
514 691 597 717 ταῦτα
626 689 694 727 πρὸς
723 688 787 718 τοὺς
814 686 940 718 παπάδας

115 731 200 775 ἧμᾶς·
233 736 299 775 ὅπερ
329 737 425 773 ὅμοιον
455 735 574 774 φαίνεται
602 734 679 770 εἶναι,
707 733 743 764 ὡς
772 733 794 761 εί
820 733 865 761 καὶ
892 731 940 760 τοῦ

117 783 162 811 ἐπὶ
191 781 352 816 δισποτικῆς
381 779 468 811 οῒκίας
502 778 714 817 λογοποιοῦντος
749 777 783 805 τὰ
817 776 940 812 δαπανή-

120 836 190 864 ματα
205 826 231 853 οἱ
259 823 404 853 σύνδουλοι
421 822 505 860 μηδὲν
521 823 555 850 τὰ
579 822 663 850 λοιπὰ
678 821 778 850 εἷθκοιεν
792 821 941 860 προσλογί-

119 872 220 906 ζεσθαι,
237 870 277 897 ὅτι
296 869 333 906 μὴ
352 869 420 906 μόνα
434 868 467 896 τὰ
489 867 674 904 ὃαπανώματα
697 867 735 898 εἷς
761 866 866 897 αὐτούς.
893 866 941 893 Καὶ

121 916 174 953 μὴν
191 916 205 942 ὸ
217 917 265 942 τοῦ
281 912 358 942 οἱόιοῦ
375 912 508 948 δεσπότης
525 913 576 940 οὐκ
640 911 733 961 χαίροι
757 910 942 961 τιῖιμτοιοῦξῳ
958 929 982 961 Β

119 960 208 998 λόγῳ·
245 958 318 987 ἀλλὰ
343 959 390 986 τὸν
419 958 565 994 οἲκονόμον
593 955 686 987 ἄλλως
715 955 875 991 ἀποδέξοιτο
902 955 943 990 ἂν,

120 1005 209 1042 οἶμαι.

156 1061 187 1088 θ’.
210 1057 290 1095 Ἐμοὶ
317 1056 346 1084 δὲ
371 1056 443 1084 ἀλλὰ
457 1053 673 1092 ἀναϐοησαμένῳ
705 1053 756 1090 ἤδη
786 1054 870 1090 ἀκοὴν
894 1056 945 1092 γῆς

121 1114 150 1131 τε
174 1102 219 1131 καί
248 1103 372 1136 ούρανοῦ,
403 1100 547 1139 ἐπέρχεται
571 1099 689 1138 συνιῖραί
707 1109 734 1126 τι
747 1100 792 1126 καὶ
821 1099 854 1126 τα
883 1099 945 1135 ἑξῆς

121 1149 295 1186 προφητικῆς
319 1149 483 1183 περικοπῆς.
508 1145 557 1172 Καὶ
581 1143 656 1175 υἱοὺς
688 1144 735 1181 μὶν
764 1147 889 1182 γεννῆσαι
914 1143 944 1171 οὐ

121 1194 248 1229 καταγνῶ
276 1191 372 1218 εἰπεῖν’
399 1189 526 1226 (πηλίκος
554 1189 605 1226 γὰρ
635 1188 687 1226 ἐγὼ
717 1188 785 1226 πρὸς
815 1187 944 1222 τοιαύτην

122 1236 200 1276 φύσιν
217 1239 274 1272 Θεῷ
288 1235 454 1273 πρέπουσαν,
469 1234 514 1261 καὶ
530 1236 598 1268 τοῖς,
627 1233 686 1260 ὅσοι
699 1234 732 1270 τῇ
753 1233 820 1270 πρὸς
843 1232 944 1260 ἐκεῖνον

123 1281 281 1318 ἆξομοιώσει
306 1279 393 1316 θεοί;)
428 1278 604 1316 γεννηθέντας
635 1276 663 1304 δὲ
689 1277 757 1305 κατὰ
787 1276 872 1314 σάρκα
902 1277 945 1304 ὑπ’

123 1325 215 1354 ἄλλων
236 1324 281 1352 καὶ
309 1325 408 1361 μικροῦ
437 1322 560 1355 meum
590 1321 694 1358 ὑψῶσαί
721 1332 793 1360 φημι
824 1321 944 1358 ἀγαθοῖς,

123 1371 162 1402 οἷς
181 1370 240 1408 βίος
257 1367 408 1404 ἐπαύξεται,
421 1367 465 1395 καὶ
482 1367 558 1404 ὅμῶς
588 1366 752 1401 ἀθετηθῆναί
777 1366 821 1393 ὑπ’
845 1366 956 1395 αὐτῶν.’

122 1414 247 1452 Ἑτὲρους
262 1412 291 1441 δὲ
315 1413 352 1443 είς
372 1412 403 1440 τὸ
423 1414 473 1439 πᾶν
502 1411 548 1448 μὲν
576 1410 666 1448 ἐξᾶραι
694 1410 739 1438 καί
768 1413 946 1449 προαγαγεῖν,

124 1460 173 1488 οὐκ
188 1458 217 1487 ἂν
235 1457 351 1495 εἷ’ποιμι·
380 1458 583 1494 προσεπιθεῖναι
610 1454 648 1490 δὲ,
667 1456 708 1486 οἷς
731 1455 877 1493 φθάσαντες
895 1456 947 1483 ὑπὸ

123 1504 217 1534 ἄλλων
232 1503 383 1541 ἀρχιερέων
398 1501 491 1539 ἔσχον,
508 1501 552 1528 καὶ
572 1498 650 1537 ἕτερα
673 1499 793 1537 μείζονα,
818 1499 861 1527 καὶ
885 1499 947 1527 δυσ-

120 1551 240 1587 τυχῆσαι
263 1548 313 1582 τὴν
341 1546 371 1574 ἐκ
391 1548 444 1574 τῶν
466 1545 597 1573 τοιούτων
623 1544 781 1583 ἀχαριστίαν
797 1543 846 1572 οὐκ
861 1543 899 1576 εἲς
915 1545 946 1572 τὸ

121 1594 218 1632 τυχὸν,
244 1592 306 1620 ἀλλ’
331 1591 369 1623 εἷς
385 1590 586 1627 ἔκπολὲμωσιν.

211 1681 299 1710 ’Δλλά
322 1680 436 1711 τούτους
464 1679 512 1716 μὲν
540 1678 789 1717 παρακατατίθεμαι
813 1677 852 1714 τῷ
881 1680 949 1715 Θεῷ,

124 1730 165 1764 τῷ
189 1726 234 1755 καὶ
258 1725 388 1764 πανσόφῳ
415 1723 459 1752 καὶ
476 1723 635 1762 ὑπεραγάθῳ
663 1723 786 1760 τεχνίτῃ,
802 1722 839 1753 ὡς
867 1721 951 1760 ἀγάλ-

130 1783 200 1810 ματα
234 1771 335 1799 ἰκείνου
372 1768 436 1797 ὅντα
470 1767 720 1806 καλλιτεχνηθέντα
761 1767 807 1804 μὲν
846 1765 949 1802 ἄλλως,

125 1815 310 1855 ἁχραιούμινα
338 1813 366 1842 δὲ
391 1817 450 1845 ταῖς
479 1813 539 1846 εί,κῆ
563 1813 606 1840 καὶ
637 1812 736 1849 μάτην,
766 1812 829 1840 ὅποι
854 1811 949 1849 τύχοι,

124 1861 331 1899 παρατρίψεσιν,
365 1859 495 1896 ἀρτιῶσαι
531 1857 599 1886 κατὰ
635 1858 684 1892 τήν
725 1856 806 1884 αὐτοῦ
844 1856 949 1896 σοφίαν,

125 1906 171 1933 καὶ
204 1905 379 1942 ἐπαναγαγεῖν
416 1903 453 1934 εἷς
490 1903 522 1930 τὸ
559 1902 632 1937 αὐτῷ
670 1902 782 1940 ἀρέσκον
813 1900 948 1939 εὔμορφὸν

125 1961 155 1978 τε
179 1949 223 1978 καὶ
239 1947 382 1986 εὐπρεπὲς⁵
400 1948 437 1978 ὡς
451 1947 482 1975 ἃν
513 1946 584 1974 οὕτω
598 1946 643 1973 καὶ
660 1945 693 1973 δι’
710 1946 800 1974 αὐτῶν
817 1945 950 1982 ιύλογού.

128 2005 209 2032 μενος
232 1992 410 2030 ἀντευλογοίη
426 1992 472 2020 τὸν
497 1991 625 2029 στέφανον
650 1992 718 2027 ἡμῖν
741 1993 788 2018 τοῦ
815 1990 949 2018 ἐνιαυτοῦ.

165 2085 207 2113 ια’.
224 2083 294 2121 Ἐγὼ
315 2081 344 2110 δὲ
370 2081 417 2109 καὶ
444 2083 483 2117 τῷ
504 2079 691 2118 παρατυχόντι
720 2079 780 2116 λαῷ
807 2081 856 2107 τοῦ
884 2081 951 2106 Θεοῦ

127 2127 292 2168 προσλαλῶν
319 2125 530 2160 διδασκαλικῶς,
553 2127 748 2162 παρεγγυῶμαι
773 2123 817 2151 καὶ
846 2123 950 2168 αὐτοῖς,

129 2167 189 2202 ὅσοι
204 2173 272 2204 τὲως
288 2171 395 2200 ἀκούειν
411 2172 491 2207 ἡμῶν
513 2170 667 2207 ἀνέχονται.
692 2168 751 2196 Εἰσὶ
779 2168 829 2206 γὰρ
854 2167 881 2195 ἐν
907 2167 953 2195 αὐ-

127 2222 185 2250 τοῖς
201 2218 350 2255 ἅνθρωποι,
370 2214 552 2253 ὁδηγηθῶτες
581 2214 630 2241 εὐκ
658 2212 708 2241 οἶδ’
728 2213 800 2247 ὅθεν,
829 2211 951 2251 ἐπιστρὲ-

129 2274 186 2304 φειν
215 2263 289 2299 ἡμᾶς
318 2261 356 2292 είς
385 2260 417 2288 τὸ
446 2260 544 2298 ἀγαθὸν
560 2257 614 2304 -διὰ
627 2260 676 2286 τοῦ
695 2258 732 2294 μὴ
748 2256 953 2304 ἐπιστρὲφεσιξαι

990 286 1063 314 vivis
1078 287 1128 322 qui
1139 287 1206 315 licet
1221 296 1277 315 non
1295 288 1422 324 cognati,
1434 289 1566 323 ejusdem
1579 292 1675 318 tamen
1692 291 1815 328 originis

991 333 1113 359 terrenae
1139 334 1246 367 essent,
1272 341 1345 368 quos
1371 333 1460 361 miser
1490 342 1542 370 ego
1569 334 1683 363 sodales
1707 335 1815 364 habere

993 375 1065 403 mihi
1079 376 1159 404 visus
1176 385 1254 412 sum,
1272 385 1329 405 non
1346 385 1405 414 qua
1422 386 1535 406 mecum
1548 379 1746 414 biberent,sed
1757 390 1816 416 qua

993 421 1156 449 secundum
1184 422 1326 458 Spiritum
1353 425 1487 451 sanctum
1523 424 1734 453 commensnles
1759 426 1816 453 mei

993 466 1109 493 essent!
1127 468 1234 494 Cetera
1257 467 1372 495 silentio
1395 476 1506 503 premo,
1525 477 1559 496 ne
1583 469 1660 504 quis,
1687 469 1768 497 ﬂocci
1783 479 1817 498 ea

994 510 1136 546 pendens,
1148 519 1268 539 avarum
1285 515 1374 548 atque
1389 512 1572 546 illiberalem,
1598 513 1648 550 qui
1672 513 1754 542 velut
1770 523 1819 542 cu-

995 555 1109 582 minum
1135 555 1301 590 difﬁndam,
1329 565 1371 584 me
1394 557 1551 585 existimet.
1574 559 1678 591 Taceo,
1704 559 1727 586 si
1753 567 1817 595 quas

995 599 1075 626 factae
1091 602 1161 627 sunt
1174 603 1224 628 aut
1239 601 1311 628 ﬁunt
1338 601 1476 637 impensae
1503 602 1533 630 in
1558 611 1603 630 res
1627 604 1817 637 accessorias,

995 644 1025 672 in
1048 647 1218 672 ornamenta
1243 648 1271 673 et
1295 648 1406 680 cetera,
1432 646 1540 682 quibus
1562 647 1654 675 Deum
1684 648 1819 676 delectari

996 689 1121 717 fidenter
1135 690 1210 718 dico.
1227 690 1273 718 Sio
1289 691 1364 719 enim
1383 692 1441 719 fore
1464 691 1512 727 qui
1528 692 1637 728 dicunt,
1663 692 1721 720 hac
1746 693 1818 721 nihil

996 735 1032 762 ad
1050 743 1102 762 nos
1117 737 1217 762 Patres
1232 735 1386 771 pertinere,
1410 736 1486 771 quod
1517 736 1595 764 idem
1617 745 1682 764 esse
1705 738 1820 765 videtur

996 787 1029 806 ac
1045 779 1069 806 si
1085 780 1203 814 quando
1219 788 1387 808 ueconomus
1406 780 1521 816 aliquos
1544 780 1612 808 facit
1635 784 1772 817 sumptus
1788 783 1818 811 in

997 823 1117 851 domum
1134 824 1267 858 herilem,
1289 825 1420 852 conservi
1437 827 1544 861 negent
1572 825 1647 854 ullas
1671 826 1820 856 faciendas

997 875 1062 895 esse
1076 876 1218 904 expensas
1246 869 1303 896 nisi
1329 878 1392 905 quae
1418 869 1446 896 in
1473 869 1605 905 ipsorum
1631 871 1820 900 commodum

997 913 1148 941 cesserint.
1164 913 1231 941 Jam
1257 922 1322 942 vero
1343 914 1487 950 ejusmodi
1513 915 1610 943 verbis
1637 915 1717 944 nullo
1734 917 1820 944 modo

999 957 1140 993 gauderet
1155 957 1375 994 paterfamilias,
1391 958 1440 985 sed
1453 958 1562 994 potius,
1573 967 1607 986 ex
1622 967 1687 987 mea
1702 960 1820 996 quidem

1000 1002 1154 1036 sententia,
1171 1010 1300 1030 ceconom
1306 1011 1354 1030 um
1370 1003 1513 1031 laudaret.

1035 1055 1062 1083 9.
1079 1057 1239 1091 Postquam
1256 1059 1353 1084 autem
1370 1056 1474 1084 cmlum
1488 1064 1520 1084 ac
1531 1058 1638 1084 terram
1649 1058 1685 1085 ad
1699 1059 1822 1087 audien-

1001 1099 1071 1126 dum
1087 1100 1249 1135 provocavi,
1266 1100 1335 1128 dicti
1362 1100 1440 1128 illius
1470 1101 1633 1137 prophetici
1660 1103 1748 1131 verba
1777 1111 1823 1131 se-

1002 1143 1122 1179 quentia
1136 1144 1297 1180 adjungere
1311 1144 1391 1172 libet.
1408 1146 1443 1172 Et
1457 1145 1532 1173 ﬁlios
1552 1146 1669 1181 quidem
1695 1155 1740 1175 me
1755 1156 1823 1184 pro-

1001 1196 1115 1216 creasse
1131 1197 1189 1216 non
1204 1191 1249 1216 est
1264 1190 1341 1225 quod
1359 1189 1464 1223 dicam,
1482 1189 1558 1226 (quis
1582 1191 1660 1218 enim
1686 1200 1739 1227 ego
1756 1201 1823 1220 sum

1001 1235 1188 1268 comparatus
1198 1241 1264 1260 cum
1277 1236 1381 1261 natura
1393 1233 1441 1261 Dei
1451 1242 1612 1270 eorumque
1623 1235 1673 1270 qui
1684 1236 1823 1264 similitu-

1002 1277 1069 1304 dine
1084 1277 1148 1311 ejus
1164 1278 1387 1313 promemodum
1403 1278 1443 1305 dii
1452 1279 1518 1306 facti
1531 1282 1600 1306 sunt
1612 1279 1632 1314 Ρ)
1645 1280 1695 1307 sed
1710 1280 1746 1308 ab
1758 1281 1824 1309 aliis

1001 1321 1157 1349 carnaliter
1172 1325 1338 1357 procreatos
1352 1325 1381 1350 et
1405 1323 1487 1358 quasi
1508 1324 1654 1359 expositos
1677 1326 1824 1354 cumulavi

1001 1365 1086 1393 bonis
1102 1366 1210 1402 quibus
1227 1367 1287 1394 vita
1302 1369 1433 1402 ornatur,
1451 1371 1479 1395 et
1504 1367 1697 1397 nihilominus
1712 1373 1748 1397 ab
1764 1370 1824 1399 iliis

1001 1413 1188 1447 contemptus
1202 1419 1279 1438 sum.
1305 1411 1381 1439 Alios
1405 1414 1514 1446 autem,
1540 1413 1619 1440 haud
1644 1414 1720 1449 dico,
1745 1416 1824 1450 quod

1001 1455 1142 1483 exaltatos
1159 1456 1348 1491 provexerim,
1368 1459 1497 1484 altamen
1527 1457 1676 1486 beneﬁciis
1700 1467 1763 1494 quae
1788 1460 1824 1488 ab

1001 1499 1067 1528 aliis
1083 1500 1310 1536 archiepiscopis
1325 1504 1507 1537 acceperant,
1534 1502 1646 1537 majora
1670 1503 1757 1531 etiam
1774 1505 1824 1532 ad-

998 1545 1067 1581 jeci,
1085 1554 1175 1580 quare
1190 1553 1293 1573 eorum
1310 1545 1554 1581 ingrutitudiuem
1581 1555 1638 1574 non
1662 1547 1822 1582 fortuitam,

1004 1590 1055 1617 sed
1068 1597 1103 1617 ex
1117 1589 1215 1617 hostili
1232 1590 1330 1617 animo
1345 1590 1593 1625 profectam,inter
1608 1599 1739 1619 summas
1749 1592 1828 1620 cala-

1006 1634 1124 1662 mitates
1139 1633 1315 1661 censendum
1331 1635 1417 1662 duco.

1043 1680 1085 1707 10.
1102 1679 1154 1706 Sed
1172 1678 1236 1713 hos,
1254 1681 1354 1714 utpote
1369 1679 1421 1714 qui
1437 1679 1485 1707 Dei
1506 1680 1662 1715 imaginem
1687 1682 1827 1716 referunt,

1005 1724 1084 1751 etab
1100 1723 1183 1751 initio
1199 1723 1316 1758 quidem
1342 1723 1456 1759 pulchri
1480 1724 1578 1759 creati,
1604 1728 1705 1761 postea
1729 1729 1826 1754 autem

1006 1768 1167 1805 pervicacia
1190 1776 1245 1796 sua
1270 1776 1344 1796 vana
1368 1771 1397 1796 et
1420 1768 1571 1797 insensata
1597 1771 1724 1806 corrupti
1746 1774 1827 1806 sunt,

1006 1812 1180 1840 commendo
1195 1812 1265 1846 Deo,
1282 1812 1405 1840 creatori
1420 1813 1638 1848 sapientissimo
1661 1818 1748 1850 atque
1775 1824 1828 1852 op-

1005 1858 1087 1891 timo,
1106 1859 1137 1884 ut
1152 1857 1315 1884 secundum
1332 1858 1503 1892 patientiam
1516 1867 1600 1886 suam
1616 1859 1722 1895 dirigat
1737 1869 1786 1888 eos
1802 1863 1832 1889 et

1006 1903 1041 1930 ad
1058 1903 1240 1930 honestatem
1260 1911 1293 1929 ac
1318 1902 1455 1930 virtutem
1480 1903 1536 1939 ipsi
1559 1906 1672 1939 gratam
1697 1906 1828 1939 reducat,

1006 1950 1093 1983 atque
1109 1947 1148 1974 ita
1162 1947 1192 1974 in
1209 1947 1300 1974 vicem
1330 1947 1567 1976 benedictionum
1597 1949 1706 1984 quibus
1722 1950 1756 1977 ab
1771 1950 1830 1978 illis

1006 1992 1179 2024 celebratur,
1204 1991 1275 2019 anni
1311 1992 1445 2027 auspicia
1479 1992 1683 2021 benedictione
1707 2003 1761 2022 sua
1784 1995 1830 2022 di-

1006 2038 1122 2072 gnetur.

1041 2080 1167 2107 H.1am
1182 2087 1248 2108 vero
1265 2080 1334 2107 dum
1361 2083 1532 2113 prasentem
1563 2081 1611 2109 Dei
1634 2085 1742 2110 cmtum
1762 2084 1829 2110 edo-

1007 2132 1067 2160 σου,
1084 2123 1171 2151 simul
1187 2123 1327 2151 adhortor
1349 2132 1398 2152 eos
1425 2126 1475 2160 qui
1501 2134 1580 2153 nunc
1602 2126 1697 2154 verbis
1721 2128 1830 2155 nostris

1007 2176 1108 2196 aurem
1129 2169 1267 2203 praebent.
1294 2168 1372 2196 Inter
1395 2168 1476 2204 ipsos
1500 2170 1579 2197 enim
1604 2173 1674 2198 sunt
1696 2170 1831 2200 homines

1007 2212 1069 2248 qui,
1086 2212 1184 2240 nescio
1202 2212 1278 2240 unde
1292 2212 1374 2245 moti,
1393 2221 1456 2247 nos,
1473 2214 1557 2249 quasi
1573 2217 1740 2250 peccatores
1751 2223 1830 2244 esse-

1009 2265 1086 2290 mus,
1103 2257 1140 2284 ud
1157 2257 1265 2284 bonum
1288 2259 1454 2285 convertere
1483 2259 1676 2293 praetendunt,
1707 2259 1830 2295 ideoque

128 2300 208 2344 iw.th
225 2307 270 2334 οἷα
293 2305 466 2345 ἐφαμάρτων,
488 2303 533 2332 καὶ
558 2302 602 2331 διὰ
621 2305 702 2331 τοῦτο
729 2302 773 2330 καὶ
790 2302 827 2333 ὡς
843 2301 881 2333 εἷς
912 2300 946 2329 δι-

1008 2310 1073 2330 sese
1088 2303 1228 2336 tanquam
1246 2301 1404 2337 magistros
1419 2304 1535 2330 nostros
1554 2306 1670 2339 gerunt.
1696 2305 1831 2339 quamvis

130 2351 281 2381 δασκάλους
295 2351 463 2380 καθεστῶτες
478 2350 558 2385 ἡμῖν,
589 2347 764 2378 διδάσκοντας
796 2347 844 2384 μὲν
875 2346 951 2379 οὐθὲν

132 2398 236 2429 ὁτιοῦν,
259 2395 448 2433 μεμφομένους
477 2394 556 2430 ἅπαν,
586 2392 651 2430 ὅπερ
667 2391 697 2420 ἃν
712 2391 729 2426 ἢ
751 2391 858 2430 δρῶμεν
873 2390 890 2426 ἢ
907 2390 953 2418 λέ-

131 2450 225 2478 γομεν,
241 2438 285 2466 καὶ
313 2438 396 2472 αὐτὴν
410 2437 449 2473 δὲ,
479 2438 494 2465 ὃ
521 2448 595 2476 φασι,
620 2437 670 2472 τὴν
694 2436 953 2472 ἀναπνοὴν’ἡμῶν.

131 2487 180 2521 Τῷ
193 2483 281 2512 τοίνυν
304 2482 422 2518 τοιούτῳ
446 2481 505 2519 λαῷ
528 2484 576 2510 τοῦ
600 2484 666 2510 Θεοῦ
686 2481 778 2521 φωνὴν
795 2481 832 2512 εἰς
862 2491 952 2508 κοινον

133 2529 252 2570 ἀφιέντες
282 2526 491 2565 παρακαλοῦμεν
522 2528 559 2558 εἷς
589 2527 685 2564 ὅμοιον
707 2526 820 2564 ἀγαθὸν,
849 2526 878 2554 τὸ
905 2529 955 2561 τῆς

134 2569 264 2611 εὖλογίας
292 2569 411 2607 δηλαδὴ,
436 2571 497 2608 περὶ
521 2571 555 2605 ἦς
579 2571 638 2608 ἄρτι
655 2571 668 2598 ὁ
695 2571 779 2609 λόγος
793 2572 870 2607 ἡμῖν.
905 2571 954 2598 Καὶ

134 2621 230 2656 πρῶτα
261 2618 308 2654 μὶν
337 2615 580 2652 ἀναμιμνήσκομιν
605 2615 712 2651 αὐτοὺς,
737 2615 762 2650 ἐξ
779 2614 842 2642 οἵων
860 2614 898 2646 εἷς
914 2615 957 2642 οἶα

138 2661 297 2702 μετηλλάγη
314 2660 348 2689 τὰ
362 2660 421 2688 καθ’
438 2661 522 2696 ἡμᾶς.

173 2717 218 2754 ιβ’.
237 2715 285 2743 Καὶ
301 2713 386 2749 ἡλίκα
403 2713 450 2750 μὶν
472 2713 507 2740 τὰ
535 2713 567 2740 οὐ
594 2713 647 2749 πρὸ
672 2711 779 2740 πολλοὶ)
795 2712 882 2749 ἄγαθὰ
908 2715 957 2740 τοῦ

139 2764 214 2796 Θεοῦ,
232 2761 306 2788 anui
319 2761 353 2787 τὰ
367 2758 393 2786 ἐν
420 2759 483 2795 ὑμῖν
512 2755 618 2796 βιϐλία,
647 2757 674 2784 αἱ
705 2758 842 2793 μνήμονες
871 2758 958 2795 ψυχαὶ

139 2806 320 2844 περιφέρουςι,
335 2804 380 2832 καὶ
395 2803 433 2835 εἷς
448 2802 596 2831 ἀνάλνωσιν
612 2805 670 2833 τοῖς
698 2801 817 2834 πολλοῖς
841 2801 959 2835 ἐκτίθεν-

138 2855 193 2880 ut‘
209 2851 254 2878 καὶ
271 2849 334 2878 οὐδέ
357 2849 411 2887 ἐγὼ
435 2849 543 2886 ἀμαθὴς
568 2846 632 2876 οὐδὶ
658 2849 713 2876 τῶν
741 2847 872 2876 τοιούτων
901 2847 958 2885 εἶμι

1007 2346 1081 2374 nihil
1088 2345 1206 2374 omnino
1213 2345 1557 2382 doceant,imoquidquid
1564 2348 1833 2376 antl'ecerimusaut

1008 2391 1211 2424 dixerimus,et
1218 2391 1389 2426 ipsam,utin
1396 2392 1547 2426 proverbio
1553 2393 1831 2428 est,respirationem

1009 2439 1140 2464 nostram
1152 2436 1324 2472 vituperant.
1331 2436 1373 2463 Ad
1386 2438 1553 2464 universum
1564 2437 1653 2473 igitur
1661 2438 1710 2465 Dei
1723 2443 1830 2466 coetum

1009 2481 1097 2509 verba
1108 2481 1248 2509 facientes
1261 2481 1337 2508 bona
1351 2481 1376 2508 ei
1393 2482 1832 2516 apprecamur,benedictionem

1011 2526 1163 2557 nimirum,
1178 2526 1213 2553 de
1227 2533 1284 2560 qua
1300 2525 1385 2553 modo
1401 2525 1538 2553 diximus.
1566 2526 1600 2553 Et
1623 2527 1751 2562 primum
1766 2527 1832 2561 qui-

1011 2572 1077 2599 dem
1094 2571 1123 2598 in
1140 2569 1312 2598 memoriam
1333 2569 1374 2597 eis
1398 2577 1579 2608 revocamus,
1594 2579 1628 2598 ex
1650 2579 1779 2607 quonam
1801 2572 1831 2599 in

1012 2624 1100 2651 quem
1116 2617 1225 2643 statum
1242 2623 1287 2642 res
1304 2617 1409 2642 nostra:
1424 2614 1557 2643 deducta:
1572 2615 1641 2643 sint.

1053 2716 1092 2741 l2.
1109 2714 1222 2745 Quanta
1238 2721 1330 2747 nuper
1346 2712 1424 2740 fuere
1444 2713 1494 2740 Dei
1520 2714 1661 2741 beneﬁcia
1676 2722 1741 2749 quae
1755 2713 1834 2742 velut

1013 2760 1043 2787 in
1058 2759 1141 2786 libris
1158 2758 1299 2785 inhaerent
1313 2757 1421 2784 animis
1436 2758 1550 2790 vestris,
1567 2758 1607 2785 ita
1623 2761 1655 2785 ut
1670 2767 1687 2786 a
1701 2758 1834 2786 multitu-

1013 2805 1081 2832 dine
1096 2803 1150 2835 legi
1163 2802 1290 2838 possint!
1308 2801 1406 2836 Neque
1419 2810 1471 2837 ego
1487 2801 1603 2830 illorum
1620 2802 1740 2838 ignarus
1756 2812 1833 2831 sum.

1014 2851 1122 2884 Fruges
1137 2850 1219 2875 terra:
1234 2846 1426 2874 abundabant
1436 2855 1529 2874 arenae
1544 2847 1637 2874 instar
1652 2855 1659 2880 ;
1676 2848 1760 2883 panis
1772 2857 1834 2877 cor-
