2021 3176
103 173 169 203 549

599 167 747 199 ORATIO
768 167 876 198 ANNO
898 166 1150 200 AUSPICANDO
1172 168 1330 199 HABITA.

1756 169 1817 198 550

106 236 208 275 μυρίον
235 237 283 264 τοῦ
310 236 371 264 κατ’
397 235 480 270 αὐτὴν
508 234 634 272 χύματος
658 233 870 270 παρεκτείνουσα
892 231 932 264 εἰς

996 235 1069 263 enim
1085 235 1215 263 continui
1232 234 1418 263 acciduerent
1433 234 1553 268 imbres,
1571 235 1688 270 tempus
1712 234 1818 262 messi-

107 281 214 320 μακρόν
235 292 261 309 τι
284 280 398 319 χρόνου,
423 279 530 311 ἅλωνας
555 289 585 306 τε
609 278 742 316 ἐπλήρου,
758 276 803 305 καὶ
827 279 862 314 τῇ
881 278 936 304 τῶν

105 326 273 365 δραγμάτων
299 323 428 363 συντριϐῇ
453 324 500 355 τὰς
526 324 666 358 ἀποθήκας
692 322 789 359 μεστὰς
805 321 937 357 ἐποιεῖτο,

106 371 133 400 s'l
147 372 219 402 τινὲς
234 381 288 398 που
309 370 353 398 καὶ
377 370 452 407 εἶχον
472 369 627 405 κενώματα.
652 369 716 399 Τοῖς
739 367 789 405 γαρ
813 366 936 394 πλείοσιν

107 417 274 454 ἀνηρευνᾶτο
298 415 343 442 καὶ
368 414 473 452 ἀγγεῖα,
498 411 643 451 χωροῦντα
665 412 696 439 τὸ
718 415 768 446 τῆς
790 415 842 449 γῆς
865 410 937 439 πολὺ

107 459 241 497 δεξίωμα.
269 460 335 498 Εἶχε
363 457 391 486 δέ
416 469 443 486 τι
469 458 514 485 καὶ
542 457 610 485 κατὰ
645 458 694 484 τοῦ
721 455 799 494 ἔαρος
828 457 846 490 ἡ
875 455 938 483 τότε

107 505 207 544 eam;
227 508 277 539 τῆς
301 503 410 542 ὀπώρας
434 502 623 534 νεανιεύεσθαι.
640 503 682 538 Τῇ
698 501 750 539 γὰρ
769 501 806 531 εἰς
822 499 936 528 διπλοῦν

107 549 223 589 εὖφορίᾳ
246 548 303 577 ἔνιοι
329 551 384 576 τῶν
413 550 502 587 φυτῶν
534 545 711 579 ἐπἰπιθοῦντα,
741 546 797 573 εἶτα
825 546 869 573 καί
898 545 937 576 εἰς

105 588 214 633 καρπὸν
251 592 495 632 παραγγέλλοντα,
534 591 680 630 ἑνεαρίὰειν
720 591 811 627 ὥσπερ
847 588 937 617 ἐδίδου

105 639 173 671 τοὺς
202 638 283 669 αὐτὰς
313 637 473 675 βλὲποντας.
504 636 596 665 Ἐνίκα
621 635 650 663 δὲ
679 634 756 672 ὅμως
787 636 820 672 τῇ
851 633 936 671 λοιπῇ

107 684 222 720 εὖθηνίᾳ
235 685 269 720 τῇ
286 679 447 720 ὑπερϐλύσει
462 683 511 710 τοῦ
525 680 659 718 γλεύκους
675 678 761 716 ὁλκῷ.

149 783 192 814 ις’.
204 782 253 809 Καὶ
267 782 379 809 τοιαῦτα
405 780 452 817 μὶν
477 781 546 816 ἡμῖν
569 779 603 806 τὰ
629 778 682 816 πρὸ
701 777 816 809 τούτων.
833 776 878 805 ὅτε
891 778 935 805 καὶ

111 827 253 865 εὐλογεῖτο
273 825 319 854 καὶ
344 822 450 862 εὐλὸγει
470 825 485 851 ὁ
508 824 582 858 Θεὸς,
605 823 650 851 καὶ
675 820 823 860 λαμϐάνων
839 821 938 850 ἀντεδί·

111 871 171 901 δου.
201 871 287 900 Τανῦν
315 869 344 898 δὶ
372 867 479 897 ἅναλλα
501 869 601 902 πάντα,
629 867 643 895 ὃ
664 866 697 903 δὴ
723 866 840 905 λέγεταί,
865 865 938 894 Ψεύο

992 279 1048 307 bus
1064 279 1224 307 condendis
1241 279 1420 307 destinatum
1437 278 1549 306 diutius
1573 278 1703 314 protrahi
1733 287 1818 315 opor-

992 323 1195 351 tuit.Attamen
1209 326 1238 351 et
1247 324 1289 352 sic
1299 324 1403 351 horrea
1411 323 1562 359 completa
1579 326 1717 358 sunt,nec
1732 324 1818 351 mini-

993 376 1074 396 mum
1108 369 1225 405 quidem
1259 368 1461 405 granariorum
1491 368 1546 395 fuit
1574 368 1702 404 spatium
1740 368 1817 404 quod

992 421 1116 441 vacuum
1151 413 1376 449 relinqueretur.
1408 413 1490 440 Multi
1520 413 1609 440 etiam
1638 413 1819 449 lconquirere

992 458 1157 485 debuerunt
1184 466 1253 485 vasa
1281 458 1390 493 quibus
1405 460 1486 485 terras
1503 458 1665 485 ubertatem
1682 458 1819 485 reconde-

993 504 1067 529 rent.
1086 502 1224 530 Praeterea
1241 504 1402 530 autumnus
1432 501 1480 530 ille
1507 502 1584 529 veris
1614 501 1707 529 instar
1735 501 1820 537 quasi

993 546 1211 582 rejuvenescere
1238 548 1336 582 cmpit.
1366 546 1492 574 Arbores
1521 546 1598 574 enim
1623 547 1755 582 quedam
1771 554 1820 574 se-

992 591 1089 618 cunda
1101 591 1162 619 vice
1176 591 1298 618 ﬂoribus
1313 593 1461 618 tumentes
1476 590 1588 618 fructus
1615 591 1722 619 iterum
1750 599 1819 626 pro-

992 635 1146 669 miserunt,
1174 637 1214 663 ita
1238 638 1270 663 ut
1295 637 1474 671 spectatores
1502 643 1623 663 vernum
1644 638 1761 672 tempus
1777 643 1820 663 re-

992 679 1083 708 diisse
1098 682 1244 716 putarent.
1260 681 1392 708 Altamen
1409 680 1571 708 fecunditas
1586 681 1756 716 antegressa
1771 688 1820 708 no-

993 733 1058 752 vam
1075 725 1253 753 fertilitatem
1270 724 1410 752 cohibuit.

1030 777 1071 805 16.
1087 778 1169 806 Talia
1185 778 1253 806 olim
1269 778 1354 806 nobis
1375 777 1570 814 contigerunt,
1598 779 1714 814 quando
1742 779 1820 808 Deus

992 824 1021 851 et
1047 823 1274 850 benedicebatur
1301 825 1330 850 et
1353 822 1554 858 benedicebat,
1571 824 1659 859 atque
1674 823 1821 859 accipiens

993 867 1180 903 rependebat.
1192 867 1275 895 Nunc
1287 875 1353 895 vero
1369 875 1491 903 prorsus
1508 868 1687 895 contrarium
1704 868 1820 896 accidit.

112 915 204 944 ὃονται
227 914 276 953 γὰρ
303 915 331 942 αἲ
351 915 420 953 ὧραι
445 914 479 941 τὰ
506 914 563 941 κατ’
589 912 670 943 αὐτὰς
690 911 869 950 ἐνεργήματα.
886 912 939 939 Καὶ

996 911 1126 948 Namque
1142 912 1211 940 anni
1227 914 1359 949 tempora
1370 912 1429 940 vim
1445 920 1478 940 ac
1504 914 1639 940 naturam
1669 912 1724 941 sibi
1752 921 1822 949 pro-

112 962 127 989 ὁ
145 961 192 998 μὶν
209 960 351 998 χειμέριος
373 959 478 996 καιρὸς,
500 957 587 996 ἀφιεὶς
612 957 661 992 τὴν
686 957 744 984 κατ’
761 956 840 984 αὐτὸν
859 956 938 994 ὑγρό-

110 1015 193 1041 τητα,
210 1003 244 1032 δι’
258 1004 288 1038 ἣν
305 1003 343 1034 ὡς
367 1001 477 1036 πολλὴν
503 1002 586 1036 αὐτὴν
603 1013 617 1027 ι(
631 1001 774 1039 καταχὲων
792 1012 805 1027 η
821 1004 870 1036 τῆς
886 1004 939 1038 γῆς

113 1049 271 1086 ὠνόμασται
299 1059 313 1075 α
335 1047 455 1085 χειμὼν,
477 1057 491 1072 ››
518 1046 556 1077 εἷς
582 1046 690 1084 αὐχμὸν
720 1046 938 1082 μετεσκεύασται.

113 1093 164 1121 Καὶ
181 1093 239 1121 ἀντὶ
255 1091 351 1128 πηλῶν
367 1091 413 1118 καὶ
435 1090 591 1127 τελμάτων,
615 1089 650 1118 δι’
674 1091 711 1117 ὧν
736 1091 754 1125 ἡ
770 1093 806 1127 γῆ
830 1099 940 1127 συνεχο-

115 1138 183 1175 μὲνη
220 1137 296 1167 κάτω
333 1136 407 1173 μένει
444 1135 637 1174 βαρυνομένη,
665 1135 862 1162 κατακόπτεται
901 1134 939 1165 εἰς

112 1182 200 1217 κόνιν,
229 1181 321 1212 καλῶς
350 1179 380 1208 ἂν
408 1179 480 1207 εἴποι
508 1190 561 1215 τις,
591 1180 712 1217 θερινὴν,
737 1180 754 1214 ἢ
775 1179 821 1206 καὶ
848 1179 884 1210 ὡς
901 1178 939 1210 εἷς

112 1225 233 1262 ἀτόμους
262 1224 483 1261 λεπτοτομεῑται.
509 1226 536 1251 'O
565 1223 594 1251 δὲ
622 1224 675 1261 ἀήρ
703 1223 738 1251 τὰ
770 1222 863 1251 πολλὰ
891 1223 938 1260 μὲν

115 1270 243 1309 βούλεται
272 1270 341 1307 πρὸς
377 1268 486 1307 ἐαρινὴν
515 1269 532 1304 ἢ
561 1267 606 1296 καὶ
643 1268 750 1305 θερινὴν
777 1268 939 1295 κατάποσιν

114 1315 322 1352 ἐξημεροῦσθαιο
339 1313 383 1342 ὅτε
405 1312 434 1341 δὲ
457 1313 503 1340 καὶ
529 1311 691 1350 ἐνθυμηθείη
722 1313 830 1350 χειμὼν
859 1312 941 1343 αὐτὸς

115 1359 194 1393 εἶναι,
219 1358 292 1386 ἀλλὰ
315 1355 377 1386 τὸτε
402 1356 596 1396 ὑπερεπιτείνδι
617 1357 722 1392 ἑαυτὸν,
739 1356 783 1384 καὶ
808 1357 840 1384 οὐ
859 1356 940 1393 μόνου

117 1403 233 1442 οὐρανοῦ
259 1402 362 1441 γίνεται
391 1400 470 1440 ἄχος,
501 1401 562 1437 ὃδή
589 1412 631 1433 τις
660 1399 723 1440 ἔφη,
752 1399 884 1429 ἀλλὰκαὶ
910 1401 941 1428 τὸ

120 1448 200 1481 μέσον
216 1448 300 1476 αὐτοῦ
315 1447 359 1475 καὶ
381 1450 432 1485 γῆς
457 1446 526 1474 ἅπαν
551 1448 630 1484 χῦμα
654 1446 776 1484 ουγχέει,
793 1445 837 1473 καὶ
855 1445 941 1476 οὕτως

119 1493 216 1531 ἀπάγει
241 1494 290 1520 τοῦ
317 1491 418 1523 παντὸς
446 1491 476 1518 τὸ
504 1490 619 1528 κόσμιον
642 1489 739 1527 ὄνομα.
765 1491 821 1519 Οοῦ
844 1490 894 1528 γὰρ
911 1490 940 1518 71v

119 1536 158 1566 ἔτι
179 1535 284 1574 κόσμος
304 1537 334 1564 τὸ
358 1539 422 1572 πᾶν,
448 1533 511 1568 ἔνθα
537 1534 640 1574 ἐσχάτη
666 1535 784 1572 ἀκοσμία
808 1545 943 1562 κατακαυ-

117 1585 219 1621 χᾶται;
236 1581 362 1610 Θάλαστα
377 1579 405 1608 δὲ
428 1581 473 1608 καὶ
498 1579 566 1615 αὑτή
587 1581 733 1615 τηνικαῦτα
755 1579 787 1607 τὸ
808 1579 941 1617 ζωογόνον

115 1628 158 1655 καὶ
174 1629 214 1663 τῷ
233 1626 331 1663 κόσμῳ
355 1625 446 1666 φίλιον
475 1624 651 1663 ἀπολὲγιται,
680 1622 862 1652 ἀναϐαίνουσα
889 1621 940 1656 ἕως

114 1675 167 1700 τῶν
199 1671 330 1710 οὐρανῶν,
358 1671 402 1699 καὶ
432 1673 493 1702 τοῖς
516 1669 664 1708 σχίσμασιν
688 1668 867 1697 ὑποδεικνῦσα
895 1680 941 1707 γυ-

117 1717 186 1754 μνὴν
210 1717 260 1751 τὴν
285 1713 412 1751 ἄϐυσσον,
438 1715 475 1746 ὡς
498 1717 557 1746 τοῖς
585 1714 632 1751 μὲν
661 1714 793 1752 λαχοῦσιν
810 1714 940 1751 ἒμπλέειν

114 1762 159 1790 τὸν
183 1760 269 1798 ’ᾍδην
293 1760 538 1798 ἀποκληροῦσθαι,
567 1760 635 1787 κατὰ
661 1760 693 1787 τὸ
719 1759 805 1794 πάντη
836 1759 941 1796 ὁμολο-

114 1807 258 1845 γούμενον·
283 1809 341 1837 τοῖς
363 1803 392 1833 δὲ
415 1805 474 1833 κατ’
498 1804 581 1840 αὐτὴν
609 1805 689 1839 ζώοις
720 1805 757 1841 μὴ
791 1804 874 1841 μόνον
903 1805 940 1841 μή

115 1851 210 1888 ἐξεῖναι
235 1850 297 1888 περὶ
321 1850 404 1885 αὐτὴν
431 1849 558 1886 ἐλεύθερα
586 1847 731 1888 διατρίϐειν
757 1849 797 1877 ἐπ’
820 1847 942 1887 ὠφελείᾳ

115 1897 205 1933 ἡμῶν,
234 1895 307 1924 ἀΛλά
331 1893 402 1932 μηδὲ
428 1892 513 1932 ἔχειν,
537 1894 606 1922 ὅπου
629 1893 779 1922 καταδύντα
801 1894 940 1932 περιέσον-

115 1951 170 1969 ται.
200 1940 249 1968 Καὶ
278 1939 350 1968 οὕτω
381 1940 427 1976 μὲν
457 1939 501 1967 καὶ
530 1940 548 1974 ἡ
577 1938 698 1967 Θάλασσα
727 1939 940 1977 ὑπερμέμηνεν,

116 1985 204 2013 οὐκέτι
218 1983 276 2012 οὐδ’
289 1984 357 2020 αὕτη
383 1983 449 2012 οὖσα
475 1983 542 2021 ὅπερ
559 1984 612 2011 ὑπὸ
635 1986 702 2011 Θεοῦ
722 1984 845 2012 τέτακται
862 1984 939 2012 εἶναι.

115 2028 246 2068 Τῇγῇὸὶ
274 2028 346 2057 ἄλλα
374 2028 541 2068 ἆπιφορεῖται
571 2027 656 2062 δεινὰ,
680 2031 734 2056 τῶν
762 2029 809 2065 μὶν
836 2029 941 2066 ἀνθρώ-

116 2085 173 2102 πων
202 2073 353 2102 ὀκνούντων
385 2073 463 2106 εἶναι,
493 2072 517 2100 εἴ
542 2073 575 2100 τὰ
602 2073 706 2104 τοιαῦθ’
735 2072 806 2100 οὕτω
829 2073 939 2110 γίνεται·

116 2121 167 2146 τῶν
184 2117 207 2146 δ’
236 2117 330 2146 ἄλλων
361 2117 437 2152 ζώων
467 2115 532 2153 μηδ’
561 2117 650 2144 αὐτῶν
678 2117 804 2154 ἑτεροίως
820 2117 940 2155 ἐχόντων

117 2163 222 2200 (οὐκοῦν
247 2161 310 2190 οὖδὶ
332 2161 470 2202 φαίνονται
496 2164 556 2193 τοῖς
581 2172 610 2189 τε
640 2164 777 2197 ζητοῦσιν,
808 2161 880 2190 ἀλλα
894 2162 941 2194 τὰς

114 2211 165 2236 τῶν
181 2207 295 2236 πολλῶν
323 2204 399 2244 ὄψεις
427 2205 642 2244 ἀποκρύπτονται
667 2205 761 2237 ἄλλως
777 2204 870 2243 ἅλλα)·
887 2208 940 2233 τῶν

116 2252 144 2281 δὶ
157 2255 258 2292 φυτῶν,
283 2254 337 2280 τῶν
355 2261 384 2279 ἰε
417 2250 556 2289 μεγάλων,
585 2253 639 2279 τῶν
663 2261 692 2278 τι
715 2251 814 2288 μέσων,
829 2249 875 2278 καί
891 2250 940 2278 ὅσα

117 2297 145 2325 δὲ
173 2297 210 2328 εἰς
238 2300 287 2335 ﬁv
314 2298 512 2331 ταπεινοῦνται,
544 2293 598 2324 εἱίιε
622 2296 775 2335 αὐτοφυῶς,
797 2294 851 2323 εἷίτε
874 2296 942 2324 κατᾶ

116 2341 228 2378 τέχνην,
253 2340 420 2378 βιαζομένων
449 2339 595 2367 ἐκσπᾶσθαι
621 2341 670 2372 τῆς
697 2340 801 2377 μητρὸς
825 2343 888 2378 γῆς,
905 2339 942 2371 ὡς

118 2383 259 2422 ψεύδεσθαι
282 2384 327 2411 τὸν
351 2387 474 2412 τοιοῦτον
498 2387 623 2422 χειμῶνα
646 2384 678 2412 τὸ
708 2384 812 2422 ἱλαρὸν,
837 2384 882 2412 ὅτε
896 2384 940 2412 καὶ

120 2429 265 2467 παραφήνῃ
287 2429 347 2456 τινὰ
372 2430 542 2466 ἡμερότητα,
566 2430 610 2457 καὶ
633 2431 703 2466 μήτε
727 2430 758 2457 τὸ
783 2429 940 2468 χειμερινὸν

119 2473 212 2512 ἄγριον
241 2472 390 2510 μετριάζειν
417 2472 537 2511 ἀληθῶς,
563 2475 633 2511 μήτι
655 2475 685 2502 τὸ
707 2476 792 2512 πρᾶον
810 2474 941 2510 ἐπαληθί-

120 2519 216 2554 ζεσθαι.
233 2519 290 2546 Ποῦ
304 2517 354 2556 γὰρ
370 2519 454 2554 πρᾶον
470 2518 501 2545 τὸ
517 2518 554 2550 εἷς
565 2519 632 2546 ἅπαν
647 2518 789 2557 ὁλὲθριον;

154 2618 195 2652 ιζ’.
231 2614 424 2651 Διαδεξάμενος
456 2612 485 2642 δὲ
522 2615 568 2642 τὸν
586 2615 656 2644 οὕτω
693 2617 791 2654 πικρὸν
816 2619 942 2654 χειμῶνα

120 2663 133 2690 ὁ
157 2663 206 2689 τοῦ
235 2659 314 2697 ἔαρος
341 2659 512 2697 γλυκασμὸς,
543 2659 674 2695 ἐξίσταται
703 2661 748 2688 καὶ
785 2661 866 2692 αὐτὸς
893 2663 941 2689 τοῦ

121 2708 243 2744 καθαρῶς
281 2704 439 2742 γλυκάζειν.
465 2706 518 2731 Τοῦ
553 2704 603 2742 γὰρ
641 2708 781 2743 χειμῶνος
813 2706 863 2740 τὴν
890 2710 939 2744 γῆν

122 2750 315 2788 συμπιέσαντος
348 2749 394 2777 καὶ
428 2748 608 2786 πιλήσαντος,
646 2750 682 2781 ὡς
721 2751 759 2787 μή
793 2749 940 2786 δυνηθῆναι

123 2795 203 2831 αὐτὴν
225 2794 357 2832 ἀναμύσαι
382 2793 420 2825 εἷς
448 2793 595 2832 βλάστησιν
624 2794 735 2833 χλόης,
760 2795 810 2823 οὐκ
832 2794 890 2834 ἔχει
909 2796 941 2824 τὸ

123 2839 353 2879 Ξκτραφησόμενον
380 2837 443 2868 οὖδὶ
465 2839 483 2874 ἡ
512 2839 581 2868 κατὰ
604 2839 636 2868 τὸ
663 2837 710 2877 ἔαρ
738 2839 806 2878 ὥρα·
835 2839 863 2868 εἷ’
887 2851 940 2869 που

994 956 1089 992 prium
1118 956 1196 984 haud
1213 957 1341 993 amplius
1356 959 1504 985 exserunt.
1520 958 1648 993 Tempus
1663 957 1821 986 hibernum

994 1002 1108 1028 tantum
1125 1001 1207 1028 abest
1227 1003 1260 1029 ut
1289 1001 1454 1029 naturalem
1484 1001 1702 1036 humiditatem,
1732 1009 1821 1038 quam

995 1045 1112 1073 abunde
1140 1045 1169 1073 in
1198 1048 1306 1073 terram
1335 1046 1495 1073 demittens
1521 1046 1683 1082 (καταχὲων)
1715 1054 1822 1074 nomen

996 1088 1124 1126 (χειμὼν)
1140 1089 1256 1126 accipit,
1274 1090 1407 1124 retineat,
1425 1091 1455 1117 ut
1476 1090 1573 1126 potius
1601 1091 1630 1118 in
1662 1090 1822 1118 siccitatem

994 1136 1225 1162 transmutatum
1255 1134 1304 1162 sit.
1331 1137 1385 1162 Pro
1416 1134 1522 1162 lutosis
1552 1134 1709 1170 paludibus
1724 1138 1752 1163 et
1765 1144 1823 1163 coa-

996 1180 1077 1207 nosis
1110 1179 1233 1207 sentinis
1269 1179 1380 1214 quibus
1410 1182 1486 1207 terra
1515 1176 1658 1207 inundata
1686 1180 1823 1208 deorsum

995 1224 1200 1259 comprimitur
1214 1225 1303 1259 atque
1319 1223 1460 1256 subsidet,
1477 1224 1505 1251 in
1525 1224 1674 1260 pulverem
1689 1225 1824 1253 aestivum

996 1277 1061 1297 eam
1077 1269 1250 1302 comminui,
1269 1271 1320 1297 ant
1335 1269 1363 1296 in
1381 1272 1480 1297 atoma
1496 1269 1614 1297 dissolvi
1625 1270 1690 1304 jure
1705 1270 1824 1298 dixeris.

995 1316 1085 1342 Porro
1102 1314 1166 1349 ejus
1183 1314 1341 1349 temperies
1355 1316 1415 1341 tam
1434 1314 1515 1342 mitis
1531 1316 1586 1349 est,
1603 1317 1634 1342 ut
1645 1314 1703 1342 veri
1728 1315 1825 1350 potius

995 1358 1040 1386 vel
1069 1358 1161 1386 aestati
1179 1358 1332 1386 convenire
1346 1358 1487 1386 videatur.
1503 1359 1623 1391 Quando
1639 1361 1736 1387 autem
1753 1360 1825 1388 forte

996 1402 1102 1431 hiemis
1118 1406 1214 1439 partes
1229 1411 1315 1439 agere
1330 1411 1431 1431 revera
1453 1405 1585 1438 conatur,
1612 1406 1683 1432 tunc
1711 1412 1825 1432 omnem

996 1448 1116 1475 modum
1132 1447 1256 1480 excedit,
1271 1456 1324 1475 nec
1339 1449 1455 1475 tantum
1472 1447 1600 1482 tristitia,
1614 1450 1646 1477 ut
1660 1448 1703 1476 ira
1717 1449 1825 1484 dicam,

997 1492 1124 1520 afﬁcitur
1138 1492 1256 1524 coelum,
1273 1491 1323 1520 sed
1340 1492 1428 1520 etiam
1449 1492 1591 1528 quidquid
1621 1492 1753 1520 humoris
1782 1495 1827 1521 est

997 1537 1074 1565 inter
1089 1537 1186 1572 ipsum
1202 1545 1234 1564 ac
1249 1539 1358 1564 terram
1374 1537 1508 1571 etl'undit,
1524 1536 1566 1565 ita
1594 1541 1625 1565 ut
1654 1537 1823 1565 universum

998 1582 1044 1610 vix
1060 1581 1161 1609 mundi
1178 1589 1284 1609 nomen
1302 1584 1458 1609 mereatur.
1469 1582 1543 1614 Quid
1560 1581 1639 1609 enim
1655 1582 1826 1610 universum

998 1626 1094 1654 adhuc
1111 1626 1240 1654 mundus
1256 1625 1515 1662 appellabitur,ubi
1531 1634 1649 1654 summa
1664 1627 1826 1655 immundi-

997 1671 1052 1699 ties
1069 1670 1332 1703 insolescit?Quin
1362 1672 1391 1698 et
1421 1679 1500 1698 mare
1528 1671 1625 1707 ipsum
1655 1671 1713 1699 vim
1741 1680 1826 1700 suam

998 1715 1142 1744 viviﬁcam
1172 1717 1200 1743 et
1233 1723 1302 1751 erga
1317 1715 1453 1743 homines
1467 1715 1624 1752 benignam
1640 1718 1709 1744 tunc
1739 1717 1829 1752 exuit,

997 1760 1085 1788 modo
1102 1760 1137 1788 ad
1153 1760 1257 1788 ecclum
1276 1759 1487 1793 intumescens,
1503 1761 1590 1788 modo
1606 1761 1642 1788 ad
1669 1763 1829 1790 extremam

998 1805 1096 1840 abyssi
1126 1804 1355 1841 profunditatem
1385 1804 1553 1839 dehiscens,
1584 1805 1624 1833 ita
1639 1807 1672 1833 ut
1683 1806 1734 1842 qui
1750 1806 1779 1834 in
1796 1815 1830 1835 eo

997 1849 1136 1886 navigant
1161 1849 1196 1877 ad
1227 1849 1335 1877 inferos
1365 1849 1483 1877 detrudi
1511 1851 1662 1886 putentur,
1690 1851 1830 1880 animalia

998 1897 1097 1922 autem
1120 1894 1246 1930 marina,
1262 1893 1382 1922 utilitati
1400 1897 1505 1922 nostrae
1519 1894 1718 1929 inservientia,
1735 1904 1829 1932 neque

998 1939 1126 1976 amplius
1144 1938 1233 1967 libere
1249 1939 1288 1967 ibi
1303 1939 1414 1967 versari
1432 1942 1553 1975 queant,
1581 1948 1677 1976 neque
1707 1940 1830 1970 latibula

996 1983 1126 2012 habeant
1140 1984 1188 2011 ubi
1207 1992 1308 2012 secure
1325 1984 1477 2012 recondita
1492 1984 1588 2012 vivere
1604 1985 1828 2021 possint.Terre

997 2030 1094 2056 autem
1112 2028 1169 2055 alia
1183 2028 1358 2064 inﬂiguntur
1380 2028 1467 2056 mala.
1498 2029 1619 2062 Quando
1648 2030 1726 2057 enim
1756 2029 1828 2058 talia

997 2073 1282 2106 eveniunt,homines
1292 2073 1394 2100 devita
1409 2081 1463 2100 sua
1477 2073 1736 2108 timent;animalia
1748 2073 1825 2102 idem

996 2125 1118 2152 prorsus
1148 2117 1290 2152 sentiunt,
1322 2125 1414 2152 quare
1441 2126 1494 2145 nec
1524 2118 1722 2153 quaerentibus
1738 2127 1826 2154 appa-

996 2164 1072 2196 rent,
1088 2161 1137 2189 sed
1154 2161 1190 2188 ab
1206 2161 1360 2188 hominum
1377 2163 1535 2198 conspectu
1565 2161 1623 2190 alia
1650 2162 1734 2190 aliter
1761 2171 1826 2191 sese

996 2206 1200 2238 abscondunt;
1216 2205 1323 2242 plantae
1339 2208 1436 2234 autem
1453 2208 1481 2234 et
1498 2214 1610 2243 magna:
1627 2209 1654 2234 et
1671 2207 1771 2234 medias
1797 2209 1826 2235 et

996 2259 1061 2286 quae
1077 2250 1111 2278 ad
1128 2252 1235 2278 terram
1250 2253 1382 2286 serpunt,
1399 2259 1450 2278 seu
1467 2251 1649 2287 naturaliter,
1666 2259 1716 2280 seu
1734 2252 1824 2280 artiﬁ-

997 2296 1085 2329 ciose,
1101 2303 1135 2323 ex
1151 2294 1229 2322 alma
1244 2297 1322 2323 terra
1337 2295 1477 2323 violenter
1492 2296 1667 2324 eVelluntur.
1687 2297 1826 2325 Mentitur

997 2340 1143 2368 interdum
1161 2339 1227 2367 talis
1243 2339 1336 2368 hiems
1355 2339 1516 2374 lenitatem,
1547 2341 1617 2368 dum
1650 2341 1761 2377 aliquid
1791 2342 1826 2370 de

996 2385 1091 2422 rigore
1121 2393 1174 2413 suo
1203 2384 1327 2412 remittit
1343 2393 1350 2412 ι
1368 2393 1466 2413 revera
1490 2388 1587 2413 autem
1605 2394 1656 2414 nco
1672 2386 1776 2422 frigus,
1793 2388 1826 2414 ut

997 2431 1088 2465 decet,
1123 2429 1279 2458 hibernum
1305 2432 1490 2466 attemperat,
1522 2439 1615 2467 neque
1650 2431 1725 2458 serio
1753 2431 1825 2468 agit,

996 2476 1114 2513 quando
1143 2476 1399 2504 mansuetudinem
1430 2475 1561 2504 simulat.
1579 2477 1729 2510 Quomodo
1745 2478 1824 2506 enim

997 2520 1256 2548 mansuetudinem
1272 2520 1379 2549 dixeris
1402 2521 1450 2548 ubi
1479 2521 1578 2549 omnia
1606 2522 1642 2550 ad
1672 2522 1824 2551 interitum

996 2567 1120 2602 vergunt
1131 2564 1142 2593 ?

1032 2620 1074 2648 47.
1092 2619 1224 2647 Eiemem
1240 2621 1337 2647 autem
1354 2619 1488 2647 acerbam
1517 2620 1631 2657 excepit
1650 2628 1699 2648 ver
1727 2620 1822 2655 dulce,

997 2665 1073 2700 quod
1104 2666 1201 2691 tamen
1220 2672 1319 2691 revera
1334 2663 1418 2691 dulce
1431 2673 1464 2692 ac
1480 2667 1666 2693 mansuetum
1683 2673 1741 2693 non
1757 2665 1823 2692 fuit.

995 2710 1068 2737 Cum
1083 2712 1161 2736 enim
1175 2711 1253 2736 terra
1277 2708 1399 2736 hiberno
1428 2712 1558 2746 tempore
1587 2710 1628 2738 ita
1656 2717 1825 2745 compressa

996 2754 1321 2789 constriclaqusjacuit,
1339 2757 1370 2781 ut
1380 2753 1416 2781 ad
1430 2754 1596 2789 plantarum
1609 2755 1823 2783 incrementum

995 2799 1069 2826 nihil
1086 2806 1207 2834 prorsus
1222 2798 1316 2826 facere
1330 2798 1468 2834 potuerit,
1497 2802 1567 2827 tunc
1592 2807 1663 2827 sane
1692 2806 1744 2826 nec
1773 2807 1824 2827 ver

995 2843 1115 2872 habebit
1130 2843 1209 2879 quod
1225 2842 1352 2876 nutriat;
1369 2843 1415 2871 sin
1426 2843 1556 2878 habebit,
1576 2842 1696 2872 omnino
1723 2843 1821 2872 debile
