2021 3176
222 168 278 197 551

611 162 823 196 EUSTA’I‘HII
849 163 1234 195 THESSALONICENSIS
1255 164 1549 197 METROPOLITAE

225 233 281 262 erit
295 234 382 269 atque
397 231 574 260 exsiccatum
590 230 662 258 etad
676 230 876 258 maturitatem
893 230 1049 266 perfectam

1109 227 1138 257 δέ
1164 240 1189 257 τι
1218 230 1262 258 καῖ
1291 231 1386 268 σχοίη,
1413 229 1477 258 ἀλλ’
1507 230 1601 269 ἰσχνὸν
1629 231 1693 259 αὐτὸ
1723 230 1772 259 καὶ
1805 231 1927 269 ὗπέρινον,

225 278 270 306 vix
285 279 451 305 venturum.
467 277 533 303 Jam
549 283 615 303 vero
632 275 700 303 licet
715 275 750 303 ad
769 275 896 302 fructum
912 274 1053 310 “denique

223 323 368 351 edendum
385 321 557 357 pervenerit,
575 319 618 347 vel
631 320 852 348 minutissimus
867 322 912 348 est
929 319 1052 353 fructus,

223 368 268 396 vel
283 366 412 395 medulla
427 368 515 400 caret,
533 367 618 400 atque
634 364 676 392 sic
692 373 773 401 spem
791 365 898 392 bonam
914 365 950 392 ab
979 364 1053 400 agri-

223 413 285 440 cola
314 413 482 445 conceptam
514 409 618 437 misere
649 409 744 443 fallit;
775 409 870 445 quid?
899 409 977 445 quod
995 408 1051 445 ipsi

223 457 339 493 zephyri
356 455 405 483 illo
420 457 552 491 tempore
568 455 716 490 spirantes
733 453 907 482 infirmitate
924 453 1052 490 quadam

223 502 322 530 labore
340 500 484 534 videntur,
515 499 692 536 impediente
722 499 886 535 quominus
916 507 1053 533 messem,

223 549 255 574 ut
270 546 362 579 decet,
380 544 581 573 corroborant.

261 591 301 618 18.
319 591 413 618 Estas
430 590 613 624 subsequens
630 588 827 624 agricolarum
861 596 966 616 manus
994 597 1055 616 ma-

222 635 331 671 nipulis
361 643 468 662 vacuas
498 633 648 669 relinquit,
666 633 813 669 siquidem
832 633 982 661 incassum
1000 635 1055 660 ter-

224 689 284 707 ram
303 678 445 714 calefacit,
462 678 505 705 vel
521 678 607 705 etiam
637 680 789 714 tantopere
818 678 916 706 adurit
945 680 978 705 ut
1005 676 1056 713 qni

222 733 286 753 eum
304 723 415 757 colunt,
441 723 567 750 tristitie
596 725 666 750 testu
685 725 907 751 consumantur.
924 723 1057 750 Succedit

224 770 352 804 denique
370 771 542 801 autumnus,
559 770 703 795 consuetas
730 767 959 804 pulchritudinis
984 767 1057 800 nihil

222 813 376 848 exhibens,
407 812 457 840 sed
487 812 576 840 levem
594 812 799 840 tantummodo
815 815 935 849 gustum
952 820 1057 848 sugge-

220 867 288 886 rens
303 866 336 886 ac
361 857 539 885 desiderium
562 857 702 885 excitans.
733 857 799 885 Abit
828 857 957 890 tandem,
987 865 1055 890 non,

230 905 264 931 ut.
278 903 307 930 in
324 902 438 930 Tantali
455 901 553 929 fabula
568 904 623 935 est,
633 910 749 929 sursum
767 901 871 929 elatus.
882 901 963 930 Illius
978 902 1056 929 enim

223 950 386 977 autumnus
400 947 429 974 in
446 946 537 974 altum
554 954 708 983 assurgere
724 946 967 983 conspiciebatur,
997 955 1049 974 no-

221 993 267 1021 bis
287 995 386 1020 autem
403 991 448 1019 vix
464 991 683 1028 imaginationis
698 991 860 1027 conceptio,
877 991 984 1019 nedum
1001 1000 1048 1019 as-

221 1039 324 1074 pectus
339 1035 517 1065 conceditur.
535 1036 786 1068 Quemadmodum
802 1037 900 1064 autem
928 1038 1047 1070 casteria,

222 1082 263 1111 sic
292 1081 379 1109 etiam
405 1089 527 1108 uvarum
545 1080 650 1108 messis
665 1080 773 1108 sterilis
789 1083 844 1114 est,
860 1081 931 1109 adeo
949 1083 979 1108 ut
995 1089 1048 1108 au-

220 1128 320 1155 dacter
336 1125 401 1161 quis
420 1125 525 1153 dixerit
540 1125 731 1153 vinicolarum
747 1125 892 1161 lacrymas
907 1127 936 1153 et
958 1125 1047 1154 musti

222 1173 319 1209 guttas
335 1171 497 1207 quantitate
513 1178 597 1206 pares
613 1178 686 1198 esse.
697 1172 836 1198 leerum
853 1169 912 1197 haec
928 1170 1047 1198 calami-

221 1219 267 1245 tas
283 1216 351 1244 boni
367 1216 437 1252 quid
455 1223 553 1243 secum
572 1215 637 1248 fert,
654 1214 799 1249 siquidem
817 1214 986 1242 hominibus
1010 1214 1049 1242 vi-

223 1260 351 1289 nolentia
380 1259 530 1289 ebrietatis
549 1259 771 1287 incitamentum
788 1259 892 1286 aufert.
910 1259 1047 1286 Attamen

223 1306 329 1334 melius
346 1305 426 1339 foret,
444 1305 468 1332 si
484 1304 585 1332 vinum
602 1304 637 1331 ad
653 1303 858 1332 exhilarandos
882 1304 1048 1332 sobriorum

223 1351 338 1379 animos
354 1349 525 1378 abundaret.

261 1440 302 1468 19.
320 1439 392 1472 Quid
405 1439 466 1474 jam
485 1438 519 1466 de
532 1437 626 1465 ventis
640 1436 733 1465 dicam
751 1437 800 1473 qui
816 1437 860 1465 vel
877 1445 978 1474 parum
1004 1437 1047 1465 vel

223 1484 295 1513 nihil
326 1493 343 1512 ε.
369 1483 550 1520 typhonibus
578 1481 783 1518 discreparunt
801 1481 815 1509 ?
843 1481 962 1510 Ειίιὶοεὶ
979 1484 1048 1510 sunt

222 1530 272 1558 isti
289 1529 377 1563 venti,
395 1528 473 1556 velut
487 1527 556 1555 mali
571 1527 703 1563 spiritus,
725 1527 761 1554 ad
778 1526 851 1554 nihil
879 1527 1047 1555 hominibus

222 1574 320 1608 utiles,
349 1574 419 1606 imo,
445 1573 470 1600 si
496 1571 692 1600 vertificaliter
720 1579 786 1600 cum
816 1572 867 1600 tali
891 1571 1000 1608 impetu
1017 1572 1045 1599 in

1106 274 1150 302 καὶ
1169 275 1228 302 οἷον
1246 275 1284 312 μὴ
1299 274 1534 313 τελεσφορηθῆναι
1559 275 1598 307 εἰς
1625 275 1737 314 ἀγαθόν.
1764 277 1831 304 "Ore
1846 275 1873 304 δὲ
1894 279 1929 305 καί

1108 318 1146 350 εἷς
1172 319 1252 350 τέλος
1279 318 1346 357 ἔλθῃ
1384 322 1432 346 τοῦ
1469 320 1686 356 καρπώσασθαιΙ
1715 319 1737 355 ἢ
1774 320 1928 352 λέτιτότατος

1109 361 1264 391 ἆπεκϐαίνιι
1291 365 1304 391 ὁ
1328 365 1441 402 καρπὸς,
1465 364 1483 399 ἢ
1505 365 1583 392 κεκὸν
1611 365 1683 401 μένει
1709 365 1746 392 τὸ
1773 365 1879 403 ἀγγεῖον
1898 367 1931 394 αὖ·

1108 410 1168 442 τοῦ,
1199 410 1296 446 ψεῦσαν
1321 409 1423 446 ἀγαθῆς
1450 409 1557 445 ἁπάσης
1587 408 1696 441 Ξλπίδος
1728 410 1778 437 τὸν
1809 411 1930 448 γεωργὸν,

1109 453 1146 484 ὡς
1176 451 1264 481 δοκεῖν
1289 453 1333 481 καὶ
1360 454 1424 485 τοὺς
1449 456 1598 489 τηνικαῦτα
1628 454 1765 494 ζεφύρους
1795 454 1929 490 ἐξασθενεῖν

1109 496 1306 529 ἀδυνατοῦντας
1321 497 1444 537 ἆδρύνειν
1457 499 1487 526 τὸ
1503 498 1595 534 λήϊον.

1148 587 1193 622 ιη’.
1210 587 1394 616 Ἀκολουθοῦν
1421 587 1451 616 δὲ
1473 587 1582 621 τούτοις
1605 589 1636 616 τὸ
1662 590 1745 627 Θέρος
1768 599 1848 620 κινας
1862 590 1932 629 ἀφίῃ.

1112 641 1137 658 σι
1162 629 1324 670 δραγμάτων
1346 632 1393 664 τὰς
1421 635 1516 671 χεῖρας
1534 636 1594 665 τοῖς
1617 637 1776 672 γεωργοῖς,
1805 634 1843 665 εἷς
1868 636 1931 662 κενὸν

1112 675 1271 714 διεκπυροῦν
1293 677 1327 704 τὰ
1355 681 1405 712 τῆς
1429 680 1489 716 γῆς,
1511 679 1583 716 τάχα
1608 677 1636 706 δὲ
1661 679 1706 706 καὶ
1729 677 1831 710 ἄλλως
1846 678 1882 710 εἷς
1895 690 1931 707 το-

1112 723 1207 749 σοῦτον
1237 720 1509 759 διεκθερμαῖνον,ὠς
1537 725 1590 760 πῦρ
1619 723 1737 751 ἐκκαίειν
1770 723 1863 759 λύπης
1886 727 1933 755 τοῖς

1112 767 1313 803 πονησαμένοις
1336 777 1397 805 περι
1421 767 1505 802 αὐτήν
1521 789 1528 796 .
1553 769 1666 796 Ἔπεται
1698 767 1728 796 δὶ
1757 768 1874 803 καθεξῆς
1898 768 1932 796 καὶ

1110 811 1144 838 τὰ
1164 815 1214 846 τῆς
1236 811 1357 849 ὀπώρας,
1383 811 1478 840 οῧκουν
1503 811 1585 848 καλὰ,
1610 813 1647 845 ὡς
1669 812 1703 841 τὰ
1727 812 1860 851 πρόσθεν,
1882 813 1932 840 ἀλλ’

1113 855 1150 887 εἰς
1177 856 1239 883 ὅσον
1270 856 1415 894 ἀπογεῦσαι
1445 858 1519 893 ἡμᾶς
1547 857 1592 885 κᾶὶ
1620 856 1739 895 ἐρεθίσαι
1767 858 1822 891 τὴν
1847 858 1930 895 ὄρεξιν.

1111 903 1165 928 Τοῦ
1192 900 1292 929 λοιποῦ
1315 901 1365 940 γὰρ
1389 901 1546 941 ἆφίπταται,
1571 901 1602 930 οὐ
1624 902 1851 940 μετεωριζομὲνη
1875 903 1930 930 κατὰ

1111 946 1156 973 τὸν
1186 945 1229 974 ἐπὶ
1258 945 1389 983 Ταντάλῳ
1421 947 1524 984 μῦθον.
1554 947 1586 975 ἹΙ
1624 947 1675 985 γὰρ
1709 947 1819 975 ἐκείνου
1848 947 1929 984 ὀπώρα

1104 987 1234 1018 ἰϐλὲπετο
1267 991 1335 1028 ὑψοῦ
1360 991 1493 1029 αἱρομένη
1511 1001 1518 1008 ⁸
1548 993 1617 1028 ἡμῖν
1646 990 1674 1019 δὲ
1703 990 1835 1028 οὐδαμοῦ
1862 991 1920 1019 ἐςτιν

1104 1033 1166 1063 οὐδὲ
1189 1035 1257 1063 κατᾶ
1282 1035 1368 1072 μόνην
1392 1038 1456 1074 γοῦν
1481 1036 1586 1074 ὅρασιν,
1600 1035 1641 1064 ὅτι
1668 1038 1706 1073 μὴ
1724 1035 1781 1075 ἄρα
1805 1035 1850 1063 καὶ
1864 1035 1921 1071 αὕτη

1104 1083 1289 1118 φανταστικῶς
1307 1103 1313 1108 .
1343 1079 1463 1119 Ἀδελφὰ
1501 1079 1529 1108 δὲ
1562 1084 1622 1113 ταῖς
1659 1079 1777 1112 λοιπαῖς
1811 1080 1920 1118 ὀπώραις

1104 1127 1241 1164 φρονοῦσα
1258 1124 1303 1152 καὶ
1331 1126 1348 1160 ἡ
1377 1125 1444 1152 κατὰ
1471 1126 1520 1160 τήν
1547 1125 1697 1165 σταφυλὴν,
1725 1125 1921 1163 ὀλιγοῦταικαὶ

1228 1170 1264 1201 ὡς
1292 1169 1432 1207 τολμῆσαί
1459 1181 1519 1198 τινα
1546 1170 1630 1198 εἷπεῖν
1664 1170 1873 1207 παρεξισοῦσθαι
1895 1170 1919 1197 τὸ

1103 1213 1144 1241 ἐπ’
1174 1214 1240 1251 αὐτῇ
1270 1213 1385 1251 δάκρυον
1411 1217 1469 1246 τοῖς
1496 1218 1630 1253 γεωργοῖς
1659 1217 1700 1251 τῷ
1724 1217 1777 1242 τοῦ
1801 1214 1919 1253 γλεύκους

1103 1169 1170 1204 αὐτή
1191 1193 1198 1204 ,

1103 1257 1283 1296 σταλάγματι.
1300 1259 1349 1286 Καὶ
1373 1259 1428 1287 ἔστι
1454 1259 1501 1296 μὶν
1525 1260 1556 1287 τὸ
1579 1262 1704 1288 τοιοῦτον
1728 1260 1817 1287 κακὸν
1839 1257 1919 1289 ἄλλως

1103 1302 1197 1330 καλόν·
1215 1302 1350 1341 ἑπιλείψοι
1366 1304 1417 1342 γὰρ
1441 1303 1471 1331 ἂν
1499 1304 1570 1332 οὕτω
1585 1304 1658 1343 τάχα
1680 1307 1741 1335 τοῖς
1768 1303 1919 1343 φιλοπόταις

1101 1348 1133 1375 τὸ
1148 1351 1197 1383 τῆς
1224 1348 1309 1385 μέθης
1334 1347 1505 1386 ἐμπύρευμα.
1521 1349 1571 1377 Ἦν
1598 1347 1626 1376 δὶ
1650 1348 1681 1376 ἂν
1705 1348 1787 1386 ὅμως
1803 1347 1916 1379 κάλλιον,

1103 1391 1126 1419 at
1141 1391 1308 1428 ἐπληθύνετο
1322 1392 1365 1420 ἐπὶ
1379 1392 1529 1432 εὐφροσύνῃ
1544 1394 1690 1432 σωφρόνων
1704 1392 1840 1432 καρδιῶν.

1140 1437 1181 1465 ιϐ’.
1197 1437 1230 1465 Τί
1249 1447 1295 1474 μοι
1319 1437 1442 1469 καὶτοὺς
1470 1437 1586 1475 ἀνέμους
1616 1437 1715 1476 λέγειν,
1742 1437 1770 1466 οἵ
1790 1447 1881 1475 μικρον
1903 1437 1917 1471 ἢ

1105 1480 1184 1509 οὐδὲν
1202 1480 1377 1520 διενηνόχασι
1402 1485 1456 1510 τῶν
1479 1485 1636 1521 τυφωνικῶν
1653 1492 1660 1517 ;
1676 1481 1811 1520 ⁸Ὀλεθροι
1835 1482 1915 1518 ἄνεμοι

1103 1526 1191 1561 οὗτοι,
1208 1527 1314 1564 πονηρὰ
1336 1526 1380 1554 καὶ
1401 1526 1478 1554 αὐτοὶ
1500 1527 1650 1565 πνεύματα,
1673 1528 1832 1566 ἀνθρώποις
1856 1526 1916 1564 χρή-

1103 1582 1178 1608 σιμοι
1205 1571 1244 1602 εἷς
1271 1569 1359 1606 οὐδὲν,
1383 1571 1504 1608 ἥρπαζον
1535 1571 1565 1599 ἃν
1593 1572 1638 1600 καὶ
1663 1572 1739 1599 αὗτοι
1770 1571 1916 1610 ἀνθρώπους

221 1622 328 1647 terram
344 1617 492 1651 irruerint,
509 1617 573 1644 sine
599 1616 686 1644 dubio
715 1616 850 1645 homines
878 1619 906 1644 et
933 1616 1046 1653 reliqua

1108 1615 1145 1644 ιαὶ
1175 1615 1259 1644 λοιπὰ
1289 1618 1344 1650 ζῶα
1371 1616 1416 1643 καὶ
1445 1616 1570 1653 σώματα,
1599 1616 1623 1644 εἴ
1643 1627 1694 1654 περ
1718 1618 1867 1649 καθετικῶς
1885 1614 1916 1644 εἷς

223 1663 384 1692 animantia
412 1664 440 1689 et
469 1669 590 1697 corpora
605 1661 761 1688 auferrent.
778 1661 862 1688 Nunc
877 1669 953 1696 vero,
970 1663 1048 1688 recta

222 1710 407 1746 proruentes,
421 1706 508 1734 etiam
525 1705 566 1733 sic
579 1705 693 1733 obviam
710 1705 794 1734 factis
810 1705 967 1742 perniciem
984 1705 1049 1733 alre-

227 1756 305 1782 runt.

258 1808 303 1835 20.
320 1805 407 1842 Aliud
425 1804 536 1832 malum
552 1806 622 1832 sunt
636 1804 794 1840 grandines
823 1804 962 1832 omnibus
990 1806 1047 1831 ter-

223 1862 260 1880 rae
277 1851 411 1887 frugibus
427 1857 567 1885 perquam
584 1848 714 1876 hostiles.
732 1849 813 1881 Quod
829 1849 906 1876 enim
924 1849 952 1876 in
974 1849 1049 1877 vites

222 1905 288 1924 cum
305 1896 417 1930 impetu
433 1893 569 1922 decidant
584 1901 691 1928 easque
707 1893 783 1920 male
798 1893 937 1927 afﬁciant,
969 1894 1046 1929 quod

222 1941 360 1968 arborum
391 1937 534 1966 fructibus
566 1937 720 1965 illidantur
748 1946 855 1973 eosque
884 1940 1046 1973 conterant,

222 1985 299 2020 quod
325 1983 449 2020 denique
479 1991 589 2010 messes
611 1982 773 2015 destruant,
789 1982 837 2010 vix
853 1983 962 2010 bonum
976 1983 1046 2019 quid

222 2029 342 2058 dixeris.
358 2028 432 2062 Quid
443 2030 454 2056 Ρ
467 2028 544 2064 quod
560 2027 648 2055 etiam
664 2027 694 2054 in
712 2027 798 2055 fortia
813 2027 952 2056 animalia
965 2030 1048 2056 tanta

221 2082 289 2102 cum
305 2073 331 2101 vi
346 2073 496 2106 decidunt,
514 2073 545 2099 ut
561 2071 608 2098 illa
627 2070 762 2098 sauciata
791 2074 946 2105 corruant;
977 2072 1047 2107 quin

222 2121 250 2146 et
262 2149 265 2151 γ
278 2118 412 2146 homines
440 2116 521 2153 ipsos
536 2123 750 2151 nonnunquam
766 2115 905 2143 violenter
920 2119 1046 2151 proster-

221 2165 305 2192 nunt

254 2217 299 2245 24.
317 2216 399 2244 Unde
413 2216 509 2243 autem
527 2213 586 2241 haec
601 2212 700 2240 omnia
715 2213 800 2241 nobis
816 2213 943 2249 obtigere
959 2214 1016 2242 nisi
1032 2223 1048 2242 e

221 2262 349 2298 peccatis
364 2259 500 2289 nostris?
516 2259 615 2294 Neque
629 2258 705 2286 enim
737 2266 836 2286 eorum
869 2267 933 2294 quae
962 2259 1047 2287 nobis

1103 1663 1154 1699 γῆν
1183 1662 1418 1696 κατασκήπτοντες
1448 1661 1600 1689 ἀνεκλῶντο
1617 1682 1623 1689 .
1652 1662 1704 1689 Νὖν
1735 1660 1767 1689 δὲ
1796 1659 1858 1689 ἀλλ’
1881 1659 1914 1686 εὖ·

1103 1706 1278 1742 θυωροῦντες,
1308 1705 1352 1733 καὶ
1383 1705 1469 1737 οὕτως
1496 1706 1713 1743 ἔντινασσόμινοι
1730 1729 1737 1741 ,
1768 1705 1813 1734 ἐπὶ
1839 1715 1916 1732 πανω-

1103 1749 1198 1788 λεθρίᾳ
1212 1751 1459 1786 κατασκήπτουσιν,
1476 1751 1516 1781 οῖς
1529 1749 1559 1778 ἂν
1576 1748 1781 1789 προσϐάλωσιν.

1138 1804 1170 1831 κ’.
1189 1803 1221 1831 Δί
1238 1802 1266 1831 δὶ
1289 1803 1409 1842 χάλαζαι
1432 1804 1515 1832 κακὸν
1529 1803 1600 1831 ἄλλο
1620 1808 1665 1831 καί
1690 1804 1769 1831 αὐταὶ
1795 1802 1916 1839 πολέμιον

1102 1850 1136 1886 τῇ
1152 1848 1213 1885 περὶ
1235 1851 1285 1886 γῆν
1307 1849 1395 1886 ἁπάσῃ
1420 1848 1539 1888 ὲκφύσει.
1565 1849 1614 1877 Καὶ
1639 1848 1777 1885 ἀμπέλοις
1805 1848 1851 1886 μὶν
1874 1845 1913 1873 αὖ·

1101 1894 1148 1924 τὰς
1166 1893 1370 1931 ἐπαράσσεσθαι,
1397 1894 1441 1920 καὶ
1473 1892 1546 1921 δεινὰ
1573 1895 1632 1921 κατ’
1656 1893 1742 1921 αὐτῶν
1767 1895 1863 1927 ποιεῖν,
1877 1890 1914 1917 και

1101 1939 1299 1972 κατασκήπτειν
1334 1940 1450 1975 καρποῖς
1488 1936 1606 1976 δένδρων
1634 1961 1642 1971 ,
1672 1938 1717 1966 καὶ
1757 1932 1913 1974 κατατρίϐειν

1102 1982 1179 2017 αὐτὰ,
1204 1981 1248 2009 καὶ
1273 1982 1401 2020 ἀχρειοῦν
1423 1982 1492 2018 λήΐα
1512 1985 1547 2020 τῇ
1572 1982 1730 2017 ἐπιπτώσει,
1751 1982 1802 2010 οὐκ
1826 1981 1853 2008 ἃν
1879 1978 1912 2006 δι-

1101 2026 1165 2062 κοίη
1181 2026 1249 2054 πάνυ
1264 2026 1384 2064 γενναῖόν
1411 2038 1438 2054 τι
1463 2027 1545 2055 κακὸν
1574 2027 1730 2066 τυγχάνειν·
1747 2028 1776 2054 αἱ
1803 2025 1831 2054 δὲ
1852 2022 1913 2052 ἀλλά

1101 2071 1146 2098 καὶ
1184 2071 1252 2098 κατὰ
1289 2071 1366 2106 ζώων
1406 2069 1603 2110 σφενδονῶνται
1638 2071 1726 2110 ἁδρῶν
1744 2093 1751 2107 ,
1781 2072 1824 2099 καὶ
1858 2067 1913 2096 αὐτὶ

1104 2115 1239 2154 βληθέντα
1266 2115 1414 2144 πίπτουσι·
1440 2114 1642 2144 καταϐάλλουσι
1671 2115 1700 2144 δέ
1727 2127 1782 2144 που
1810 2114 1851 2143 καὶ
1874 2113 1911 2140 ἄν·

1103 2161 1230 2198 θρώπους
1243 2160 1446 2200 ἐπιφερόμεναι.

1137 2215 1189 2243 κα’.
1205 2213 1288 2246 Πόθεν
1312 2213 1344 2249 δὴ
1367 2216 1452 2242 ταῦτα
1475 2214 1562 2242 πάντα
1584 2215 1666 2252 ἡμῖν,
1690 2214 1708 2249 ἢ
1735 2214 1764 2242 ἐκ
1784 2215 1836 2242 τῶν
1854 2212 1909 2247 ἠμε-

1101 2258 1186 2296 τέρων
1208 2259 1347 2295 ἁμαρτιῶν
1365 2269 1372 2293 ;
1389 2259 1428 2287 Οὐ
1453 2257 1587 2294 δήπουθεν
1612 2259 1664 2297 γὰρ
1690 2257 1752 2286 οὕτε
1778 2253 1909 2296 μεταμίμέ-

222 2307 426 2338 intulit.Deum
444 2312 574 2340 unquam
589 2303 719 2339 paenitet,
731 2311 825 2338 neque
841 2303 981 2331 beneﬁcia
996 2312 1047 2331 no-

1108 2303 1184 2339 ληται
1212 2304 1226 2330 ὁ
1255 2302 1331 2337 Θειὶς,
1359 2303 1399 2341 ἐφ’
1424 2305 1465 2334 οἷς
1490 2305 1563 2340 ἡμᾶς
1584 2305 1761 2342 παρήγαγεν,
1787 2301 1844 2331 οὐόὶ
1864 2299 1908 2336 μὴν

223 2352 268 2378 bis
282 2350 412 2378 conferre
428 2347 622 2376 obliviscitur.
638 2346 812 2374 Existimare
840 2349 938 2374 autem
970 2348 1048 2383 quod

220 2395 433 2423 elementorum
463 2399 611 2420 connexus
639 2391 813 2418 immutatus
830 2391 878 2424 sit,
901 2394 929 2419 et
945 2394 1050 2420 natura

222 2439 302 2466 velut
317 2438 399 2465 senis.
420 2437 555 2464 hebetata
570 2435 628 2470 iam
644 2434 756 2461 viribus
770 2437 876 2468 careat,
890 2435 1048 2464 ridiculum

223 2485 307 2512 foret.
324 2483 388 2510 Jam
406 2479 615 2509 demonstratio
631 2480 694 2514 ejus
710 2479 787 2514 quod
804 2479 942 2514 diximus,
960 2489 1049 2517 prope

222 2529 314 2562 adest,
332 2529 363 2554 ut
380 2534 473 2562 neque
489 2524 608 2553 remotis
621 2524 822 2557 immorantes,
840 2532 933 2560 neque
951 2525 1047 2553 aliun-

224 2574 259 2601 de
275 2573 450 2609 argumenta
465 2570 672 2605 conquirentes
688 2576 825 2604 magnam
842 2577 961 2605 operam
991 2571 1049 2597 im-

222 2618 349 2655 pendere
359 2624 433 2652 opus
444 2615 616 2642 habeamus.
624 2613 815 2640 Consevimus
828 2614 962 2642 nonnulli
973 2623 1048 2643 anno

220 2654 406 2701 praeterlapso
418 2660 465 2687 hic
477 2662 506 2687 et
516 2654 576 2685 ill'ic
587 2666 690 2694 agrum
703 2660 735 2685 ut
747 2658 861 2686 telluris
872 2659 1051 2695 experimen-

221 2711 286 2737 tum
310 2708 484 2735 faceremus.
514 2703 549 2730 Et
577 2702 654 2730 alius
677 2702 796 2737 quidem
825 2711 895 2739 ager
923 2704 1051 2732 reddidit

223 2754 395 2781 consuetum
412 2750 585 2785 proventum
605 2749 634 2774 et
661 2746 773 2782 aliquid
802 2747 942 2784 insuper;
974 2749 1050 2778 alius

224 2798 322 2833 fruges
346 2792 525 2831 duplicavit;
555 2791 659 2819 tertius
679 2790 745 2826 plus
760 2791 848 2827 dedit,
866 2800 961 2828 neque
976 2793 1049 2821 sim-

224 2841 350 2878 pliciter,
362 2839 412 2868 sed
430 2837 554 2866 nimium
571 2838 714 2872 quantum
729 2835 861 2872 protulit.
875 2836 945 2865 Mihi
961 2838 1051 2875 igitur

1105 2347 1242 2383 ἐξελάθετο
1265 2350 1314 2375 τοῦ
1338 2347 1496 2385 εὐεργετεῖν,
1517 2347 1617 2376 Γελοῖα
1641 2347 1670 2376 δὲ
1692 2347 1736 2376 καὶ
1752 2348 1784 2375 τὸ
1809 2344 1908 2376 ὑπονοῆ-

1104 2403 1159 2427 σαι,
1175 2392 1211 2423 ὡς
1227 2393 1241 2419 ὁ
1265 2393 1436 2430 στοιχειακὸς
1460 2393 1555 2430 εἱρμὸς
1581 2392 1759 2429 ἐνήλλακται,
1779 2389 1909 2422 ἀτονοῦαηξ

1103 2441 1153 2472 τῆς
1182 2436 1287 2476 φύσεως
1313 2436 1350 2467 ὡς
1381 2437 1438 2464 οἷον
1463 2437 1655 2475 γεγηρακυιῖας,
1681 2437 1732 2466 Καὶ
1763 2437 1795 2464 τὸ
1827 2434 1909 2471 δεῖγμι

1103 2483 1151 2508 τοῦ
1181 2481 1267 2518 λόγου
1296 2480 1399 2519 ἐγγὺς,
1426 2480 1470 2508 ἵνα
1501 2482 1538 2518 μὴ
1564 2481 1840 2520 πραγματευοίμιιθα,
1862 2478 1909 2506 τοῖς

1104 2525 1199 2564 πόῤῥω
1228 2523 1442 2563 ἐνδιατρίϐοντες
1459 2549 1465 2561 ,
1495 2527 1512 2561 ἢ
1539 2527 1585 2554 καὶ
1614 2526 1708 2558 ἄλλως
1731 2523 1908 2554 ἀποδεικτικῶς

1103 2569 1293 2606 πονούμενοι.
1321 2570 1498 2608 Ἑσπείραμέν
1538 2581 1608 2602 τινες
1636 2572 1746 2609 πέρυσιν
1789 2569 1840 2598 ὦδέ
1868 2575 1910 2594 που

1103 2615 1148 2643 καὶ
1164 2614 1229 2650 ὧδε,
1259 2615 1432 2653 πειράζοντες
1459 2615 1531 2643 οὕτω
1549 2617 1598 2651 τὴν
1621 2619 1683 2653 γῆν.
1705 2616 1737 2644 Ἡ
1757 2614 1786 2642 δὲ
1805 2614 1855 2642 ἐκιῐ
1871 2609 1907 2647 μὲν

1105 2659 1261 2688 ἀποδέδωκε
1280 2660 1310 2687 τὸ
1338 2660 1463 2697 ἀρχαῖον,
1484 2660 1530 2687 καὶ
1548 2661 1575 2687 τὶ
1594 2660 1672 2698 πρός·
1694 2659 1804 2697 ἑτέρωθι
1831 2657 1856 2685 δὲ
1879 2653 1908 2698 εἷς

1105 2703 1248 2732 διπλάσιον
1279 2704 1418 2742 παρέτεινε
1445 2705 1490 2732 τὸν
1521 2697 1636 2742 καρπὸν,
1667 2703 1793 2742 ἀλλαχοῦ
1825 2702 1850 2730 δὲ
1873 2697 1908 2726 καὶ

1105 2749 1143 2780 εἷς
1164 2749 1259 2776 πλεῖον
1286 2747 1514 2787 ἐφιλοτιμήσατο,
1534 2749 1578 2776 καὶ
1600 2749 1653 2786 οὐχ
1672 2747 1779 2784 ἁπλῶς,
1799 2745 1864 2774 ἀλλὰ
1879 2741 1908 2770 εἷς

1104 2794 1176 2821 πολὺ
1195 2793 1289 2821 πλέον.
1311 2793 1420 2831 Ἔμοιγ⁷
1440 2794 1486 2820 οὖν
1504 2792 1600 2831 γήδιόν
1621 2804 1646 2821 τι
1678 2792 1766 2831 βραχὺ
1789 2791 1906 2831 μεδίμνωγ

1104 2840 1186 2876 τριῶν
1214 2836 1399 2866 ἀνταπέδωκεν
1427 2837 1466 2870 εἷς
1494 2839 1622 2876 ἐξήκοντα
1650 2839 1708 2870 ἑνὸς
1737 2836 1848 2867 δέοντος.
1865 2830 1907 2862 Καἰ
