2021 3176
114 175 178 205 553

607 172 758 204 ORATIO
778 172 886 202 ANNO
907 170 1156 202 AUSPICANDO
1179 171 1334 202 HABITA.

1764 174 1824 204 554

114 241 214 277 ἦνκαὶ
237 241 255 276 ἢ
284 243 318 279 γῆ
350 239 439 275 ἐκείνη
465 238 710 276 καταπεπονημίνη
742 239 854 277 συχνοῖς
881 237 945 276 ἆρό-

1010 247 1109 275 parvus
1137 247 1206 276 ager
1227 239 1317 267 trium
1349 239 1513 268 modiorum
1536 239 1670 268 retribuit
1694 241 1826 277 sexagies

115 296 194 324 τροις
221 285 266 313 καὶ
295 287 489 323 κατασποραῖς”
508 285 540 312 οὐ
572 285 626 321 μὴν
653 283 800 320 ἀκάματος.
817 282 872 310 Οὐκ
898 281 949 319 ἄρα

111 332 134 366 ἡ
154 330 214 358 καθ’
237 331 312 366 ἡμᾶς
330 331 366 368 γῆ
393 328 437 357 διὰ
459 331 554 367 γῆρας
584 329 790 366 ἇπεστείρωται,
812 327 830 362 ἢ
854 326 947 359 ἄλλως

111 376 288 413 πεπήρωται,
305 373 377 402 ἀλλὰ
391 376 485 412 γεννᾷν
507 371 614 411 ἔχουσα
633 373 677 401 καὶ
701 372 772 400 καλά
791 371 835 399 καὶ
855 370 949 399 πολλὰ

112 420 283 458 γεννήματα,
305 418 416 456 στερίφη
438 419 594 446 καθίσταται
620 416 664 445 διὰ
688 417 719 445 τὸ
749 417 774 444 ἐν
804 418 871 453 ἡμῖν
902 427 948 444 πε-

114 465 279 503 ριπόνηρον.
309 464 347 493 Οὐ
371 465 610 502 καρπογονοῦμεν,
635 461 708 490 ἀλλὰ
747 462 946 500 ἀκανθοφοροῦ-

116 519 181 546 μεν.
202 508 259 538 Οὐκ
280 508 462 546 ἀνασχίζομεν
490 508 540 542 τὴν
560 507 652 545 ψυχὴν
681 504 860 541 συνειδήσεων
885 505 948 542 ἀρό-

113 564 205 592 τροις,
230 551 291 581 οὕτε
324 551 363 584 εἴς
391 563 417 580 τι
449 552 541 590 βάθος,
566 551 630 579 ἀλλ’
658 549 722 578 οὐδὲ
747 549 772 586 ἐξ
799 549 945 584 ἐπιπολῆς.

115 599 182 628 Πῶν
213 597 270 633 οὖν,
300 596 327 625 εἷ’
351 608 376 625 τι
408 597 453 625 καὶ
480 595 642 635 σπεροῦμεν,
672 596 832 631 σαπήσεται,
862 594 899 625 ὡς
927 594 944 628 ἡ

115 643 198 681 φύσις
229 641 285 670 οἶδε
312 643 408 678 σήπειν
436 642 470 670 τὰ
505 641 625 680 ζωογόνα
651 639 801 677 σπὲρματα,
817 638 863 666 καὶ
883 639 947 666 ἀνα-

116 688 248 724 θηλήσει,
274 687 319 715 καὶ
355 687 458 725 καρπὸν
498 686 647 725 πρυενέγκῃ
675 684 767 722 ἁδρὸν,
798 683 832 711 δι’
862 683 944 720 οὗπερ

114 731 175 761 ἔστι
203 732 364 772 τρέφεσθαι;
392 730 583 768 Συστὲλλομεν
626 731 708 767 ἡμεῖς
742 729 776 756 τὰ
810 728 850 767 ἆφ¹
879 729 945 764 ἡμῖν

114 778 219 816 ἀγαθὰ,
243 777 288 805 καὶ
310 776 477 814 ἀποκρύπτει
505 776 550 803 καὶ
589 776 607 810 ἡ
632 776 667 813 γῆ
694 774 727 801 τὰ
756 772 822 801 ἴδια.
846 772 945 807 Παίζο-

117 833 180 859 μεν¹
196 822 236 862 ἐφ’
253 822 293 849 οἷς
309 821 340 849 οὐ
361 822 428 860 χρὴ,
445 820 490 848 καὶ
518 820 660 858 πάσχομεν
696 817 779 854 δεινὰ,
806 816 867 862 οῦκ,
884 817 944 844 ἀντ-

114 860 268 903 άξιαμὶν,
306 866 346 905 ἐφ’
375 866 524 893 ὁποσονοῦν
552 863 580 892 δὲ
607 863 694 900 ὅμως.
720 863 756 890 Οὐ
785 860 944 899 προσδοκῶ-

116 922 180 949 μεν,
205 910 267 939 ἔνθα
301 911 359 948 χρὴ
383 908 546 962 προσδοκᾷν.
575 907 682 963 Οῗκοῦν
718 906 783 963 οὐδὲ
813 907 943 963 ἡὶτροιρή
962 930 986 963 Β

113 955 224 984 δίδοται
253 957 320 992 ἡμῖν
357 954 397 986 εἰς
435 953 570 992 εὔκαιρον.
598 953 725 990 ’Ἠνοιγεν
759 952 772 979 ὁ
802 951 865 982 Θεὸς
896 951 947 985 τὴν

112 1003 203 1040 χεῖρα
230 1000 324 1034 αὐτοῦ,
341 999 387 1026 καὶ
415 998 449 1033 ἦν
476 997 624 1035 ἰμπιπλῶν
652 999 704 1024 πᾶν
729 998 797 1031 ζῶον
813 995 948 1026 εὐδοκίας.

112 1048 176 1074 Νῦν
203 1043 232 1072 St
261 1044 422 1082 εὖχοίμεθα,
449 1044 485 1079 μή
518 1053 596 1077 ποτε,
625 1041 841 1080 ἀποστρεφοίτος
868 1040 950 1067 αὑτοῦ

109 1090 153 1118 ’τό
185 1089 344 1127 πρόσωπον,
375 1087 565 1123 δικαιωθῶμεν
604 1086 709 1119 παθεῖν,
748 1085 798 1112 ὅσα
833 1085 872 1122 μὴ
916 1083 951 1111 δι’

121 1134 215 1171 εὐχῆς
242 1134 322 1170 ἡμῖν.
347 1131 473 1160 Φαίνεται
509 1132 631 1169 συνέχειν
656 1132 724 1166 ἡμῖν
754 1130 768 1157 ὁ
797 1129 862 1161 Θεὸς
888 1129 951 1160 τοὺς

124 1177 289 1215 οἴκτιρμοὺς
319 1176 401 1205 αὐτοῦ
430 1176 457 1204 ἐν
486 1176 557 1215 ἀργῇ
584 1175 674 1203 αὐτοῦ·
691 1174 735 1202 καὶ
759 1173 800 1206 τίς
828 1175 846 1209 ἡ
880 1174 950 1212 ὀργὴ

126 1221 211 1250 αὐτοῦ
224 1223 230 1250 ι

162 1311 214 1349 κβ’,
240 1309 354 1350 Ἀφίημι
385 1308 509 1341 ἑκάστοις
537 1306 696 1344 ἐννοεῖσθαι,
725 1307 770 1334 καὶ
799 1307 952 1344 ἀνερευνᾷν,

123 1355 172 1384 καὶ
191 1354 431 1392 πολυπραγμονεῖν
459 1352 526 1390 μετὰ
546 1351 735 1383 συνέσεωςρΕΐ
763 1350 792 1379 δέ
823 1361 864 1382 τις
892 1351 953 1378 ἑαυ-

123 1400 172 1428 τὸν
199 1398 367 1427 δικαιοῦσθαι
387 1396 487 1426 ἐθέλων
515 1395 588 1425 εἷ’ποι
615 1395 700 1434 μηδὲν
729 1394 827 1424 εἰδέναι
855 1398 953 1432 ποιεῖν,

124 1443 162 1472 δι’
186 1443 268 1481 οὗπερ
297 1443 491 1481 παροργίζεται
517 1441 531 1469 ὁ
554 1441 628 1475 Θεὸς,
652 1439 811 1479 παρελθέτω
838 1440 876 1471 εἷς
907 1440 954 1476 μὲ-

124 1500 185 1517 σον.
212 1489 264 1518 Καὶ
300 1487 355 1525 ιγὼ
386 1487 446 1524 μὶν,
470 1486 514 1514 ἐὰν
545 1485 617 1513 οὕτω
643 1485 728 1523 τύχῃ,
758 1485 808 1513 οὐκ
833 1484 861 1512 ἂν
893 1483 956 1512 οὔτε

125 1533 229 1569 εἰδείην
260 1533 306 1562 τὸν
350 1531 504 1570 ἄνθρωπον,
533 1529 596 1558 οὕτε
631 1530 803 1568 γινώσκοιμι,
836 1530 862 1557 τί
889 1539 956 1556 ποτε

126 1578 221 1607 πταίει
247 1577 340 1608 αὐτός·
356 1576 492 1604 πτοείσθω
521 1574 550 1602 δὲ
576 1575 688 1609 ικεῖνος,
707 1576 744 1611 μή
771 1574 837 1602 ποτε
859 1585 902 1604 τις
917 1573 956 1601 εἴ·

1004 284 1102 312 minus
1117 292 1187 311 uno.
1204 284 1272 312 Erat
1288 285 1385 311 autem
1401 292 1471 320 ager
1486 283 1535 312 ille
1550 284 1692 320 frequenti
1718 286 1827 314 oratio-

1003 337 1040 356 ne
1068 330 1248 364 praeparatus
1276 330 1305 356 et
1333 329 1406 356 bene
1428 329 1601 362 seminatus,
1619 331 1752 362 quamvis
1768 339 1826 359 non

1003 373 1177 401 indefessus.
1194 373 1379 409 Haudigitur
1397 375 1540 401 vetustate
1559 374 1667 402 sterilis
1692 375 1768 403 facta
1783 377 1828 404 est

1002 419 1080 445 terra
1097 420 1196 446 nostra
1218 420 1269 446 aut
1284 417 1341 446 alio
1365 418 1451 446 modo
1467 418 1626 454 inﬁrmata,
1651 420 1702 447 sed
1715 428 1781 448 cum
1798 422 1827 448 et

1002 462 1140 498 pulchros
1165 465 1194 490 et
1218 462 1327 491 multos
1356 463 1469 491 fructus
1499 463 1628 499 proferre
1655 464 1758 498 valeat,
1775 473 1827 500 per

1002 509 1132 534 nostram
1158 506 1301 535 malitiam
1331 507 1367 535 ad
1387 506 1569 536 sterilitatem
1599 508 1752 546 redigitur.
1768 509 1826 538 Nos

1002 559 1059 578 non
1072 551 1249 585 fructus,sed
1262 552 1363 589 spinas
1373 553 1661 589 proferimus.Neque
1672 554 1827 590 profunde,

1001 603 1096 631 neque
1104 597 1328 632 superﬁcialiter
1338 597 1523 626 conscientiae
1531 601 1626 626 aratro
1634 598 1764 626 animam
1776 599 1830 626 tin-

1001 640 1108 668 dimus.
1125 641 1274 672 Quomodo
1293 641 1393 677 igitur,
1411 641 1526 670 etiamsi
1543 643 1613 678 quid
1640 643 1830 671 seminaveri-

1001 686 1492 721 mus,putrescet,quemadmodum
1500 687 1638 714 naturain
1647 688 1830 723 putredinem

1001 729 1080 758 abire
1096 730 1164 757 facit
1180 730 1303 764 semina,
1319 733 1347 758 et
1368 731 1529 759 efﬂorescet
1544 733 1572 759 et
1587 734 1689 768 aptum
1707 732 1831 768 proferet

1001 774 1126 802 fructum
1139 783 1195 810 quo
1209 775 1295 802 homo
1307 775 1412 802 nutriri
1424 776 1533 810 possit?
1543 776 1761 805 Abscondimus
1776 784 1831 805 nos

1001 821 1101 846 nostra
1115 820 1202 853 bona,
1218 822 1246 847 et
1261 828 1314 847 sua
1329 828 1445 856 quoque
1461 822 1540 848 terra
1556 821 1720 848 abscondit.
1736 821 1826 849 Ludi-

1001 872 1067 891 mus
1083 864 1113 891 in
1137 864 1245 900 quibus
1269 873 1326 892 non
1352 865 1444 899 decet,
1460 867 1489 892 et
1515 865 1591 893 mala
1616 865 1756 901 patimur,
1771 874 1830 894 non

1001 915 1130 944 congrua
1144 909 1274 944 quidem,
1292 909 1342 936 sed
1357 913 1453 936 lamen
1473 909 1572 945 aliquo
1589 910 1686 937 modo.
1702 910 1765 938 Non
1781 918 1832 938 ex-

1004 955 1184 988 spectamus,
1210 953 1261 980 ubi
1282 955 1396 988 oportet
1419 956 1597 988 exspectare.
1623 954 1724 990 Itaque
1748 955 1832 982 nobis

1005 1005 1058 1024 nec
1074 997 1247 1025 alimentum
1263 1000 1428 1033 opportuno
1454 1000 1585 1033 tempore
1600 998 1696 1026 datur.
1715 999 1834 1035 Aperuit

1005 1043 1082 1069 Deus
1091 1049 1212 1069 manum
1224 1049 1308 1069 suam
1316 1041 1453 1070 utomnia
1463 1042 1624 1070 animantia
1632 1043 1834 1071 benedictione

1006 1085 1150 1122 impleret.
1167 1086 1250 1114 Nunc
1265 1088 1363 1114 autem
1388 1094 1548 1122 precemur,
1565 1095 1602 1114 ne
1617 1095 1760 1123 unquam,
1775 1088 1833 1116 Deo

1007 1130 1119 1159 vultum
1135 1139 1223 1159 suum
1236 1133 1395 1167 avertente,
1407 1131 1442 1159 ad
1457 1139 1491 1159 ea
1506 1131 1643 1167 patienda
1658 1132 1835 1160 condemne-

1007 1183 1083 1209 mur,
1113 1183 1178 1210 quaa
1204 1183 1262 1203 non
1288 1176 1324 1203 ab
1347 1183 1381 1203 eo
1407 1175 1572 1211 petivimus.
1604 1176 1835 1205 Misericordiam

1007 1227 1092 1248 suam
1117 1221 1193 1248 Deus
1208 1219 1344 1248 cohibere
1358 1220 1474 1248 videtur
1499 1220 1529 1248 in
1545 1220 1589 1249 ira
1604 1229 1676 1255 sua;
1693 1223 1722 1249 et
1740 1221 1836 1257 qualis

1007 1264 1068 1292 haec
1083 1264 1127 1292 ira
1140 1263 1146 1291 ι

1042 1309 1088 1336 22.
1105 1307 1213 1336 Omitto
1237 1307 1355 1344 singula
1379 1309 1547 1338 examinare
1563 1311 1591 1337 et
1616 1309 1792 1347 investigare
1808 1312 1838 1339 et

1009 1352 1123 1381 curiose
1138 1353 1359 1388 perscrutari.Si
1374 1353 1440 1389 quis
1455 1356 1553 1382 autem
1570 1357 1664 1382 semet
1675 1355 1774 1391 ipsum
1786 1356 1836 1391 ju-

1009 1397 1138 1425 stiﬁcare
1151 1397 1252 1425 volens
1276 1397 1391 1433 dixerit,
1408 1406 1438 1426 se
1455 1398 1527 1426 nihil
1553 1399 1646 1427 facere
1671 1400 1746 1428 scire
1770 1400 1836 1435 qui-

1008 1442 1065 1469 bus
1081 1444 1156 1469 Deus
1171 1441 1207 1469 ad
1223 1442 1297 1470 iram
1313 1446 1495 1477 provocatur,
1511 1443 1541 1470 in
1558 1443 1687 1471 medium
1704 1444 1834 1480 prodeat.

1010 1487 1090 1519 Quod
1106 1486 1131 1514 si
1147 1494 1247 1515 revera
1260 1486 1420 1522 contingat,
1438 1495 1491 1522 ego
1508 1488 1626 1524 quidem
1644 1488 1768 1516 fortasse
1784 1496 1836 1516 nec

1010 1530 1160 1558 hominem
1174 1530 1264 1558 istum
1281 1530 1347 1558 novi
1364 1539 1458 1567 neque
1474 1531 1544 1565 scio,
1562 1532 1586 1559 si
1603 1540 1661 1568 qua
1676 1533 1705 1560 in
1722 1540 1752 1560 re
1768 1541 1834 1569 pec.

1010 1576 1127 1609 caverit,
1143 1578 1278 1604 vereatur
1293 1578 1391 1603 autem
1417 1576 1466 1604 ille
1482 1585 1518 1605 ne
1533 1577 1609 1613 quis,
1626 1585 1692 1605 eum
1713 1578 1836 1613 ejusque

126 1623 185 1655 δὼς
200 1623 282 1651 αὐτὸν
306 1621 352 1650 καὶ
375 1621 426 1656 τήν
448 1621 532 1648 αὐτοῦ
552 1619 691 1648 πολιτείαν
708 1618 850 1656 ἐκπηδήσῃ
876 1618 953 1656 ἐλέγ-

1011 1628 1107 1648 mores
1122 1628 1311 1656 cognoscens,
1335 1620 1468 1657 prosiliat
1483 1628 1610 1657 eumque
1625 1625 1765 1658 coarguat
1779 1631 1836 1650 non

126 1669 183 1704 ξων
201 1668 304 1696 ἐκεῖνον
335 1666 373 1703 μὴ
402 1663 464 1694 ὅντα
490 1663 593 1693 δίκαιον
621 1664 690 1692 κατὰ
716 1664 765 1698 τήν
794 1663 876 1691 αὐτοῦ
896 1661 956 1698 οἷή-

117 1713 183 1750 ’σιν,
208 1711 272 1741 ἀλλ’
295 1709 478 1750 ἐποφείλοντα
500 1709 546 1737 καὶ
571 1708 677 1740 ποινάς.
701 1709 771 1747 Ἐγὼ
799 1707 845 1736 οὖν
874 1707 956 1739 αὐτὸς

127 1754 322 1794 ὑπολαμϐάνω
359 1754 454 1783 αὐτίκα
489 1756 536 1781 νῦν
561 1754 735 1792 ἁμαρτάνειν,
766 1751 807 1781 ὅτι
833 1751 956 1783 πολλοὺς

124 1800 226 1839 οἷόμαι
254 1802 404 1838 καταγελᾷν
436 1809 488 1836 μου
513 1802 564 1834 τῆς
592 1796 778 1833 διδασκαλίας,
803 1797 828 1825 εἴ
858 1796 954 1835 μηδενὶ

123 1846 259 1875 πλουτῶν
274 1845 382 1884 ἀγαθῷ,
397 1844 453 1872 εἶτα
468 1842 588 1871 διδάσκω
604 1842 719 1881 ἑτέρους.

162 1900 214 1937 κγ’.
233 1899 283 1928 Καὶ
300 1897 355 1926 εἷ’οε
380 1898 429 1934 μὲν
444 1897 482 1934 μὴ
496 1897 582 1928 οὕτως
597 1895 657 1935 ἔχοι
681 1897 776 1925 τοῦτοί
807 1895 877 1925 Οὐδὶ
904 1896 955 1934 γὰρ

127 1945 190 1983 χρή
206 1943 288 1981 ὀρθοῦ
311 1941 477 1970 διδασκάλου
503 1941 560 1980 βίον
585 1941 807 1979 περιεργάζεσθαι
836 1940 899 1972 τούς
927 1951 957 1968 τε

126 1988 265 2026 μαθητὰς,
289 1987 361 2015 ἀΛλὰ
383 1987 414 2014 τὸ
440 1985 634 2022 διδασκόμενον
664 1985 886 2021 ἐπισκήπτεσθαι,
910 1985 954 2012 καὶ

126 2033 191 2063 κατ’
220 2032 285 2060 αὐτὸ
311 2034 411 2066 ποιεῖν,
434 2029 509 2067 εἷ’περ
539 2030 606 2067 ὀρθὰ
638 2029 757 2057 διδάσκει
791 2029 835 2057 καὶ
864 2030 956 2057 ἀνεπι-

125 2077 233 2116 σφαλῆ.
251 2075 327 2108 Τέως
356 2086 385 2114 γε
416 2075 469 2112 μὴν
498 2073 623 2109 ἐπιδείξω
650 2074 695 2101 καὶ
725 2073 862 2107 δακτύλω,
878 2073 903 2101 εἴ
926 2084 957 2111 γι

128 2121 275 2161 βούλεσθε,
290 2122 387 2149 τοῦτον
414 2120 458 2147 καὶ
485 2117 577 2157 ἕτερον
603 2119 648 2146 καὶ
680 2118 780 2146 ἰκεῖνον
808 2119 852 2145 καὶ
870 2117 955 2145 ἄλλον

129 2167 330 2204 μωκωμὲνους,
359 2164 381 2192 εἷ
409 2163 454 2192 καὶ
482 2164 514 2191 τὸ
539 2163 628 2199 στόμα
666 2163 735 2190 κατᾶ
768 2162 815 2190 τὸν
849 2162 958 2190 εἰπόντα

129 2210 290 2245 ὑπίλλουσι,
317 2210 360 2237 καὶ
402 2207 612 2246 μυκτηρίζοντας
640 2207 684 2234 καὶ
713 2207 873 2246 στρέφοντας
905 2207 957 2234 ὑπὸ

126 2259 188 2287 τοῖς
217 2254 309 2283 ὀδοῦσι
337 2253 383 2281 τό·
407 2265 421 2279 ‹‹
447 2252 477 2280 Τί
506 2251 623 2291 φλυαρεῖ
650 2252 664 2279 ὁ
695 2252 777 2289 μὲγας
805 2254 918 2286 παπᾶς;
941 2262 956 2277 ››

1010 1664 1118 1700 solum,
1134 1664 1201 1693 licet
1215 1664 1279 1699 ipse
1303 1665 1449 1701 opinetur,
1466 1674 1523 1694 non
1536 1667 1664 1701 justum,
1681 1667 1732 1695 sed
1748 1667 1836 1695 etiam

1011 1709 1061 1745 qui
1077 1718 1162 1746 pmna
1176 1709 1284 1746 dignus
1300 1710 1348 1738 sit.
1364 1710 1446 1742 Quod
1462 1712 1561 1738 autem
1586 1712 1621 1739 ad
1651 1719 1697 1739 me
1721 1711 1835 1747 attinet,

1012 1754 1074 1791 ipse
1089 1763 1167 1783 nunc
1192 1762 1312 1790 peccare
1337 1755 1409 1782 mihi
1434 1755 1545 1790 videor,
1562 1756 1632 1792 quia
1654 1755 1741 1784 multi
1764 1764 1837 1784 meae

1011 1798 1148 1827 doctrinae
1164 1799 1489 1836 irridebunt,siquidem
1505 1808 1567 1837 ego,
1586 1800 1666 1829 nullo
1681 1801 1836 1830 abundans

1010 1843 1098 1877 bono,
1114 1845 1212 1871 tamen
1228 1843 1301 1872 alios
1317 1844 1448 1872 doceam.

1045 1897 1090 1924 23.
1121 1896 1238 1925 Utinam
1267 1897 1328 1925 haec
1356 1905 1414 1925 non
1438 1897 1479 1926 ita
1503 1906 1534 1926 se
1558 1898 1702 1927 habeant!
1735 1899 1836 1936 Neque

1011 1941 1088 1969 enim
1104 1941 1173 1969 boui
1189 1941 1323 1977 magistri
1347 1942 1436 1970 vitam
1462 1943 1575 1970 curiose
1591 1944 1767 1979 perscrutari
1784 1945 1833 1972 de-

1010 1986 1081 2014 bent
1095 1986 1243 2022 discipuli,
1257 1986 1308 2014 sed
1324 1986 1421 2022 potius
1436 1987 1598 2015 doctrinam
1615 1988 1712 2016 animo
1728 1996 1836 2025 expen-

1011 2031 1078 2058 dere
1094 2032 1122 2057 et
1136 2031 1298 2058 secundum
1314 2038 1379 2058 eam
1395 2039 1490 2067 agere,
1506 2032 1531 2059 si
1554 2032 1694 2060 nimirum
1710 2036 1787 2061 recte
1802 2041 1835 2061 ac

1011 2075 1085 2103 bene
1111 2075 1203 2102 docet.
1220 2075 1286 2102 Jarn
1310 2083 1386 2109 vero,
1404 2076 1428 2102 si
1444 2075 1541 2109 vultis,
1559 2076 1648 2111 digito
1673 2079 1837 2104 monstrare

1012 2126 1133 2154 possum
1150 2118 1227 2145 hunc
1243 2120 1272 2146 et
1286 2118 1369 2146 illum
1386 2119 1435 2154 qui
1452 2120 1524 2146 mihi
1540 2120 1837 2156 illudunt,qusmvis,

1012 2163 1054 2190 uti
1070 2162 1187 2195 dicitur,
1204 2162 1311 2198 linguis
1327 2163 1452 2197 faveant,
1470 2164 1519 2199 qui
1547 2164 1669 2192 irrident
1685 2168 1772 2201 atque
1793 2165 1837 2193 in-

1012 2209 1056 2234 ter
1070 2207 1172 2234 dentes
1194 2209 1313 2234 versant
1328 2207 1400 2235 illud
1417 2217 1423 2236 :
1443 2219 1457 2233 «
1472 2208 1546 2241 Quid
1563 2211 1692 2245 nugatur
1712 2217 1838 2246 magnus

1013 2251 1165 2288 pontifex?
1189 2262 1203 2277 »
1231 2252 1333 2280 Rideto
1358 2253 1456 2285 modo,
1482 2261 1498 2280 ο
1522 2253 1632 2288 miseri,
1655 2254 1786 2288 irridete,
1810 2256 1840 2282 et

128 2301 194 2335 Ναὶ,
219 2300 262 2327 ναὶ
287 2299 330 2326 καὶ
360 2297 468 2336 γελᾶτε,
485 2296 508 2324 ὦ
536 2297 623 2332 οὗτοι,
649 2296 692 2323 καὶ
723 2294 900 2333 καταγελᾶτε,
918 2306 951 2323 κα

1017 2295 1167 2332 indulgete
1181 2296 1364 2330 ludibriis,et
1379 2297 1512 2325 obturate
1527 2306 1622 2331 aures,
1639 2300 1668 2326 et
1682 2298 1793 2335 pergite
1807 2299 1839 2326 in

130 2345 280 2380 σκώπτετε,
304 2342 350 2370 καὶ
381 2341 458 2380 βύετε
484 2342 531 2372 τὰς
569 2341 661 2378 ἀκοὰς,
685 2341 730 2368 καὶ
768 2340 886 2376 ἰξανύετε
912 2340 958 2368 τὸν

132 2389 238 2424 συνήθη
266 2387 424 2424 περίπατον,
450 2386 482 2414 οὗ
500 2386 531 2414 τὸ
558 2385 638 2419 τέλος
665 2385 789 2424 κρημνὸς
820 2386 834 2413 6
861 2385 888 2418 ἐς
912 2385 960 2413 κό-

137 2442 231 2471 ρακας.

170 2483 221 2513 κδ’.
246 2484 459 2521 Ἀναμιμνήσκω
487 2483 570 2512 πάλιν
597 2484 659 2522 περὶ
687 2487 738 2519 τῆς
766 2483 792 2511 ἐν
819 2484 887 2520 ¹ἡμῖν
920 2482 960 2511 δι-

132 2529 272 2568 γλωττίας
300 2527 334 2556 δι’
360 2529 391 2563 ἦν
421 2530 601 2561 συναντῶντες
630 2528 779 2564 ἀλλήλοις,
809 2525 959 2566 ἔμπροσθεν

134 2576 183 2613 μὲν
225 2573 485 2611 καλιρῥημονοῦμεν
523 2573 568 2600 καὶ
607 2573 797 2611 εὖπροσήγορα
844 2573 962 2612 φθεγγό-

135 2626 216 2657 μεθα,
231 2617 454 2656 παραλλάξαντες
475 2616 504 2645 δέ
524 2628 551 2645 τι
579 2617 668 2655 βραχὺ
693 2616 881 2654 καταπτύομεν
910 2617 961 2645 διλ⁴

133 2664 229 2700 λήλων
261 2660 412 2702 βορϐόρους
443 2661 638 2701 βλασφημιῶν.
662 2664 692 2689 Τί
718 2661 917 2699 εὐκολώτερον,
939 2663 962 2690 ὦ

134 2708 271 2747 ἄνθρωπε,
297 2710 346 2736 τοῦ
385 2706 579 2744 ἀπαλλαγῆναι
616 2705 742 2734 τοιούτου
773 2709 879 2741 κακοῦς
909 2708 963 2736 Μι-

133 2756 201 2790 σεῖς,
217 2753 262 2781 καὶ
280 2752 383 2791 βαρέως
406 2749 481 2789 ἔχεις
506 2750 550 2779 ἐπί
564 2761 628 2778 τινι.
646 2750 751 2779 Οὐκοῦν
782 2752 851 2788 μήτε
879 2762 962 2789 προσ-

134 2799 267 2836 κυνήσῃς,
286 2798 355 2835 μήτε
377 2797 409 2825 τὸ
438 2807 452 2824 α
476 2795 558 2834 χαὶρι
581 2807 596 2823 »
612 2796 774 2834 προσείπῃς·
793 2795 867 2824 ἀλλὰ
893 2797 964 2825 ἀντι-

135 2841 279 2880 παρελθὼν
316 2841 493 2880 ἀπαλλάγηθι
533 2842 582 2869 τοῦ
607 2839 715 2879 ἀνδρός.
743 2841 904 2879 Κατακῦψας
934 2841 963 2870 δὲ

299 2907 436 2938 Purser“
459 2905 515 2937 Ga.
538 2905 684 2938 CXXXV.

1014 2341 1060 2369 via
1074 2343 1213 2369 consueta
1228 2349 1291 2377 quas
1308 2342 1426 2369 tandem
1442 2342 1582 2378 praecipiti
1603 2342 1715 2379 impetu
1730 2343 1760 2371 in
1776 2352 1840 2372 ma-

1013 2386 1073 2414 lam
1089 2393 1150 2413 rem
1166 2393 1216 2413 vos
1232 2385 1368 2414 deducet.

1049 2484 1096 2512 24.
1111 2484 1352 2513 Commemorabo
1368 2485 1455 2513 etiam
1477 2485 1558 2513 illam
1583 2486 1737 2515 verborum
1762 2487 1843 2516 anci-

1016 2529 1106 2566 pitem
1121 2529 1342 2558 simulationem
1358 2538 1416 2566 qua
1431 2530 1465 2558 ﬁt
1479 2532 1522 2565 ut,
1534 2531 1657 2559 invicem
1669 2531 1747 2559 obvii
1762 2532 1843 2568 facti,

1016 2574 1158 2610 speciosis
1169 2574 1267 2602 verbis
1278 2576 1398 2602 utamur
1408 2577 1436 2603 et
1442 2575 1652 2611 gratulationes
1659 2585 1842 2613 premamus,

1016 2619 1170 2655 paululum
1185 2627 1251 2647 vero
1264 2620 1462 2656 praetergressi
1474 2620 1689 2649 calumniarum
1706 2622 1843 2650 sordibus

1016 2663 1139 2691 invicem
1152 2663 1407 2699 polluamus.Quid
1420 2665 1546 2693 facillius
1557 2667 1631 2699 est,o
1643 2666 1741 2699 homo,
1753 2674 1843 2702 quam

1018 2709 1071 2737 hoc
1079 2709 1151 2736 vitio
1164 2708 1303 2737 liberari?
1318 2710 1410 2737 Odisti
1422 2710 1549 2746 aliquem
1561 2711 1646 2747 eique
1659 2711 1735 2739 male
1750 2710 1844 2747 cupis.

1017 2754 1116 2790 Neque
1140 2754 1231 2790 igitur
1256 2754 1377 2788 salutes,
1395 2763 1489 2791 neque
1512 2756 1623 2784 salvere
1648 2764 1714 2784 eum
1727 2756 1844 2791 jubeas,

1017 2799 1069 2827 sed
1095 2806 1163 2827 cum
1187 2798 1212 2826 ei
1236 2798 1376 2832 occurrls,
1407 2803 1554 2828 remotum
1581 2803 1609 2828 te
1630 2802 1739 2828 teneas.
1770 2802 1846 2829 Dum

1019 2845 1118 2872 autem
1141 2843 1184 2871 sic
1210 2843 1322 2872 frustra
1345 2852 1415 2872 eum
1439 2846 1554 2873 salutas
1567 2847 1596 2872 et
1610 2846 1700 2880 caput
1720 2844 1846 2874 inclina:

1648 2908 1687 2938 18
