2021 3176
239 174 303 204 555

630 173 840 204 EUSTATHII
861 171 1056 203 THESSALC

1113 169 1250 201 CENSIS
1272 169 1565 202 METROPOLITE
1885 174 1931 206 556

239 241 278 273 et,
294 239 362 268 licet
375 248 442 268 eum
456 240 523 268 odio
537 239 656 273 habeas,
673 239 891 275 gratulabunda
909 246 978 266 voce
993 236 1056 265 allo‘

1121 235 1160 268 εἰς
1186 235 1368 274 προσκύνησιν
1406 236 1479 264 οὕτω
1508 235 1606 273 μάτην,
1629 236 1674 264 καὶ
1706 236 1798 275 χαρὰν
1824 247 1931 278 προφω.

239 284 347 319 quer-is,
365 285 501 312 mentiris
524 285 566 312 uti
591 292 648 312 non
674 286 796 320 oportet.
821 284 959 316 Quaenam
984 282 1063 310 enim

239 329 400 357 necessitas
411 329 425 356 ?

273 383 318 411 25.
350 383 437 410 Porro
466 382 644 410 mentionem
679 382 810 417 injiciam
847 380 1062 408 calumniarum

239 427 348 464 quibus
363 427 430 463 plus
454 434 541 462 quam
566 425 740 454 dulcissimo
765 425 850 453 melle
873 425 1062 453 delectamur.

238 472 327 504 Quale
349 472 463 500 lucrum
488 471 556 499 inde
578 471 750 499 enascitur?
775 470 870 499 Habes
897 479 949 498 cur
973 470 1062 498 alium

236 517 365 545 incuses.
382 517 435 544 Adi
450 525 528 549 eum,
544 516 674 551 loquere,
691 524 803 552 perora,
815 517 843 543 et
858 515 882 543 si
898 515 1062 543 convictum

236 561 420 598 puniendum
437 569 548 594 censes,
561 561 642 588 trade
654 568 721 588 eum
735 560 791 596 legi
805 562 835 588 ut
846 569 935 595 pmnaa
946 562 1061 587 statuta:

235 606 429 641 subjiciatur;
451 607 476 633 si
491 608 522 633 tu
540 605 603 642 ipse
619 606 795 641 redargutus
820 604 993 638 discessisti,
1010 612 1063 640 age

233 651 394 679 silentium.
410 650 622 678 Calumniando
634 649 711 677 enim
726 649 798 676 nihil
823 649 950 685 perﬁcis,
967 653 993 676 et
1008 648 1063 677 hoc

232 695 329 723 solum
346 694 481 730 lucraris,
498 697 532 722 ut
558 694 751 731 nugatoribus
769 693 952 722 accensearis
976 695 1062 728 atque

231 747 338 768 canum
355 747 435 767 more
450 738 556 766 latrare
570 739 706 766 videaris.
723 738 870 766 Nimirum
886 746 972 765 canes
988 745 1062 773 quo-

231 792 300 820 que,
316 783 367 812 ubi
382 784 515 812 mordere
531 785 694 819 nequeunt,
710 782 818 810 latratu
835 791 889 810 suo
905 790 1001 810 aerem
1019 782 1062 808 fa-

231 828 336 864 tigant.

265 882 311 910 26.
327 881 460 918 Denique
475 880 602 917 impetus
627 882 730 909 contra
753 880 801 908 Dei
824 879 984 908 Ecclesiam
1010 887 1064 906 ne.

230 926 335 954 fandos
365 925 482 954 silentio
512 925 660 961 praeterire
688 925 765 952 haud
797 932 929 960 possum.
953 923 1095 957 PeucisB

229 970 336 998 abhinc
360 970 477 1005 diebus,
494 970 564 998 civis
587 969 709 1005 quidam
734 971 839 996 nostra:
868 968 951 996 urbis
979 976 1062 995 num-

228 1014 385 1048 mularius,
412 1016 447 1042 de
478 1023 536 1050 quo
567 1014 692 1042 breviter
722 1013 817 1042 dicam
850 1013 954 1049 (impia
983 1012 1061 1040 enim

227 1060 304 1087 facta
320 1059 400 1096 prius
416 1061 504 1095 atque
520 1060 587 1086 ante
603 1058 730 1086 multum
756 1060 875 1093 tempus
899 1057 1061 1084 commissa

228 1113 286 1132 non
312 1103 573 1139 commemorabo),
590 1111 656 1130 cum
672 1102 766 1138 ipsius
792 1110 894 1130 servus
921 1101 1011 1128 miser
1030 1101 1059 1128 in

229 1148 366 1184 Magnam
383 1148 535 1176 ecclesiam
564 1147 610 1175 Dei
632 1147 825 1183 confugisset,
844 1146 938 1174 hostis
964 1145 1059 1173 Latini

229 1192 334 1226 instar,
359 1192 461 1228 quales
485 1200 537 1220 nos
560 1199 688 1227 quoque,
712 1190 784 1227 proh
811 1190 894 1218 dolor
915 1191 920 1217 l
949 1189 1058 1226 experti

230 1244 347 1269 sumus,
364 1236 493 1264 accurrit
507 1237 535 1262 ct
562 1235 710 1263 infelicem
736 1234 820 1262 illum
846 1233 1059 1262 homunculum

231 1289 289 1308 non
306 1288 341 1308 ex
364 1280 447 1308 atriis
471 1279 609 1313 ecclesiis,
626 1287 683 1307 non
699 1287 714 1307 e
729 1278 872 1307 vestibulo
897 1280 947 1306 aut
969 1278 1059 1314 pinna

230 1325 344 1361 templi,
375 1325 425 1352 sed
454 1332 469 1352 e
489 1324 585 1352 media
610 1323 733 1351 ecclesia
754 1322 907 1359 protraxit,
932 1325 960 1350 et
980 1322 1059 1350 velut

229 1369 320 1405 lupus
335 1377 456 1405 agnum,
473 1368 598 1404 arripuit
612 1368 792 1403 domumque
812 1367 943 1395 deduxit.
959 1367 1058 1402 Neque

231 1413 372 1449 cogitans,
389 1421 420 1441 se
430 1412 514 1440 illum
525 1421 539 1441 e
550 1413 600 1440 Dei
617 1412 754 1440 manibus
765 1411 919 1447 eripuisse,
935 1410 1057 1446 capillos

230 1458 255 1486 ei
272 1457 386 1491 evulsit,
404 1466 461 1485 non
488 1456 673 1492 simpliciter,
690 1456 740 1484 sed
767 1455 853 1492 quasi
877 1455 984 1483 mentis
1000 1463 1056 1483 usu

229 1510 298 1531 eum
314 1502 428 1538 privare
451 1502 580 1536 deberet,
598 1501 702 1529 deinde
726 1502 820 1528 totum
845 1508 951 1536 corpus
976 1499 1056 1528 illius

228 1547 355 1583 pessime
392 1546 528 1574 tractavit
566 1548 653 1582 atque
685 1544 848 1573 innumeris
885 1544 1055 1572 verberibus

228 1592 345 1620 afﬂixit:
363 1593 391 1619 et
406 1599 563 1626 quemnam
581 1598 706 1627 magnus
721 1590 776 1617 iste
790 1590 877 1617 heros
890 1589 1054 1625 percussit?

230 1635 347 1664 Scilicet
357 1644 424 1664 eum
437 1635 486 1672 qui
498 1635 534 1663 ob
550 1637 681 1663 teneram
693 1636 809 1662 aetatem
824 1634 870 1661 vix
882 1633 966 1661 firmo
982 1633 1055 1669 pede

231 1680 366 1708 incedere
381 1682 488 1716 posset.
506 1680 664 1715 Postquam
680 1679 720 1706 ita
749 1677 899 1706 servulum
923 1678 1059 1705 affecerat

230 1724 402 1761 ejusque,ut
411 1725 451 1752 ita
462 1724 700 1757 dicam,animam
714 1723 912 1754 devoraverat,
922 1722 957 1750 ad
969 1722 1059 1758 pedes

231 1770 383 1797 descendit
397 1777 471 1805 quos
488 1777 546 1796 non
562 1768 659 1795 minus
684 1769 778 1800 curat,
795 1767 1057 1802 (quemadmodum

234 1814 332 1850 ipsum
355 1813 468 1841 utinam
492 1812 569 1840 alius
594 1811 659 1847 quis
682 1811 793 1845 curet!)
808 1810 934 1838 vinculis
957 1811 1059 1839 ferreis

235 1865 354 1884 ornans.
371 1856 481 1884 Deinde
496 1856 582 1883 etiam
607 1855 762 1891 suspendit
786 1855 925 1883 miserum
949 1855 1058 1882 manci-

234 1901 316 1936 pium
338 1900 464 1928 crudelis
488 1908 657 1932 conservus,
672 1899 712 1927 ita
737 1902 768 1926 ut
793 1908 828 1927 ne
852 1900 914 1927 solo
938 1899 1057 1935 quidem

233 1943 424 1977 insisteret,et
440 1944 481 1971 sic
493 1953 554 1980 qua:
571 1952 628 1971 non
644 1943 712 1971 licet
728 1943 913 1980 perpetravit.
927 1943 1057 1979 Denique

229 1988 315 2016 illum
330 1989 451 2017 involvit
473 1997 569 2023 sacco,
586 1997 644 2024 quo
667 1997 702 2016 ne
717 1989 852 2016 Ninivitis
878 1988 1006 2023 quidem,
1024 1997 1058 2016 ex

229 2041 294 2062 mea
310 2034 463 2068 sententia,
479 2034 529 2061 sed
555 2033 673 2069 gravius
697 2035 852 2069 peccantes
873 2033 980 2061 involvi
1006 2033 1056 2061 de-

226 2080 372 2108 buissent.
389 2082 423 2107 Et
433 2080 475 2108 sic
487 2079 606 2115 quidem
619 2079 649 2106 in
661 2081 700 2113 te,
715 2087 731 2107 ο
742 2078 864 2115 puerule
881 2079 1056 2112 miserande,

226 2125 357 2160 peccavit
379 2124 438 2158 ille,
456 2124 524 2160 quia
550 2124 584 2151 ad
601 2123 693 2151 Deum
720 2131 874 2151 accurrere
899 2131 989 2151 ausus
1014 2131 1055 2151 es.

227 2169 296 2201 Quis
312 2171 411 2197 autem
427 2171 465 2202 te,
482 2177 497 2196 ο
514 2168 598 2204 pueri
614 2168 754 2201 carnifex,
772 2167 860 2203 digne
875 2167 988 2203 puniat,
1005 2167 1055 2203 qui

225 2215 284 2241 tam
309 2213 507 2250 impudenter,
523 2213 547 2240 si
571 2212 721 2240 veritatem
749 2212 880 2239 conﬁteri
902 2211 980 2244 licet,
997 2213 1053 2239 Deo

224 2258 281 2294 ipsi
296 2258 356 2286 vim
370 2257 521 2285 intulisti?
535 2259 608 2285 Cum
631 2256 708 2284 enim
725 2256 769 2283 ira
785 2258 836 2283 tua
852 2256 955 2283 rabida
970 2255 1012 2284 ita
1026 2258 1053 2284 te

223 2291 394 2338 impelleret,
411 2311 448 2329 ne
463 2302 520 2329 Deo
537 2301 655 2337 quidem
679 2301 845 2337 pepercisti,
862 2301 947 2335 cujus
963 2309 1053 2328 manu
1068 2291 1091 2324 D

223 2347 441 2382 apprehensum
453 2346 570 2373 videbas
583 2344 910 2381 puerum.Deliquisti,o
927 2345 1051 2378 servule,

223 2391 300 2426 quod
317 2399 373 2418 non
394 2391 429 2418 ad
445 2393 599 2426 paternum
617 2389 659 2416 tui
677 2390 788 2417 domini
817 2389 987 2425 sepulcrum
1004 2398 1051 2417 ac-

222 2435 350 2463 curristi.
367 2436 448 2463 Tunc
472 2434 549 2462 enim
575 2442 674 2462 revera
699 2434 754 2462 tibi
775 2434 886 2470 impius
911 2442 1051 2470 parsurus

221 2479 336 2508 fuisset.
353 2481 516 2513 Quemnam
533 2479 686 2506 hominum
703 2478 827 2506 latronis
849 2487 928 2506 more
944 2480 975 2506 tu
993 2487 1051 2506 non

221 2525 429 2560 aggredieris,o
440 2523 710 2560 impudentissime,
723 2523 773 2558 qui
785 2524 827 2551 sic
839 2523 938 2552 divina
953 2524 1050 2558 impu-

220 2577 294 2606 gnas
306 2569 319 2597 ?
331 2570 494 2602 Quemnam
512 2568 690 2597 revereberis
705 2567 887 2603 mortalium,
904 2577 920 2596 ο
937 2567 1050 2596 stultis-

219 2614 305 2648 sime,
322 2614 372 2651 qui
395 2622 448 2642 nec
474 2613 523 2641 Dei
550 2612 695 2642 rationem
719 2612 832 2640 habes?
857 2612 1049 2640 Securitatem

218 2660 349 2697 praebent
364 2661 535 2688 sanctorum
549 2665 652 2693 regum
663 2656 847 2692 columnm,si
864 2657 930 2693 quis
945 2657 982 2684 ad
999 2664 1048 2684 eas

218 2705 392 2741 confugerit.
409 2706 448 2731 Tu
473 2704 573 2731 autem
600 2702 648 2730 Dei
675 2701 839 2738 supplicem
865 2703 891 2730 vi
918 2701 1049 2737 abripere

217 2749 296 2777 haud
321 2748 477 2782 erubuisti,
491 2756 507 2775 ο
523 2747 674 2783 proterve!
692 2747 759 2780 Quae
785 2749 883 2775 autem
907 2747 1048 2775 adversus

219 2794 416 2829 deplorandos
454 2792 621 2822 sacerdotes
656 2791 706 2819 Dei
736 2791 902 2826 evomuisti,
932 2790 1048 2819 etiamsi

218 2837 307 2867 homo
322 2847 431 2875 pravus
446 2837 504 2867 ista
518 2836 642 2865 audiens
657 2835 871 2873 disrumpatur,
888 2836 987 2865 dicant
1001 2835 1045 2867 illi

1118 281 1201 315 νήσας
1229 283 1269 316 τῷ
1299 280 1466 317 μισουμὲνῳ,
1497 280 1602 318 ἐψεύσω
1634 281 1671 313 εἰς
1698 280 1781 309 οὐδὲν
1810 281 1876 311 δεον.
1890 285 1930 317 Τίς

1117 325 1167 362 γὰρ
1183 326 1200 360 ἡ
1216 324 1319 364 ἀνάγκη
1333 335 1340 360 ς

1154 378 1200 406 κε’.
1230 379 1448 415 Ὑπομιμνήσκω
1476 379 1519 406 καὶ
1550 380 1613 417 περὶ
1641 381 1695 408 τῶν
1727 377 1875 415 διαϐολῶν,
1898 384 1931 415 αἷς

1119 422 1273 462 ἐντυφῶμεν
1304 423 1341 454 ὡς
1371 422 1433 451 οὐδὲ
1447 426 1505 455 τοῖς
1535 424 1565 452 ἔκ
1589 423 1700 461 μέλιτος
1716 419 1892 462 γλυκασμοῖς.
1905 428 1931 455 Τί

1118 466 1213 505 κέρδος
1240 469 1307 504 ἡμῖν
1338 467 1363 495 ἐν
1391 468 1514 503 τούτων;
1543 469 1638 506 Ἔχεις
1674 469 1763 496 εἴπεῖν
1786 471 1931 507 κατηγορίαν

1119 511 1163 539 ἐπὶ
1178 514 1218 548 τῷ
1241 511 1370 547 πλησίον,
1388 513 1516 548 Ἔνστηοι
1545 514 1603 541 κατ’
1633 513 1726 549 αὐτοῦ,
1755 512 1882 550 λιὶλησονΙ
1902 515 1932 542 δί-

1118 567 1211 584 κασον.
1242 557 1289 583 Καὶ
1315 557 1332 591 ἢ
1363 556 1542 588 καταδικάσας
1567 556 1688 594 παράδος
1720 560 1762 594 τῷ
1799 558 1874 595 νόμῳ
1897 560 1932 586 τὸν

1119 600 1274 639 ἰναχθὲντα,
1298 601 1342 628 καὶ
1372 602 1500 640 πασχέτω
1523 602 1557 630 τὰ
1577 603 1759 639 νενομισμένα
1796 602 1813 637 ἢ
1840 603 1932 641 ἀπενεγ-

1119 645 1235 680 κάμενος
1270 646 1319 680 τήν
1358 645 1474 680 ὶλάττω,
1504 646 1655 684 ἠρέμησαν.
1693 644 1860 675 Διαὸάλλων
1893 650 1931 686 γὰρ

1121 689 1209 720 ἀνύεις
1237 689 1325 725 οὐδὶν,
1352 689 1500 728 κερδαίνεὶς
1540 690 1568 718 δὲ
1608 691 1689 727 μόνον
1725 692 1759 719 τὸ
1797 691 1932 730 στόμαργος

1122 734 1199 767 εἶναι,
1215 735 1259 762 καὶ
1290 733 1378 762 δοκεῖν
1412 734 1518 772 βαύζειν
1548 735 1674 770 κυνηδόν,
1693 736 1746 764 Καὶ
1776 736 1827 774 γάρ
1842 747 1881 764 τοι
1898 738 1931 765 καὶ

1119 777 1197 810 κύνες
1219 777 1451 817 καταδολεσχοῦσι
1483 779 1570 816 μάτην
1601 780 1639 811 εἷς
1663 780 1739 818 ἀέρα,
1758 780 1805 808 ὅτε
1834 782 1869 817 μὴ
1894 780 1929 809 δά-

1120 833 1189 850 κνειν
1206 820 1326 861 ἔχουσιν.

1156 877 1207 908 κζ’.
1236 877 1401 914 Ἀνάμνησιν
1436 875 1588 905 ὑποϐάλλω
1626 878 1671 905 καὶ
1708 881 1766 906 τῶν
1804 880 1868 907 κατὰ
1891 884 1929 914 τῆς

1111 920 1275 955 Ἐκκλησίας
1311 923 1359 948 τοῦ
1392 923 1459 949 Θεοῦ
1498 920 1592 949 δεινῶν
1632 921 1830 961 ἐγχειρήσεων.
1863 925 1929 960 Ἐμέ·

1118 976 1161 1004 ραι
1184 966 1255 998 τινες
1279 966 1355 993 αὗται
1377 965 1523 1004 ὀλίγισται,
1539 967 1585 994 καί
1610 977 1651 998 τις
1677 967 1801 1002 πολίτης
1826 967 1850 996 ὲν
1875 970 1927 1005 ἡμῖν

1116 1008 1333 1048 ἀργυραμοιϐὸς,
1352 1011 1471 1048 βραχέος
1488 1010 1574 1048 λόγου
1591 1010 1664 1046 ἄξιος
1694 1012 1811 1051 (ἀφίημι
1837 1013 1881 1050 γὰρ
1905 1014 1928 1040 τὶ

1116 1055 1169 1092 πρὸ
1193 1056 1289 1092 καιροῦ
1314 1054 1440 1086 πλείονος
1463 1055 1508 1082 καὶ
1528 1055 1678 1093 παλαίτεροι
1705 1056 1856 1093 πάνδεινα),
1879 1056 1926 1084 δου-

1116 1098 1212 1137 λάριον
1237 1099 1344 1136 οίκτρὸν
1372 1100 1528 1138 προσφυγὸν
1558 1102 1592 1136 τῇ
1622 1099 1759 1138 καθολικῇ
1790 1104 1837 1128 τοῦ
1862 1102 1926 1138 μεγέ-

1116 1142 1165 1170 λου
1194 1145 1260 1171 Θιοῦ
1290 1144 1315 1171 ἐν
1349 1145 1417 1180 ἡμῖν
1461 1143 1605 1180 ἐκκλησίᾳ,
1635 1144 1797 1182 ἐπιδραμὼν
1833 1145 1924 1181 ἰκτῖνος,

1115 1188 1159 1214 οἷα
1187 1188 1232 1215 κσί
1259 1198 1300 1219 τις
1330 1190 1445 1220 Λατῖνος
1475 1188 1676 1226 πολιορκητὴς,
1698 1190 1803 1217 ὁποίων
1830 1190 1871 1217 καὶ
1893 1190 1926 1217 αὖ·

1112 1235 1166 1259 τῶν
1191 1230 1268 1268 οἴμοι
1298 1233 1491 1270 πεπειράμεθα,
1514 1233 1652 1268 ἐξέσπασεν
1682 1233 1772 1261 ἐκεῖνο
1800 1235 1831 1262 τὸ
1857 1234 1924 1262 ἐλεει-

1113 1277 1158 1303 νὸν
1189 1276 1353 1314 ἀνθρώπιον,
1369 1277 1400 1304 οὗ
1429 1279 1481 1304 τῶν
1512 1276 1747 1313 ικκλησιαστικῶν
1772 1278 1924 1317 προαυλίιυν,

1114 1320 1144 1348 οὐ
1171 1323 1224 1348 τῶν
1258 1321 1526 1360 προτεμενισμάτων,
1562 1322 1593 1350 οὐ
1628 1325 1683 1350 τῶν
1716 1323 1865 1361 πτερυγίων
1888 1326 1924 1350 τοῦ

1117 1368 1186 1402 ναοῦ,
1202 1365 1265 1393 ἀλλ’
1289 1365 1369 1393 αὐτοῦ
1396 1365 1499 1394 ἐκείνου
1525 1366 1618 1403 μέσον
1635 1368 1679 1395 καὶ
1704 1368 1840 1406 ἀράμενος
1867 1368 1924 1402 ἀπή-

1112 1421 1192 1448 γαγεν
1217 1409 1300 1446 οἴκοι,
1317 1410 1400 1442 λύκος
1429 1410 1532 1449 ἀρνίον.
1549 1411 1601 1440 Καὶ
1630 1412 1680 1440 οὐκ
1708 1412 1875 1449 ἐνθυμηθεὶς,
1897 1412 1924 1444 ὡς

1111 1455 1141 1482 ἐκ
1159 1457 1226 1483 Θεοῦ
1251 1457 1352 1493 χειρῶν
1377 1455 1442 1483 αὐτὸ
1467 1455 1527 1494 ἦρε,
1542 1457 1593 1492 τήν
1614 1467 1643 1484 τε
1666 1456 1792 1497 κεφαλὴν
1821 1456 1921 1494 ἐψίλωσε

1110 1502 1224 1538 τριχῶν,
1249 1499 1302 1538 οὐχ
1329 1499 1433 1536 ἁπλῶς,
1457 1499 1521 1528 ἀλλ’
1540 1501 1576 1532 ὡς
1601 1501 1623 1528 εἰ
1651 1503 1694 1529 καὶ
1724 1505 1825 1541 πυριᾷν
1852 1502 1919 1535 αὐτὴν

1109 1543 1163 1572 ἔδει
1197 1541 1275 1584 φόϐῳ
1310 1544 1531 1584 παραφροσύνης,
1563 1545 1608 1573 καὶ
1642 1545 1727 1579 αὐτῆς
1767 1543 1920 1576 ὑποκαταϐὰς

1110 1589 1212 1626 γίνεται
1239 1592 1289 1624 τῆς
1326 1588 1395 1623 ὅλης
1434 1589 1542 1627 σαρκὸς,
1571 1590 1616 1618 καὶ
1650 1590 1763 1629 πληγὰς
1794 1590 1921 1628 ὁλομελεῖς

1112 1633 1260 1669 ἐπιτίθησι,
1276 1633 1334 1660 τίνα
1357 1633 1465 1661 τύπτων
1491 1634 1504 1661 ὁ
1531 1633 1615 1672 μέγας
1639 1634 1787 1672 γεννάδας;
1803 1636 1846 1663 τὸν
1872 1633 1920 1662 οὐδὲ

1113 1678 1209 1716 περῥὰ
1226 1677 1345 1716 βαδίζειν
1366 1677 1512 1715 δυνάμενον
1529 1677 1572 1706 δίά
1595 1680 1626 1707 τὸ
1653 1680 1721 1707 κατὰ
1748 1681 1799 1715 τήν
1828 1679 1920 1715 ἡλικία-ι

1112 1722 1280 1751 ποινάτιαλον.
1306 1724 1532 1760 Προνοησάμενος
1555 1722 1583 1751 δὲ
1606 1723 1677 1752 οὕτω
1709 1724 1760 1752 τοῦ
1782 1724 1918 1755 παιδίσκον,

1111 1767 1156 1794 καὶ
1184 1768 1214 1794 τὸ
1242 1767 1376 1805 ψυχάριον
1403 1767 1496 1804 αὐτοῦ,
1522 1768 1558 1799 ὠς
1583 1767 1670 1800 οὕτως
1695 1769 1792 1804 εἷ’πεῖν,
1822 1769 1919 1807 ἐκροφή-

1113 1822 1171 1846 σας,
1203 1809 1358 1839 καταϐαίνει
1385 1813 1445 1850 περὶ
1475 1812 1538 1844 τοὺς
1563 1812 1657 1844 πόδας.
1688 1814 1738 1841 Καὶ
1767 1813 1919 1851 ἐπιμελεῖται

1112 1855 1157 1882 καὶ
1186 1855 1283 1890 αὐτῶν,
1302 1856 1338 1887 ὡς
1368 1856 1413 1884 καὶ
1442 1856 1525 1884 αὐτοῦ
1552 1856 1733 1894 ἐπιμεληθείη
1763 1869 1806 1890 τις
1833 1856 1918 1894 ἕτερος,

1112 1901 1254 1936 κοσμήσας
1272 1899 1360 1936 κλοιῷ
1392 1903 1432 1937 τῷ
1464 1900 1494 1928 ἐκ
1527 1900 1659 1939 σιδήρου·
1683 1902 1739 1929 εἶτα
1764 1903 1809 1930 καὶ
1837 1911 1920 1938 μετεω-

1113 1943 1188 1982 ρίσας
1209 1945 1240 1971 τὸ
1265 1943 1379 1972 ἐλεεινὸν
1402 1944 1582 1983 ἀνδράποδον,
1605 1947 1649 1974 οἷα
1676 1945 1746 1983 μηδὲ
1768 1950 1818 1985 γῆν
1843 1947 1918 1973 πατεῖν

1113 1988 1177 2015 αὐτὸ
1206 1989 1286 2024 ἀξιῶν
1316 1990 1330 2016 ὁ
1355 1989 1472 2025 ἀνηλεής
1500 1989 1657 2027 σύνδουλος,
1696 1990 1784 2019 ἐποίει
1823 1990 1854 2018 τὰ
1891 1988 1919 2025 μὴ

1111 2033 1276 2068 καθήκοντα.
1295 2033 1378 2064 Τέλος
1417 2033 1445 2061 δὲ
1481 2034 1572 2071 σάκκῳ
1612 2035 1786 2073 περιστέλλει
1827 2034 1919 2065 ἐκεῖνον,

1112 2077 1193 2114 οὗπερ
1223 2076 1281 2105 οὐδ”
1305 2078 1335 2105 ἂν
1365 2078 1442 2114 οἶμαι
1466 2082 1613 2115 Νινευῖται,
1628 2079 1691 2107 ἀλλ’
1720 2081 1746 2108 οἱ
1775 2080 1820 2108 καί
1847 2077 1919 2105 πλείω

1111 2122 1250 2153 πταίοντες
1271 2121 1351 2158 ἄξιοι.
1369 2123 1416 2150 Καὶ
1439 2123 1518 2155 αὐτὸς
1547 2124 1605 2161 μὶν,
1624 2123 1647 2152 ὦ
1672 2124 1819 2162 παιδάριον
1849 2121 1917 2150 οἴκτι-

1110 2176 1182 2202 στον,
1197 2169 1308 2194 τοιαῦτα
1331 2167 1568 2204 πεπλημμεληκιν
1600 2168 1644 2196 ἰπὶ
1675 2168 1728 2203 cci,
1757 2169 1825 2197 διότι
1840 2164 1917 2196 τετόλ-

1112 2221 1199 2247 μηκας
1228 2210 1341 2250 δραμεῖν
1369 2212 1408 2243 εἷ¹ς
1432 2212 1478 2239 τὸν
1505 2213 1581 2241 Θεόν.
1598 2214 1632 2240 Σὲ
1659 2212 1697 2250 δὲ,
1714 2214 1737 2241 ὧ
1765 2216 1814 2242 τοῦ
1837 2209 1915 2240 παιδὸς

1109 2255 1245 2293 ἀλιτήριε,
1261 2257 1302 2287 τίς
1318 2255 1347 2284 ἂν
1365 2257 1445 2292 ἀξίω,
1474 2257 1602 2295 μετέλθῃ,
1618 2257 1705 2289 οὕτως
1730 2257 1842 2288 ἀναιδῶς
1865 2253 1915 2292 βιά-

1107 2299 1222 2336 σοὶμινον
1237 2301 1301 2328 Θεὸν
1329 2301 1422 2336 αὐτὸν,
1439 2300 1466 2329 εἷ’
1488 2313 1515 2329 τι
1539 2303 1596 2340 χρὴ
1625 2301 1746 2338 λαλῆσαι
1775 2303 1837 2341 πρὸς
1860 2298 1914 2332 ἀλή-

1108 2345 1201 2379 θειανς
1220 2345 1298 2374 Οὕτω
1326 2345 1378 2383 γὰρ
1406 2346 1453 2373 τοῦ
1484 2346 1629 2384 ἀλογίστου
1659 2349 1748 2384 θυμοῦ
1776 2342 1913 2375 ἰλαύνοντός

1107 2399 1146 2423 σε,
1168 2389 1217 2416 οὐκ
1245 2389 1273 2417 ἃν
1300 2389 1357 2417 οὐδ’
1376 2390 1458 2417 αὐτοῦ
1483 2393 1549 2418 Θεοῦ
1573 2391 1681 2430 ἐφείσω,
1708 2391 1730 2419 εὶ
1752 2392 1802 2426 τήν
1832 2388 1913 2417 ἐκείνου

1107 2436 1187 2470 χεῖρα
1214 2432 1397 2471 δραττομὲνην
1428 2432 1542 2467 ἓϐλεπες
1570 2438 1618 2463 τοῦ
1651 2435 1760 2467 παιδός.
1777 2437 1912 2464 Ἐπιαισαίι

1106 2478 1128 2504 ὦ
1144 2476 1295 2514 δουλίδιον,
1312 2477 1353 2505 ὅτι
1384 2479 1422 2516 μὴ
1439 2482 1478 2516 τῷ
1505 2482 1630 2517 πατρικῷ
1653 2482 1731 2518 τάφῳ
1763 2483 1810 2508 τοῦ
1826 2489 1866 2507 σου
1880 2474 1911 2502 δε-

1106 2521 1207 2549 σπότου
1232 2522 1431 2560 προσέδραμες.
1458 2524 1494 2552 Ἦ
1530 2525 1581 2563 γὰρ
1619 2524 1649 2552 ἂν
1689 2525 1811 2564 ἐφείσατό
1843 2518 1912 2549 coci

1106 2566 1222 2598 ἀνόσιος.
1248 2567 1308 2596 Τίνι
1342 2570 1395 2596 τῶν
1441 2569 1591 2606 ἀνθρώπων
1627 2570 1678 2598 οὐκ
1715 2569 1745 2597 ἃν
1784 2565 1914 2605 ἐπιδράμῃ(

1105 2609 1271 2649 λῃστρικῶς,
1300 2611 1481 2648 ἆναιόἐστατε,
1509 2614 1523 2641 ὁ
1552 2615 1621 2641 κατὰ
1650 2617 1704 2642 τῶν
1735 2614 1812 2647 θείων
1837 2609 1913 2640 τοιοῦ-

1103 2665 1170 2691 τος;
1195 2657 1261 2686 Τίνα
1298 2661 1352 2685 τῶν
1392 2657 1516 2686 ἁπάντων
1542 2658 1712 2697 ἐντραπήσῃ,
1739 2651 1913 2688 ἀπαίδευτενδ

1102 2701 1150 2728 τοῦ
1176 2704 1242 2729 Θεοῦ
1269 2704 1307 2740 μὴ
1344 2703 1537 2741 ἐπιστραφείς,
1562 2704 1676 2732 ’Ἄσυλοι
1707 2705 1734 2732 αἱ
1763 2707 1815 2732 τῶν
1844 2698 1910 2741 ἁγίωῗ

1105 2746 1238 2784 βασιλέων
1269 2746 1379 2782 στῆλαι,
1409 2747 1436 2775 εἷ’
1461 2759 1502 2779 τις
1533 2748 1625 2780 αὐταῖς
1649 2749 1848 2788 προσφεύξεται.
1871 2740 1911 2773 Καίὶ

1103 2790 1134 2818 σὺ
1149 2792 1194 2819 τὸν
1220 2794 1268 2819 τοῦ
1293 2795 1360 2820 Θεοῦ
1382 2793 1473 2828 ἱκέτην
1500 2793 1677 2832 ἁπεθρασύνω
1701 2794 1768 2831 πρὸς
1800 2793 1852 2831 βίαν
1873 2788 1910 2824 ἀρ-

1101 2836 1196 2873 πάσαι,
1223 2837 1387 2875 ἰταμώτατε.
1418 2839 1449 2866 ’Δ
1478 2837 1508 2866 δὲ
1533 2838 1602 2867 κατὰ
1637 2841 1690 2868 τῶν
1722 2838 1843 2868 ἐλεεινῶν
1868 2841 1909 2861 πα·
