1992 3158
80 187 128 216 55⁵1

544 186 694 218 ORATIO
718 186 827 217 ANNO
849 185 1100 218 AUSPlCANDO
1121 186 1283 217 HABITA.

1705 189 1767 219 558

78 251 156 280 πάδων
174 251 302 288 ἔζήμεσας
317 253 371 279 τῶν
395 253 445 279 τοῦ
471 253 548 287 θεοῦ,
577 251 603 280 εἴ
622 252 667 280 καὶ
689 251 881 291 διαρῥήγνυται

938 253 989 289 qui
1003 261 1020 281 ιι
1034 254 1151 289 raptore
1173 253 1339 287 audierunt,
1356 253 1392 281 ob
1408 261 1472 290 quas
1497 253 1591 282 sancti
1614 254 1764 292 lacryma-

80 296 217 334 ὁπονηρὸς
242 295 381 333 ἄνθρωπος
414 298 495 324 τοῦτο
526 297 643 332 ἀκούων,
674 296 825 335 λεγέτωσαν
853 299 879 325 o't

79 342 218 372 ἀκούσαντες
233 341 262 368 ἐκ
281 343 328 368 τοῦ
356 341 487 379 ἅρπαγος,
515 340 554 380 ἐφ’
579 342 618 373 οἷς
647 342 673 369 οἳ
699 342 745 379 μὲν
760 343 882 380 ἱεροπρε-

77 389 126 417 πεῖς
146 385 315 422 κλαύσονται,
336 386 362 412 οἱ
388 384 417 413 δὲ
441 387 638 425 περιφρονηταὶ
662 389 716 414 τῶν
741 387 818 414 θείων
835 397 880 424 γε·

78 430 198 466 λάσονται,
216 430 323 467 μήποτε
352 429 381 457 δὲ
404 430 450 458 καί
473 441 543 462 τινες
565 433 619 458 τῶν
636 430 880 467 ὲκκλησιαστικῶν,

77 476 114 506 οὓς
129 474 154 502 ἐκ
175 478 224 509 τῆς
250 474 351 513 ἀγορᾶς
375 475 388 502 6
410 477 459 502 τοῦ
483 478 550 503 Θεοῦ
575 476 637 507 ναὸς
654 475 799 513 δεξάμενος
814 483 880 509 καθ-

78 520 179 558 ιέρωσεν,
215 519 357 551 ὀκνοῦντας
397 520 443 556 μὶν
486 519 561 557 οἶμαι
599 521 732 559 ἱερᾶσθαι,
769 523 817 548 τοῦ
853 520 881 548 δὲ

76 565 198 602 ἀγοράζειν
223 563 381 601 ἐφιεμένους
405 564 442 596 ὡς
468 563 612 603 πρὸτερον.
638 565 690 594 Καί
707 567 760 602 μὴν
778 565 880 600 692:6-

74 620 142 640 ntoc
168 608 266 640 ἐκεῖνος
293 608 428 644 τελώνης,
453 610 491 641 εἷς
522 610 667 646 μαθητείαν
697 611 809 646 κληθεὶς
836 611 880 639 καὶ

75 653 240 692 προσληφθείς
261 655 302 690 τῷ
324 655 404 690 ἡμῶν
431 658 534 692 σωτῆρι
562 656 682 693 Χριστῷ⁷
700 655 749 682 ούκ
763 655 880 692 ἅνέκαμ-

75 702 113 736 ψεν
138 699 237 731 ἐσαῦθις
264 699 307 727 ἐπὶ
337 700 370 727 τὸ.
404 701 546 738 πρότερον.
587 700 689 728 Ούκοῦν
717 700 801 739 ἐχρῆν
835 702 880 729 καὶ

75 744 126 775 τοὺς
158 744 218 782 παρ’
252 745 320 780 ἡμῖν
359 744 451 782 ἱεροὺς
479 744 592 776 τούτους
631 745 793 784 γενομὲνους
831 748 881 781 τῆς

75 787 239 826 καθαρότητος
271 788 310 824 μὴ
341 789 525 825 ἀνακάμπτειν
556 789 600 817 ἐπὶ
622 789 687 822 τοὺς
711 789 794 818 πάλαι
818 801 881 828 συρ-

76 833 177 871 φετοὺς,
207 834 248 864 οἷς
278 832 471 871 ἐνετράφησαν.
510 835 542 861 Ὠ
572 835 711 871 ἁγιωτάτῃ
735 834 882 871 Ἐκκλησία

75 879 113 904 τοῦ
126 879 195 913 θεοῦ,
220 875 337 914 ἔμελλες
361 877 413 916 ἄρα
438 878 510 915 παρὰ
534 879 659 906 τοιούτου
684 878 780 917 ἀνδρὸς
803 890 882 918 περι-

76 919 227 960 υϐρισθῆναι.
253 921 317 950 Εἴθε
342 920 370 949 δὲ
394 920 436 957 εἷίη
460 924 541 950 τοῦτο
566 922 692 961 ἔσχατον,
717 923 817 960 καὶμή
833 923 882 952 ἄλ-

78 965 123 997 λως
137 966 217 1004 ἀρχὴ,
243 965 258 994 ὅ
281 966 327 994 καὶ
356 966 476 1003 μάλιστα
498 966 669 1007 πεφόϐημαι.
696 968 757 996 Ἐπὶ
777 967 806 996 δὲ
820 969 883 996 τού-

75 1021 120 1041 τοις
134 1011 218 1042 οὓτως
248 1011 300 1038 clari
329 1021 400 1042 τινες
430 1011 531 1039 ἁπαλοὶ
559 1012 607 1043 τὰς
632 1013 721 1050 ψυχὰς
748 1013 792 1040 καὶ
825 1024 884 1050 γεν-

74 1057 132 1082 ναῖοι
156 1054 242 1093 φέρειν
285 1054 358 1091 ἄχοη
396 1057 520 1093 τοιαῦτα,
555 1056 623 1084 ὥστε
659 1057 704 1084 καὶ
729 1057 884 1095 πρόσιόντες

75 1099 264 1135 ὑπαικαΛλουσι,
305 1100 350 1127 καὶ
379 1099 484 1138 γλυκέα
524 1100 670 1132 λαλοῦντες
708 1101 885 1139 παρακαλοῦ-

74 1154 105 1170 σιν
120 1143 153 1175 εἰς
175 1145 205 1171 τὸ
221 1145 291 1182 ὑπὲρ
315 1148 365 1179 τῆς
390 1143 443 1172 εἶπε
475 1145 594 1183 Σφιγγὸς
615 1145 726 1181 ταύτης,
758 1145 811 1174 εἷίτε
839 1146 884 1174 καὶ

75 1187 196 1224 Σκύλλης,
212 1189 248 1216 ὧν
281 1186 393 1227 ἔκατὲρα
418 1189 579 1227 ἀνθρώπους
605 1188 738 1228 ἥρπαζον,
766 1191 798 1218 οὐ
818 1191 889 1218 κατὰ

73 1231 110 1264 τὰς
129 1232 323 1270 περιᾳδομέφας
350 1233 495 1271 Ἁρπυίας,
522 1233 587 1262 ἀλλ’
614 1234 683 1262 ὥστε
708 1234 886 1273 διασπαράξαι

74 1277 103 1307 εἰς
128 1277 246 1315 ἄλεθρον.
276 1277 311 1305 Ti
335 1277 531 1316 παραλαλεῖτε,
566 1279 588 1306 ὧ
622 1278 715 1314 οὖτοι;
745 1280 885 1317 Εόξαίμην

74 1319 96 1348 ἄν
122 1321 250 1350 Οἰδίποδαὶ
279 1333 343 1350 τινα
373 1322 420 1350 καὶ
449 1325 494 1350 νῦν
525 1324 668 1362 εὑρεθῆναι
700 1323 718 1359 ἤ
747 1324 885 1359 Ὀδυσσέα,

74 1365 96 1396 ὃς
109 1365 177 1404 ἔσχεν
193 1366 222 1394 ἂν
248 1366 406 1406 ἐξαφανίσαι
433 1369 557 1395 τοιοῦτον
585 1369 679 1397 κακόν.
708 1369 821 1397 Σκύλλα
838 1370 886 1406 μὲν

72 1411 111 1448 γὰρ
136 1412 261 1446 Σικελική
291 1411 379 1446 ἐκείνη
417 1411 480 1443 τοὺς
520 1412 730 1450 παραπλέοντας
766 1413 886 1450 ἀνελάμ-

73 1452 136 1483 ϐανεν
164 1456 241 1492 ὑψοῦ,
281 1456 329 1484 καὶ
357 1456 444 1494 ἀπῆγε
479 1459 527 1484 τοῦ
559 1459 605 1494 ζῇν
623 1467 630 1474 ⁶
654 1459 671 1492 ἡ
702 1457 730 1485 δὲ
760 1457 884 1494 Θήϐηθεν

72 1498 143 1535 ἐκείνη
171 1501 252 1540 Σφὶγξ
279 1501 347 1532 τοὺς
368 1500 397 1528 ἐκ
418 1503 471 1528 τῶν
496 1500 629 1540 ὰμφόδων
658 1502 805 1540 ἀνάγουσα,
831 1502 887 1530 ἐθι-

72 1546 122 1571 vito
146 1545 186 1572 ἐπὶ
207 1548 261 1573 τῶν
286 1545 413 1574 τειχέων.
430 1546 486 1583 Θήρ
513 1545 542 1574 δὲ
564 1546 646 1578 οὗτος
672 1547 685 1574 6
701 1545 886 1578 Μακεδονικὸς

74 1588 112 1616 οὐκ
137 1589 163 1617 ἐκ
187 1587 322 1628 βεϐήλων,
339 1589 441 1626 τόπων,
478 1589 541 1618 ἀλλ’
567 1590 596 1618 ἐκ
632 1591 791 1627 μεσαιτάτου
818 1592 887 1619 θειο-

935 299 1055 331 buntur,
1072 299 1288 338 contemptores
1304 299 1402 325 autem
1420 297 1571 334 religionis
1596 300 1763 329 subsanna-

934 343 1018 377 bunt,
1039 342 1098 370 imo
1122 342 1165 370 vel
1192 342 1325 370 nonnulli
1350 342 1552 377 ecclesiastici,
1569 351 1643 379 quos
1658 352 1673 372 e
1699 346 1760 373 foro

935 390 1070 423 exceptos
1086 387 1230 423 templum
1246 387 1376 415 divinum
1386 388 1631 424 consecravit,qui
1642 390 1760 418 tantum

936 432 1019 460 abest
1035 433 1066 459 ut
1087 440 1170 460 sacro
1186 441 1306 460 munere
1322 432 1493 468 fungantur,
1509 434 1542 460 ut
1566 433 1654 461 veluti
1677 437 1762 462 antea

937 476 1060 512 negotiis
1085 476 1251 504 forensibus
1266 485 1369 504 vacare
1393 477 1526 513 cupiant.
1547 478 1759 506 Sanctissimus

936 521 985 553 ille
1008 520 1195 558 vectigalium
1220 524 1346 557 exactor,
1372 521 1423 558 qui
1447 530 1463 550 a
1487 524 1638 552 Servatore
1662 525 1763 553 nostro

936 566 1050 594 Christo
1065 569 1186 595 vocatus
1201 567 1275 594 inter
1291 567 1451 603 discipulos
1467 568 1670 605 recipiebatur,
1687 577 1764 598 nun-

936 619 1024 647 quam
1041 611 1187 647 prioribus
1209 611 1314 639 iterum
1340 612 1471 640 inhiavit.
1489 614 1583 645 Quare
1611 621 1662 641 nec
1680 614 1699 641 ii
1716 614 1766 649 qui

937 657 1016 684 inter
1026 656 1124 683 nos-ad
1137 656 1294 692 puritatem
1307 657 1468 684 consecrati
1479 657 1570 693 fuere,
1587 658 1622 685 ad
1632 659 1760 694 priorem

936 700 983 728 cui
998 700 1133 738 innutriti
1150 702 1234 728 erant
1249 700 1466 729 immunditiem
1480 701 1626 729 reﬂectere
1641 711 1764 731 cursum

936 745 1117 772 debuissent.
1133 747 1156 772 A
1172 745 1224 772 tali
1247 745 1337 781 igitur
1353 746 1469 773 homine
1484 748 1526 780 tu,
1544 755 1560 773 ο
1575 747 1764 776 sanctissima

939 789 986 818 Dei
1002 789 1140 823 Ecclesia,
1158 790 1335 817 contumelia
1358 798 1423 818 eras
1448 790 1621 818 efﬁcienda!
1646 791 1761 819 Utinam

936 842 1002 862 vero
1016 834 1070 862 hoc
1081 834 1149 861 ﬁnis
1160 834 1207 868 sit,
1218 843 1312 870 neque
1323 835 1421 870 potius
1432 835 1549 863 initium
1564 835 1569 863 l
1583 836 1672 864 Valde
1683 836 1762 865 enim

938 879 992 906 hoc
1006 879 1104 906 timeo.
1124 878 1167 906 Ad
1178 879 1238 906 haec
1250 881 1348 906 autem
1373 880 1493 915 quidam
1509 880 1580 908 adeo
1596 880 1677 908 molli
1693 883 1764 910 sunt

938 923 1036 951 animo
1054 926 1082 951 et
1097 925 1156 951 tam
1174 926 1328 951 mansuete
1343 924 1488 959 ejusmodi
1506 925 1630 960 injurias
1655 926 1763 962 ferunt,

939 969 970 995 ut
982 967 1154 995 accedentes
1179 968 1266 996 etiam
1278 967 1394 1004 placare
1415 971 1443 996 et
1467 969 1620 997 dulcisono.
1634 978 1702 998 voce
1718 970 1766 998 de-

939 1012 1067 1040 mulcere
1078 1014 1229 1047 conentur,
1245 1015 1272 1039 et
1283 1012 1312 1040 id
1323 1013 1442 1048 quidem
1456 1013 1483 1040 in
1496 1021 1527 1041 re
1538 1022 1601 1049 qua:
1612 1014 1765 1042 atrocitate

939 1059 1060 1092 superat
1089 1056 1220 1084 fabulam
1247 1057 1387 1093 Sphingis
1415 1065 1448 1085 ac
1469 1057 1570 1094 Scylla:
1590 1066 1654 1094 quis
1678 1059 1765 1087 ambo

939 1101 1073 1129 homines
1084 1103 1255 1137 rapuerunt,
1273 1109 1330 1128 non
1343 1103 1375 1129 ut
1385 1101 1441 1129 illae
1453 1110 1517 1137 qua:
1528 1101 1557 1129 in
1574 1102 1682 1131 fabulis
1697 1104 1768 1131 sunt

938 1146 1134 1182 Harpyiae,sed
1146 1145 1182 1173 ad
1195 1154 1244 1174 eos
1255 1145 1416 1174 miserabili
1431 1146 1494 1174 neci
1506 1147 1672 1175 tradendos.
1690 1148 1765 1180 Quid

939 1190 1103 1226 nugamini,
1131 1199 1147 1218 ο
1180 1189 1314 1218 miseri?
1342 1190 1517 1227 Magnoperc
1555 1199 1703 1228 cuperem,
1733 1194 1767 1220 ut

940 1235 1067 1270 OEdipus
1080 1234 1200 1270 quidam
1214 1237 1265 1262 aut
1278 1235 1400 1271 Ulysses
1411 1235 1573 1263 etiamnum
1585 1236 1767 1264 inveniretur

939 1280 990 1315 qui
1006 1279 1152 1313 eiusmodi
1178 1279 1287 1307 malum
1305 1279 1400 1307 delere
1424 1282 1553 1315 possent.
1569 1280 1663 1317 Scylla
1685 1281 1764 1308 enim

938 1323 990 1352 illa
1004 1323 1102 1351 Sicula
1126 1323 1401 1360 praeternavigantes
1418 1324 1447 1351 in
1471 1324 1564 1352 altum
1585 1325 1692 1360 ejectos
1707 1326 1766 1354 vita

940 1368 1064 1404 privavit
1077 1377 1083 1396 :
1095 1368 1207 1404 Sphinx
1220 1372 1315 1396 autem
1339 1368 1477 1396 Thebana
1501 1369 1634 1397 homines
1650 1377 1665 1397 e
1680 1370 1767 1398 biviis

941 1412 1060 1441 allectos
1073 1421 1163 1449 super
1174 1413 1255 1441 urbis
1268 1413 1414 1441 moenibus
1424 1414 1582 1441 devoravit.
1594 1413 1659 1442 Ηωο
1669 1416 1767 1442 autem

941 1458 1034 1485 bestia
1046 1457 1235 1486 Macedonica
1244 1466 1301 1485 non
1312 1465 1327 1485 e
1339 1457 1411 1485 locis
1419 1457 1560 1493 profanis,
1578 1458 1628 1486 sed
1640 1466 1655 1485 e
1672 1459 1769 1487 media

941 1502 1000 1530 ede
1015 1502 1114 1529 divina
1129 1509 1162 1529 eo
1186 1502 1237 1538 qui
1259 1501 1329 1530 illuc
1344 1503 1514 1538 confugerat
1534 1505 1632 1538 erepto
1647 1503 1767 1531 horrcn-

942 1547 1011 1574 dum
1028 1546 1176 1581 piaculum
1193 1546 1352 1574 commisit.
1362 1547 1404 1574 En
1421 1548 1565 1574 recentem
1582 1547 1658 1574 hanc
1674 1547 1766 1583 vobis,

942 1599 957 1619 ο
974 1592 1088 1626 fratres,
1113 1591 1234 1626 exposui
1256 1591 1406 1626 injuriam,
1430 1599 1533 1619 novam
1558 1591 1767 1620 contumeliam

74 1633 141 1660 ’πάτου
178 1633 253 1662 oi'xou
299 1634 419 1670 ἀρπάσας
451 1635 497 1663 τὸν
537 1635 610 1671 αύτῷ
650 1635 881 1675 προσ-πεφευγότα,

942 1635 1179 1670 ecclesiasticam,
1205 1635 1301 1663 scelus
1331 1635 1530 1669 manifestum,
1560 1635 1765 1672 nuperrimum

76 1675 137 1705 δεινὰ
155 1677 264 1711 διέθετο.
289 1679 448 1718 Πρόσφατον
475 1678 535 1707 ἰδοὺ
562 1682 642 1707 τοῦτο
670 1681 746 1717 ὑμῖν,
767 1681 790 1708 ὦ
806 1679 885 1709 ἀδελ-

77 1722 122 1760 φοὶ,
148 1725 340 1762 περιηγσάμην
380 1724 518 1764 φορτικὸν,
543 1726 638 1763 νεαρὰν
678 1723 753 1763 ὕϐριν
784 1725 884 1760 ἐκκλη-

77 1769 212 1803 σιιστικήν,
240 1769 371 1806 ὒπόγυιον
401 1769 529 1804 ἐλεεινὸν,
553 1770 648 1807 χθιζὸν
673 1771 824 1808 ἁμαρτημα
847 1769 885 1802 εἷς

75 1811 112 1838 τὸν
135 1813 205 1849 Θεὸν,
231 1811 395 1852 ἀδιαφορίαν
421 1811 539 1850 ἔκδικον,
566 1812 598 1849 ἤν
631 1814 680 1841 οὐκ
708 1814 738 1841 ἃν
763 1814 882 1853 ἀρνήση-

76 1861 121 1891 σθι,
147 1857 212 1892 πρὸς
241 1857 274 1893 ἤν
307 1858 357 1885 οὐκ
387 1857 416 1886 ἂν
445 1857 539 1896 ἔχοιτε
568 1858 652 1886 εἴπεῖν
682 1859 732 1886 τόσ
758 1871 772 1885 (ί
798 1859 906 1894 Πόθεν,

73 1902 140 1928 τοῦτο
155 1900 234 1937 δῆλον
255 1911 262 1937 ;
287 1914 304 1929 ››
328 1902 373 1930 καὶ
397 1902 428 1930 τό
445 1912 452 1918 ”
471 1914 484 1929 ‹‹
511 1906 722 1941 Συκοφαντεῖται
749 1904 762 1931 ὁ
779 1902 882 1942 ἄνθρω-

73 1954 124 1980 πος,
138 1959 150 1971 ››
165 1947 207 1974 καὶ
223 1947 254 1974 τό
272 1957 279 1964 '
311 1959 321 1973 ι
349 1946 566 1983 ⁷ΔποὸειΧθήτω.
583 1960 597 1974 ››
622 1948 654 1976 Ei
679 1947 707 1976 δέ
725 1959 796 1980 τινες
811 1949 882 1986 ἡμὲ-

72 1999 106 2026 pm
127 1991 235 2024 πλείους
259 1995 315 2020 τῶν
345 1991 427 2030 μέχρι
451 1995 501 2027 τῆς
528 1992 587 2030 ἄρτι
615 1993 766 2031 ἐμέτρησαν
787 1994 879 2031 καιρὸν

71 2034 231 2074 μακρότερον,
259 2034 310 2064 οὸκ
340 2035 398 2074 ἔχω
428 2037 669 2075 ἀπισχυρίσασθαι,
707 2038 744 2069 ὡς
773 2038 823 2066 οὐκ
850 2039 880 2066 ἂν

71 2077 245 2116 ἆπαιρνήσησθε
282 2081 329 2108 καὶ
372 2082 421 2115 τὴν
462 2081 607 2109 ἐνεστῶσαν
653 2082 879 2117 ἐκκλησιαπικήν

72 2122 175 2160 ἀτιμίαν.
206 2128 259 2153 Νῦν
288 2125 318 2153 δὲ
355 2126 407 2153 οὐκ
445 2124 514 2153 ἔστιν
553 2125 614 2154 οὔτε
638 2127 781 2160 ἀντειπεῖν,
817 2127 880 2154 οὐτε

72 2166 166 2204 ἄρνησιν
181 2173 366 2209 προενεγκεῖν.
391 2174 433 2205 Ὦ,
460 2170 517 2202 οἶος
544 2170 687 2209 ἅνθρωπος
702 2171 878 2208 κατεξανέατη

71 2214 205 2249 προνομίου
236 2214 486 2250 ἐκκλησιαστικοῢῐ
526 2214 558 2243 Τί
595 2216 769 2252 ποιήσομεν,
800 2215 827 2243 εἷ’
852 2227 878 2244 τι

73 2260 151 2292 μεῖζυν
176 2258 250 2287 ἔλθοι
282 2260 389 2294 ποθέν;
427 2259 601 2288 Μισιτεύεται
635 2261 649 2287 ὁ
685 2262 809 2291 τοιοῦτος
833 2260 878 2299 ὑφ’

941 1680 1079 1707 adversus
1088 1679 1179 1707 Deum
1187 1679 1579 1715 peccatum,indiﬂ‘erentiam
1587 1680 1764 1716 improbam,

941 1734 1030 1761 quam
1041 1733 1098 1752 non
1111 1725 1358 1760 difﬁtebimini,ad
1367 1733 1453 1760 quam
1466 1733 1522 1752 non
1535 1725 1655 1761 potestis
1673 1733 1764 1761 oppo-

940 1778 1009 1798 nere
1032 1769 1129 1798 illud:
1154 1769 1236 1797 Unde
1263 1769 1318 1797 hoc
1343 1769 1625 1797 manifestumiaut
1648 1769 1728 1798 istud
1754 1778 1760 1798 :

939 1814 1122 1842 Calumniam
1138 1814 1226 1842 homo
1242 1814 1360 1849 patitur,
1369 1817 1419 1842 aut
1434 1814 1488 1842 hoc
1504 1822 1510 1841 :
1530 1815 1761 1843 Demonstretur.

938 1859 1079 1894 Equidem
1097 1862 1128 1887 ut
1138 1858 1198 1887 haec
1209 1867 1255 1887 res
1267 1858 1491 1894 aliquotdiebus
1503 1859 1585 1895 prius
1601 1861 1652 1887 aut
1667 1859 1762 1887 serius

938 1904 1084 1938 acciderit,
1102 1903 1175 1931 nihil
1199 1911 1355 1939 opponam,
1373 1903 1449 1931 sicut
1463 1912 1513 1931 vos
1537 1903 1588 1931 Dei
1605 1903 1762 1932 Ecclesiam

937 1949 1158 1976 dehonestatam
1175 1956 1239 1976 esse
1255 1956 1312 1975 non
1328 1948 1550 1984 negabitis.Jam
1568 1957 1662 1984 neque
1673 1957 1763 1985 oppo-

937 1993 1023 2020 nendi
1036 1995 1081 2021 est
1092 1993 1284 2028 loeus,neque
1297 1993 1433 2029 negandi.
1450 1992 1550 2024 Qualis
1561 1995 1659 2021 autem
1675 1993 1762 2021 homo

936 2037 1157 2073 prmrogativam
1182 2036 1410 2065 ecclesiasticam
1429 2036 1546 2065 violavit
1560 2036 1566 2064 l
1583 2037 1657 2068 Quid
1674 2037 1762 2065 facie-

936 2082 1041 2115 mus,si
1057 2081 1126 2116 quid
1143 2081 1263 2116 gravius
1278 2081 1412 2108 alicunde
1428 2081 1762 2109 accideritPPatrocinio

935 2129 1030 2154 vestro
1047 2125 1154 2152 fruitur
1167 2125 1232 2158 iste,
1249 2133 1265 2152 ο
1281 2124 1403 2152 humani
1422 2125 1607 2158 mediatores,
1624 2125 1761 2160 quamvis

934 2169 1076 2198 violentiae
1101 2169 1231 2202 inimici;
1248 2169 1532 2204 igiturjustiﬁcatus
1553 2169 1601 2196 sit.
1618 2169 1759 2196 Craterum

935 2223 991 2242 non
1008 2222 1129 2251 possum
1145 2214 1217 2250 quin
1229 2213 1284 2241 hac
1295 2213 1329 2241 de
1340 2221 1371 2241 re
1382 2213 1544 2249 sepissime
1557 2213 1701 2249 lucrymas
1713 2222 1759 2241 me

934 2260 1070 2288 fusurum
1087 2258 1270 2295 promittam.
1286 2258 1377 2285 Nobis
1393 2258 1510 2286 miseris
1534 2266 1592 2285 non
1608 2257 1760 2285 sufﬁciunt

73 2298 146 2337 ὑμῶν,
173 2301 194 2329 ὦ
223 2302 412 2341 φιλάνθρωποι
430 2306 547 2340 μεσῖται,
573 2305 609 2341 μή
640 2314 692 2331 που
720 2303 749 2331 δὲ
777 2305 822 2332 καὶ
838 2298 880 2344 φὶ-

938 2304 1090 2332 innumera
1104 2312 1166 2339 quae
1194 2303 1279 2330 nobis
1303 2302 1426 2330 invicem
1452 2302 1659 2330 machinamur
1671 2302 1759 2335 mala,

72 2342 192 2383 λάρπαγες
209 2357 215 2362 ·
242 2348 288 2375 καὶ
318 2345 386 2375 ἔστω
411 2346 632 2385 δεδικαιωμένος.
657 2349 824 2381 Ἀποκείσθω
844 2342 879 2377 Ἶδέ

73 2398 110 2423 μοι
124 2389 211 2429 λόγος,
228 2392 266 2424 ὡς
284 2391 343 2420 ἀντὶ
364 2392 468 2420 τούτων
493 2391 587 2420 πολλὰ
611 2392 784 2430 κλαυσόμεθα
804 2393 878 2421 ὅστι-

71 2441 118 2467 ρον.
132 2435 186 2463 Οὐκ
199 2435 278 2473 ἀρκεῖ
299 2439 359 2468 τοῖς
386 2436 516 2468 ἐλεεινοῖς
540 2438 621 2474 ἡμῖν,
646 2437 695 2465 ὅσα
715 2439 773 2466 κατ’
789 2437 878 2474 ἀλλή-

934 2349 983 2377 sed
996 2349 1058 2385 jam
1075 2348 1162 2376 etiam
1187 2350 1243 2375 Deo
1258 2347 1318 2375 vim
1336 2347 1500 2382 inferimus,
1517 2349 1550 2374 ut
1571 2346 1682 2375 scilicet
1700 2349 1759 2374 ter-

933 2401 998 2422 rore
1012 2393 1165 2430 perculsus
1191 2392 1235 2420 vel
1252 2392 1363 2420 invitus
1379 2400 1519 2428 prospera
1543 2391 1612 2420 anni
1628 2391 1760 2428 auspicia

934 2439 1019 2467 nobis
1034 2438 1174 2467 concedat
1186 2437 1192 2465 ι

71 2474 116 2504 λων
141 2480 345 2518 τικταινόμεθα,
384 2481 420 2509 ὧν
452 2481 514 2509 ούδὶ
549 2479 620 2510 ἔστιν
651 2483 767 2521 ἀριθμός
786 2493 792 2500 ·
810 2482 873 2511 ἀλλ’
903 2482 962 2512 ἰδοὺ
992 2482 1036 2510 καὶ
1065 2482 1122 2510 κατ’
1151 2481 1234 2509 αὐτοῦ
1260 2482 1326 2508 Θεοῦ
1355 2479 1486 2518 γινύμεθα
1514 2480 1634 2518 ἰσχυροὶ,
1662 2479 1700 2512 ὣς
1728 2479 1759 2508 ἂν

69 2521 142 2559 οἶμαι,
156 2526 284 2561 πτοηθεὶς
301 2525 438 2564 ἑύλογήσῃ
454 2525 525 2554 ἄκων
542 2528 609 2564 ἡμῖν
625 2528 670 2555 τὸν
688 2528 816 2567 στέφανον
832 2530 881 2556 τοῦ
896 2527 1031 2556 ἐνιαυτοῦ.

94 2585 136 2618 ιζ’.
160 2585 247 2622 Ἀλλ’,
276 2588 300 2615 ὦ
328 2588 419 2625 Κύριε,
454 2587 548 2626 Κύριε,
581 2587 702 2627 ὅρθωσον
730 2591 816 2627 ἦμᾶς,
845 2591 876 2618 οὐ

67 2630 284 2666 προσκόπτοντας,
311 2632 342 2659 ού
375 2631 594 2670 σφαλλομένους,
631 2635 663 2661 ού
691 2634 871 2662 καταπίπτον-

67 2679 113 2705 τας,
137 2674 197 2702 οὐδὲ
224 2677 422 2708 καταπεσόντας
451 2676 520 2715 ἄρτι,
548 2677 612 2706 ἀλλ’
640 2678 670 2706 ἐκ
699 2681 804 2717 μακροῦ
828 2679 873 2706 καὶ

68 2716 202 2755 κείμένους,
230 2721 275 2748 καὶ
303 2721 341 2757 τῷ
366 2722 493 2758 πτώματι
525 2723 556 2750 ού
584 2723 666 2760 μόνον
690 2722 873 2761 ἐμὸραδύνον-

69 2767 119 2806 τῇς,
141 2762 210 2791 ἀλλά
225 2766 269 2792 καὶ
299 2764 506 2802 ἐμϐαθύνοντας.
533 2767 692 2806 Εύλόγησον
720 2769 806 2805 ἡμᾶς,
829 2767 876 2795 ἵνα

71 2803 156 2851 0570):,
184 2809 388 2847 εὐλογηθέντων
424 2812 516 2848 ἡμῶν,
552 2813 597 2840 καὶ
615 2803 785 2846 ἰάκολούθιυς
812 2813 876 2851 ἀρε-

73 2849 178 2880 σκόντων
194 2864 246 2889 σοι,
271 2854 432 2894 ὠλογηθειη
460 2855 503 2884 καὶ
528 2857 542 2884 6
565 2856 668 2889 κύκλος
683 2860 742 2896 ετοῦ
757 2849 877 2886 ἐνιαυτοῦ

968 2590 1070 2618 27.Sed
1083 2592 1144 2623 tu,o
1156 2587 1368 2624 Domine,erige
1376 2587 1494 2623 nos,qui
1505 2595 1561 2615 non
1569 2587 1758 2629 oti'endimus,

927 2644 986 2663 non
1002 2634 1146 2668 cedimus,
1159 2642 1216 2661 non
1233 2633 1359 2666 ruimus,
1370 2639 1463 2668 neque
1479 2640 1568 2668 super
1583 2632 1756 2666 cecidimus,

928 2680 978 2708 sed
996 2687 1031 2707 ex
1055 2679 1140 2714 longo
1155 2677 1223 2705 inde
1238 2679 1381 2712 tempore,
1397 2679 1426 2704 et
1447 2677 1592 2712 jacemus,
1610 2679 1639 2704 et
1655 2683 1756 2704 casum

930 2732 987 2752 non
1003 2723 1098 2752 solum
1117 2721 1382 2759 protrahimus,sed
1399 2721 1486 2749 etiam
1504 2721 1756 2758 augemus.Bene-

931 2769 1012 2797 dicas
1028 2767 1122 2804 nobis,
1140 2769 1172 2795 ut
1187 2766 1240 2799 sic,
1258 2766 1306 2793 ubi
1326 2766 1541 2795 benedictionis
1557 2768 1613 2794 tum
1639 2764 1756 2800 partici-

931 2823 983 2851 pes
998 2814 1118 2849 ideoque
1133 2813 1186 2841 tibi
1203 2811 1277 2848 grati
1294 2811 1360 2839 facti
1376 2811 1496 2844 erimus,
1509 2819 1560 2847 per
1574 2812 1655 2838 tuam
1671 2809 1754 2837 beni-

933 2859 1074 2896 gnitatem
1089 2858 1176 2886 etiam
1201 2855 1330 2885 circulus
1354 2856 1422 2884 anni
1447 2855 1645 2884 benedicatur.
1662 2854 1753 2883 Aliter
