2021 3176
257 174 318 205 559

645 170 857 204 EUSTATHI!
879 167 1263 202 THESSALONIGENSIS
1284 169 1580 203 METROPOLITE
1897 176 1940 207 500

259 241 338 270 enim
363 240 418 268 hoc
442 239 504 268 ﬂeri
525 247 583 267 non
611 246 697 275 posse
725 239 798 267 bene
822 236 977 274 perspicio.
993 235 1081 264 Nobis

1139 233 1184 262 διὰ
1209 238 1264 271 τῆσ
1291 239 1342 271 σῆς
1372 237 1576 275 χρηστότητος”
1607 237 1725 270 Ἀλλως
1751 238 1815 277 γὰρ,
1837 241 1895 268 καθᾶ
1908 253 1940 270 συν

260 286 338 315 enim
353 284 536 321 impossibile
551 284 605 312 hoc
621 284 657 311 ob
673 280 971 318 perversitatem.Tibi
987 282 1085 308 autem

259 330 315 359 soli
343 329 494 366 possibile,
517 330 619 364 utpote
647 327 842 363 omnipotenti
871 325 1085 360 hominumque

259 374 365 403 amico.
380 371 578 400 Tolerantiam
599 370 683 400 nobis
707 370 821 405 exhibe,
837 369 906 397 licet
931 367 1086 396 tolerantia

259 418 374 455 indigni
402 418 506 446 simus.
521 417 674 444 Conducas
689 416 877 451 impeluosos.
896 414 1027 442 Reducas
1041 421 1085 441 er-

260 466 369 492 rantes.
386 464 491 491 Rectos
506 461 612 490 reddas
634 468 796 499 perversos.
822 459 994 489 Promoveas
1017 458 1086 486 edo-

260 516 385 546 ceasque
400 507 465 536 illos
480 508 530 544 qui
546 508 582 536 ad
599 507 737 544 puerilem
749 515 782 535 ac
798 507 954 543 reprobum
964 512 1085 533 sensum

261 563 326 585 sese
341 555 559 583 converterunt.
577 552 738 580 Corrobora
753 551 927 584 dissolutos,
943 549 1086 578 conﬁrma

261 600 520 635 debiles,illumina
529 598 799 633 stolidos,conclona
810 595 994 633 prudentiam
1003 603 1085 623 men-

259 647 288 672 te
299 644 530 680 captis.Institue
541 651 604 676 nos,
622 645 653 670 ut
678 650 736 670 non
747 643 935 677 exspetamus
945 640 1084 667 demons-

259 689 416 718 trationem
432 689 468 716 de
483 687 591 724 quibus
607 686 854 721 erudimur.S:epe
869 685 945 713 enim
962 685 1085 712 interro-

259 741 366 770 gamus
382 741 389 760 :
407 733 488 760 Unde
503 732 732 765 demonstratur,
746 739 799 759 nos
814 729 988 767 peccare?0
1002 729 1085 765 igno-

260 778 386 806 rantiam
401 777 406 805 l
425 780 485 805 Non
507 777 689 812 judicamur,
706 784 721 804 ο
738 775 852 810 fratres,
870 783 927 803 non
951 773 1085 810 coargui-

262 831 339 856 mur,
355 830 413 850 non
429 822 544 850 curiose
559 820 800 856 inquirimur,sed
816 819 1021 847 tantummodo
1037 827 1087 854 per

261 867 477 895 institutionem
493 866 694 894 admonemur.
711 864 878 892 Admonitio
893 866 990 892 autem
1007 862 1085 891 haud

263 919 379 947 semper
395 918 514 938 necesse
529 912 573 938 est
588 912 619 937 ut
634 911 784 944 peccatum
799 908 976 936 antecedens
990 910 1084 941 sanet,

263 955 315 983 sed
343 955 490 983 interdum
515 961 691 990 praeservare
719 953 815 988 debet,
835 952 1085 988 quemadmodum

259 999 401 1028 nonnulla
425 999 650 1027 medicamenta.
667 998 697 1026 Si
723 998 814 1034 igitur
839 1006 885 1025 me
908 998 1085 1025 admonente

257 1044 398 1077 ell'eraris,
415 1052 430 1072 ο
448 1045 545 1077 frater,
563 1051 657 1080 neque
672 1043 786 1079 placide
810 1051 896 1070 aures
913 1041 985 1069 mihi
1012 1050 1084 1078 prea-

257 1089 320 1122 bes,
345 1088 397 1116 sed
426 1088 691 1116 demonstrationes
719 1087 853 1124 requiris,
887 1086 1084 1122 suspicionem

257 1142 357 1161 moves
371 1133 450 1169 quod
474 1133 556 1169 prius
572 1133 746 1169 peccaveris.
767 1135 823 1159 Cur
842 1131 933 1167 igitur
956 1131 1083 1166 teipsum

257 1178 381 1214 prodis?
394 1180 451 1206 Cur
473 1178 691 1206 accusationem
715 1177 856 1205 adversus
873 1178 900 1204 te
921 1175 1085 1212 provocas?

257 1222 371 1250 Audisti
396 1222 646 1256 admonitionem;
663 1222 753 1250 adora
774 1224 802 1249 et
818 1220 882 1254 sile,
899 1223 931 1248 ut
954 1219 996 1248 sic
1021 1227 1085 1255 pec-

258 1266 314 1294 cati
330 1275 432 1303 expers
447 1275 503 1302 app
508 1274 602 1294 areas.

292 1358 338 1385 28.
352 1359 418 1385 Haec
433 1357 524 1393 igitur
538 1356 581 1385 sic
605 1355 636 1383 in
662 1355 758 1389 nobis,
772 1363 788 1382 ο
805 1355 949 1389 Servator,
967 1353 1082 1389 perﬁce,

258 1402 467 1430 contumeliam
483 1400 584 1429 cohibe
609 1399 738 1428 ecclesiae
751 1399 863 1427 illatam
887 1401 916 1427 et
940 1398 1083 1434 impetum

257 1446 342 1474 illum
359 1446 511 1479 audacem,
524 1445 720 1477 insensatum,
733 1441 1083 1479 illiberalem,illegalem,

258 1491 361 1518 multis
375 1489 543 1518 verberibus
552 1487 980 1524 dignum,sacrilegum.Annon
992 1487 1039 1515 hic
1047 1487 1084 1515 de

258 1534 411 1570 sacrilegio
429 1533 525 1569 agitur
535 1533 679 1568 ejusmodi
695 1533 772 1569 quod
783 1532 828 1560 vel
842 1532 989 1560 infaustus
1000 1532 1082 1559 Afra-

257 1582 304 1608 tas
317 1586 473 1614 agnoscere
488 1577 613 1606 debeat?
624 1577 701 1606 Alias
711 1578 789 1606 enim
805 1576 991 1613 sacrilegium
1006 1575 1082 1604 clam

1139 282 1206 317 ορῶ,
1232 281 1353 318 γενέσθαι
1375 283 1457 309 τοῦτο
1483 281 1514 309 οὐ
1543 281 1664 312 δυνατόν.
1681 283 1724 312 Οὸ
1750 282 1860 312 δύνατὸν
1881 284 1904 313 δὶ
1920 288 1942 316 τά

1139 334 1170 362 γε
1189 323 1227 356 εἷς
1253 326 1327 362 ἡμᾶς
1347 327 1414 360 ἧκον
1440 325 1469 354 ἐκ
1495 325 1678 366 φαυλότηττς.
1708 327 1760 355 Σοί
1782 327 1811 356 δὶ
1830 329 1897 366 μόνῳ
1910 330 1942 358 Ξυ-

1140 369 1229 404 νατὸν,
1251 372 1291 406 τῷ
1318 371 1362 398 καὶ
1393 369 1593 408 παντοδυνάμῳ
1619 373 1664 400 καὶ
1693 372 1942 412 φιλανθρώπῳ,Ἀν.

1141 414 1209 459 έχου
1250 414 1343 451 ἡμῶν,
1371 414 1394 444 εί
1423 415 1466 444 καὶ
1500 417 1538 453 μή
1568 416 1647 454 ἐσμεν
1677 418 1752 455 ἄξιοι
1780 421 1829 453 τῆς
1852 419 1943 459 ἀνοχῆς,

1139 457 1252 495 Ὀδήγει
1291 464 1531 499 παροιστροῦντας.
1573 454 1708 501 Ἐπάναγέ
1753 454 1940 501 πλανωμένοῖδς,

1140 503 1254 542 Διόρθου
1283 503 1511 543 στεὸλουμένους.
1552 507 1708 543 Ἐνηλικίου
1747 508 1793 535 καὶ
1820 510 1943 548 σωορὼιζι

1140 549 1338 587 στρεφομένους
1367 551 1405 582 είς
1433 550 1604 589 παιδαριώδη
1633 554 1696 580 νοῦν
1730 551 1873 589 ἀδόκιμον.
1890 555 1944 592 Σύρ-

1141 594 1224 632 ῥαπτι
1264 594 1509 632 παραλυομένους,
1550 595 1735 634 ἐκλυομένους
1781 598 1944 635 συνάρμοττιΥ

1136 639 1234 676 ,σόφιζε
1262 639 1494 676 ἀπονενοημένους
1519 650 1525 657 ·
1556 639 1652 669 tmen
1679 644 1745 669 γοῦν
1777 641 1944 670 ἀπολωλεκόσι

1139 683 1186 714 τὰς
1215 683 1297 722 ἀρθεὶς
1321 684 1429 722 φρένας.
1455 683 1564 721 Δίδαξον
1584 687 1660 723 ἡμᾶς
1686 687 1726 723 μή
1753 687 1872 714 ἀπαιτεῖν
1895 687 1944 715 ἀπο-

1141 727 1245 764 δείξεις,
1276 728 1316 767 έφ’
1342 729 1381 760 οἶς
1421 730 1679 768 παραγγελλόμεθα.
1725 731 1836 769 Συγνὸν
1864 731 1906 768 γὰρ
1927 732 1943 758 ἐη

1140 774 1208 809 ἡμῖν
1233 773 1277 800 καὶ
1305 774 1358 801 τὸ⁶
1389 787 1402 800 ‹‹
1433 775 1516 803 Ηόθεν
1546 775 1690 813 νηλοῦται,
1707 777 1752 804 δτι
1783 776 1942 813 πταίομενςιι

1140 818 1174 845 Ὠ
1198 821 1248 852 τῆς
1272 817 1551 856 ἀνεπιστημοσύνηςι
1577 821 1617 848 Οὐ
1648 819 1831 858 δικαζόμεθα,
1854 820 1875 848 ὦ
1888 821 1943 849 ἀδελ·

1141 862 1198 901 φοῖ,
1229 862 1278 890 οὐκ
1307 862 1518 901 έξελειγχόμιθαιι
1559 864 1590 892 οὐ
1630 864 1941 903 πολυπραγμονούμεθαδ

1143 907 1222 943 μόνον
1257 905 1285 934 δὲ
1326 905 1521 940 διδασκανικῶς
1550 909 1775 947 παραινούμεθα.
1812 910 1942 947 Παραίνεσις

1141 950 1170 979 δὲ
1195 951 1246 979 οὐκ
1272 951 1298 987 ἐξ
1332 952 1452 990 ἀνάγκης
1490 954 1579 981 ἅπασα
1607 954 1792 991 θεραπευτικὴ
1824 954 1864 982 ἐπὶ
1892 955 1940 993 eaei-

1140 1006 1213 1023 σαντι
1243 996 1431 1034 ἁμαρτήματι,
1461 996 1535 1025 am
1562 1009 1616 1026 που
1653 999 1699 1026 καὶ
1722 998 1940 1038 προφυλάσσουσι,

1140 1041 1222 1068 ὁποῖα
1260 1039 1293 1076 δή
1330 1052 1391 1068 τινα
1427 1042 1472 1069 καὶ
1503 1042 1536 1069 τὰ
1573 1043 1730 1080 ἱατρευτικὰ
1760 1044 1895 1083 φάρμακα.
1919 1044 1940 1071 Ei

1138 1088 1202 1124 γοῦν
1228 1085 1274 1113 καὶ
1303 1085 1370 1122 ἐμοῦ
1394 1089 1588 1124 παρρινοῦντνς
1617 1088 1784 1126 έξαγριαίνῃ,
1811 1089 1833 1116 ὦ
1855 1087 1940 1126 dauci,

1138 1130 1183 1158 καὶ
1199 1130 1230 1158 οὐ
1251 1133 1398 1168 προσηνῶς
1419 1131 1553 1167 ἀκούσεις,
1574 1131 1648 1160 ἀλλὰ
1673 1132 1810 1171 ἔλέγχους
1835 1134 1940 1165 ἆπαιτιῐς,

1139 1174 1266 1202 ὐπόνοιαν
1296 1176 1424 1212 πέμπεις,
1463 1176 1505 1204 ὅτι
1542 1177 1642 1210 σθάσας
1676 1174 1804 1209 ἔπαισας.
1842 1178 1872 1206 Τί
1895 1179 1940 1215 γοῦν

1139 1219 1248 1246 σεαυτὸν
1277 1219 1406 1257 φαίνεις;
1436 1220 1470 1249 Τί
1509 1221 1673 1259 κατηγορίαν
1713 1221 1823 1258 ἐνιστᾷς
1850 1221 1887 1249 ἰπὶ
1912 1220 1940 1248 eoi

1138 1262 1234 1298 aii-.1};
1251 1263 1385 1294 Ἤκουσας
1413 1263 1567 1302 παραίνεσιν
1586 1279 1589 1281 -
1620 1266 1826 1304 προσκύνησον,
1852 1265 1890 1293 καὶ
1912 1264 1940 1291 σί-

1137 1317 1233 1346 γησον,
1249 1307 1286 1339 ὡς
1302 1308 1332 1335 ἂν
1349 1309 1420 1336 οὕτω
1432 1307 1543 1344 δοκοίης
1558 1309 1765 1348 ἀναμάρτητος.

1173 1352 1226 1386 κη’.
1251 1352 1341 1380 Ταῦτά
1354 1362 1384 1380 τε
1408 1351 1452 1380 οὖν
1481 1352 1567 1385 οὕτως
1590 1353 1618 1381 ἐν
1643 1354 1723 1390 ἡμῖν,
1752 1353 1775 1381 ὦ
1801 1355 1939 1390 26mm,“-

1136 1395 1273 1433 τάρτισον,
1300 1396 1345 1424 καὶ
1375 1399 1472 1429 στῆσον
1503 1399 1553 1433 τὴν
1588 1397 1647 1426 ἰδοὺ
1685 1399 1757 1426 κατά
1785 1402 1834 1433 τῆς
1862 1395 1940 1430 lxxiv,-

1138 1440 1197 1471 σίας
1213 1437 1302 1478 ὕϐριν,
1316 1442 1359 1468 καὶ
1384 1441 1415 1469 τὸ
1441 1442 1500 1469 κατ’
1523 1441 1608 1477 αὐτῆς
1632 1441 1801 1480 έμπήδημα,
1819 1443 1849 1470 τὸ
1863 1443 1936 1478 θρασὺ,

1136 1485 1167 1513 τὸ
1193 1484 1345 1522 ἀλόγιστον,
1369 1486 1400 1513 τὸ
1428 1485 1600 1520 ἀπαίδευτον,
1627 1487 1658 1514 τὸ
1686 1485 1817 1524 ἕκνομον,
1839 1487 1867 1514 τὸ
1887 1487 1938 1514 πολ·

1138 1529 1194 1557 λῶν
1222 1529 1335 1567 πληγῶν
1363 1531 1448 1566 ἄξιον,
1477 1531 1508 1558 τὸ
1537 1530 1718 1569 ἱεροσυλικόν.
1748 1531 1802 1560 Καὶ
1832 1532 1881 1568 μὴν
1903 1531 1938 1559 οὐκ

1138 1573 1207 1602 ἔστιν
1238 1574 1349 1602 ἐνταῦθα
1374 1574 1495 1612 αὔλημα,
1517 1574 1563 1603 ’ίνα
1587 1576 1631 1603 καὶ
1657 1576 1812 1614 ἱεροσυλεῖν
1837 1575 1937 1610 domini

258 1626 287 1651 et
302 1610 461 1650 invoeculto
477 1622 638 1659 perpetrari
653 1622 736 1650 solet.
754 1623 804 1650 Hic
821 1610 925 1650 auten;
944 1621 1018 1649 nihil
1033 1629 1080 1648 oo-

1139 1617 1285 1658 ἀπόφημος
1313 1610 1473 1658 Ἀφρατᾶςῖ
1514 1619 1590 1656 Συλᾷ
1631 1610 1691 1657 μὶνῖ
1714 1622 1769 1658 γὰρ
1799 1620 1937 1648 ὁπωσοῦνό

261 1667 332 1695 culti
347 1669 392 1696 est
407 1669 458 1695 aut
473 1667 647 1703 absconditi,
664 1667 724 1695 imo
741 1667 827 1703 plena
850 1666 915 1694 luce
930 1666 960 1694 in
986 1665 1081 1693 homi-

257 1720 389 1748 numque
402 1714 561 1749 conspectu
575 1712 624 1740 ille
631 1712 667 1739 ad
677 1712 768 1740 Deum
779 1719 879 1748 preces
895 1711 1005 1739 faciens
1013 1718 1080 1738 eum

255 1756 395 1784 violentia
405 1757 528 1785 abactus
537 1757 590 1791 esi,
601 1756 740 1792 sacrilege
749 1759 866 1792 ereptus
876 1756 903 1792 (θ
912 1755 1021 1791 templo
1036 1754 1081 1782 ni-

255 1801 376 1837 mirum)
392 1804 420 1828 et
445 1801 588 1829 deductus
613 1801 702 1828 veluti
717 1809 734 1828 a
748 1801 842 1829 bestia
860 1801 922 1828 fera
943 1799 1081 1828 dentibus

253 1846 405 1873 frendente
422 1847 450 1873 et
473 1845 536 1881 apri
551 1845 645 1873 instar
666 1847 834 1881 spumante.
850 1844 949 1873 Oculis
964 1843 1080 1880 ,nostris

253 1889 349 1917 adhuc
379 1890 570 1918 observantur
595 1889 672 1918 mala
695 1890 724 1918 in
757 1889 839 1917 urbis
864 1889 1080 1925 expugnatione

254 1934 339 1962 nobis
354 1933 445 1968 illata,
469 1943 595 1970 quarum
612 1937 746 1962 auctores
768 1934 798 1961 in
815 1933 918 1970 primis
933 1933 992 1961 Afri
1008 1942 1024 1962 θ
1038 1933 1079 1961 Si-

252 1978 321 2006 cilia
335 1980 526 2007 adventantes
542 1979 631 2006 i‘uere.
648 1979 714 2007 Jam
727 1987 794 2006 vero
808 1978 874 2007 vilis
894 1979 950 2006 iste
966 1979 1080 2006 Afratas

254 2023 327 2050 mihi
342 2023 458 2052 videtur
473 2032 550 2051 unus
565 2031 630 2051 esse
645 2031 678 2051 ex
693 2023 752 2051 illis
774 2023 854 2052 Afris
869 2023 919 2059 qui
934 2023 977 2051 vel
994 2031 1079 2050 sanc-

253 2068 293 2096 tis
309 2067 441 2096 ecclesiis
457 2075 562 2095 manus
576 2068 751 2103 injecerunt.
769 2067 836 2095 Illos
851 2070 949 2095 autem
966 2067 1078 2095 utinam

252 2120 406 2147 nunquam
421 2112 452 2140 in
469 2114 618 2148 posterum
634 2112 817 2146 videamus,o
831 2114 965 2140 Servetor
979 2115 1081 2140 noster

253 2156 332 2184 Deus
356 2159 385 2184 et
408 2157 576 2192 redemptor
600 2159 629 2184 et
643 2156 800 2185 liberatori
815 2159 898 2184 Hunc
922 2158 1020 2185 autem
1035 2157 1079 2184 vi-

251 2202 384 2236 deamus,
400 2203 430 2229 et
443 2201 541 2237 ipsum
568 2201 717 2229 meliorem
734 2201 854 2236 factum,
869 2204 898 2229 et
922 2201 996 2229 alios
1017 2209 1079 2229 me-

250 2245 340 2274 liores
360 2246 542 2274 reddentem.
559 2246 603 2274 Tu
619 2245 649 2273 in
674 2245 878 2274 misericordia
892 2248 920 2273 et
934 2246 1078 2282 vituperio

1136 1663 1406 1702 -ιταριαικρυτττόμενος⁹
1437 1665 1568 1696 Ἐνταῦθα
1596 1663 1624 1692 δὲ
1654 1664 1731 1693 οὐδέν
1763 1676 1789 1694 τι
1821 1667 1937 1704 κρυφαῖον,

1136 1707 1198 1736 οὐδὲ
1218 1707 1368 1746 λαθραῖον*
1397 1707 1470 1736 ἀλλά
1493 1708 1591 1745 ἀνέδην
1618 1710 1670 1737 ὑπὸ
1695 1711 1768 1747 φωτί
1793 1709 1933 1744 αἰθριάζῡντι

1135 1753 1179 1779 καὶ
1209 1751 1434 1792 όφθαλμοφανείᾳ
1461 1753 1476 1780 ὁ
1505 1753 1543 1784 εἰς
1571 1753 1635 1781 Θεὸν
1665 1753 1804 1786 ἱκετεύσας
1833 1753 1934 1790 ἀπήχθη,

1134 1796 1263 1832 συληθεὶς
1289 1797 1335 1834 μὲν
1360 1796 1468 1834 (οὐκοῦν
1497 1797 1528 1825 ἐκ
1554 1800 1604 1825 τοῦ
1633 1797 1731 1836 ῗεροῠ),
1747 1795 1935 1838 ἀφαρπαγεὶςδὶ

1134 1841 1172 1873 ὡς
1201 1842 1252 1869 ὑπὸ
1280 1842 1374 1880 θηρὸς,
1413 1842 1567 1880 τιτριγότος
1605 1841 1718 1875 ὀδόντας
1757 1844 1805 1872 καὶ
1830 1840 1934 1870 σιιλῶδις

1134 1886 1344 1924 ἀπαφρίζοντος.
1375 1887 1432 1914 Ἔτι
1459 1887 1512 1923 πρὸ
1542 1886 1691 1926 ὀφθαλμῶν
1714 1889 1774 1916 οἷον
1799 1889 1862 1924 ἡμῖν
1879 1886 1905 1913 τὰ
1916 1884 1934 1912 ἦν

1133 1932 1167 1968 τῇ
1197 1931 1296 1959 ἀλώσει
1320 1931 1400 1966 κακὰ,
1429 1932 1466 1959 ὦν
1497 1931 1654 1970 συνεργάται
1681 1932 1845 1970 ὁτιμάλιστα
1870 1931 1891 1958 oi
1913 1929 1934 1956 ἒιι

1135 1974 1263 2006 Σικελίας
1291 1977 1397 2015 Ἀφροι.
1423 1978 1512 2003 Ἔστω
1539 1975 1572 2011 δὴ
1611 1977 1654 2004 καὶ
1685 1977 1699 2004 ὁ
1728 1977 1851 2015 πιτυρίας
1875 1975 1934 2003 οὗτος

1133 2021 1275 2060 Ἀφρανᾶς,
1305 2021 1341 2051 ὡς
1365 2020 1410 2048 οἷά
1437 2031 1478 2053 τις
1503 2021 1542 2052 εἷς
1567 2020 1677 2049 ἐκείνων
1700 2024 1754 2050 τῶν
1782 2023 1894 2061 Ἄρρων,
1914 2016 1932 2045 οἵ

1133 2065 1178 2093 καὶ
1207 2064 1282 2093 αὐτοὶ
1312 2067 1366 2093 τῶν
1406 2065 1486 2102 ἁγίων
1520 2067 1750 2104 κατεπιχείρησαν
1792 2064 1932 2100 ἐκκλησιῶν-

1134 2109 1213 2138 ⁷Λλλ¹
1237 2109 1356 2141 ἐκείνους
1385 2110 1432 2146 μὶν
1462 2109 1558 2146 μηκέτι
1587 2108 1705 2148 ἴδοιμεν,
1722 2111 1744 2138 ὦ
1766 2114 1854 2147 Σῶτιρ
1867 2109 1929 2144 ἡμῶν

1134 2156 1191 2190 Θεὲ,
1219 2155 1264 2182 καὶ
1289 2153 1372 2193 ῥῦστα
1391 2154 1436 2182 καὶ
1461 2153 1638 2192 ἐλευθερωτά.
1663 2158 1764 2183 Τοῦτον
1789 2154 1818 2183 δὲ
1838 2153 1931 2188 {Selii-8V:

1133 2199 1212 2228 αὐτόν
1238 2210 1268 2227 τε
1305 2197 1534 2238 σωφρονισθέντα,¹
1567 2199 1612 2227 καὶ
1660 2200 1768 2238 ἑτέρους
1801 2199 1827 2227 δὲ
1848 2205 1931 2235 σωφρο⁴

1132 2245 1251 2273 νίσαντα.
1282 2243 1365 2275 Οἶδας
1402 2243 1538 2271 παιδεύειν
1576 2243 1602 2271 ἐν
1644 2243 1713 2272 ἐλέει
1760 2245 1806 2273 καὶ
1832 2243 1930 2278 ἐλέγχῳ-

244 2290 408 2318 informare
424 2290 503 2318 nosti
521 2298 527 2317 :
545 2292 576 2317 tu
591 2290 680 2318 variis
697 2290 791 2318 modis
807 2289 883 2318 nosti
899 2292 1075 2318 convertere.

1137 2289 1215 2320 Dida:
1242 2288 1409 2328 ἐπιστρέφειν
1432 2287 1632 2325 πολκμεθόδως
1650 2297 1657 2304 ·
1681 2289 1728 2324 ὠς,
1746 2289 1773 2317 εἷ’
1789 2285 1928 2328 γεὸτοιοῦέ

244 2335 299 2368 Its,
315 2334 341 2363 si
357 2334 407 2362 ille
426 2334 544 2362 tandem
560 2335 596 2362 ad
613 2342 659 2362 res
674 2335 788 2362 divinas
803 2335 969 2370 diligendus
984 2335 1076 2362 addu-

244 2381 341 2412 catur,
360 2378 551 2413 discedimus,
568 2379 636 2406 licet
661 2378 879 2407 calamitatibus
904 2380 1035 2415 oppressi
1051 2382 1080 2408 et

244 2422 360 2450 stolidis
380 2423 552 2450 hominibus
568 2422 609 2450 illi
634 2423 792 2457 similibus,
809 2423 834 2451 si
850 2424 901 2459 qui
915 2423 1012 2451 adhuc
1027 2425 1071 2452 in-

241 2467 408 2496 veniantur.
426 2469 483 2503 Ego
499 2467 576 2495 enim
592 2475 704 2503 precor,
720 2470 754 2495 ut
772 2475 858 2496 nemo
874 2467 949 2496 alius
964 2469 1012 2496 isti
1028 2469 1069 2497 si-

245 2511 327 2540 milis
341 2512 401 2545 ﬁat,
418 2513 447 2540 et
462 2515 687 2548 comprecantur
708 2520 824 2541 mecum
839 2513 916 2541 idem
930 2514 1029 2542 cuncti
1047 2516 1074 2542 te

243 2555 383 2591 colentes,
405 2564 530 2592 quorum
556 2565 656 2593 preces
680 2557 820 2586 exaudias
844 2558 1017 2587 benedictus
1045 2559 1075 2586 in

242 2600 351 2630 saecula
364 2601 550 2630 saeculorum.
568 2602 670 2630 Amen.

1131 2344 1177 2364 τος
1206 2333 1244 2364 εἰς
1273 2332 1353 2364 τέλος
1383 2332 1525 2370 ἰπιχαρείη
1552 2336 1611 2364 τοῖς
1639 2333 1733 2366 θείοις.
1764 2327 1929 2372 uix-dide.“

1136 2379 1183 2415 μὶν
1200 2378 1318 2415 θλίψεσι,
1333 2378 1364 2405 τὸ
1380 2376 1409 2405 δὶ
1423 2377 1467 2405 καὶ
1484 2377 1535 2405 ὑπὸ
1560 2380 1613 2405 τῶν
1642 2378 1746 2414 ὁμοίως
1772 2379 1841 2413 αὖτῷ
1862 2375 1926 2413 ἄφρε-

1134 2421 1213 2458 δέων⁹
1240 2421 1268 2449 εἷ’
1291 2422 1359 2453 τινές
1388 2433 1440 2449 που
1468 2421 1514 2449 καί
1542 2421 1621 2451 εἰσιν.
1646 2423 1717 2460 Ἐγὼ
1743 2424 1795 2460 γὰρ
1824 2419 1926 2460 εὔχομςῆ

1135 2465 1242 2505 μηδένα
1268 2465 1358 2504 ἕτερον
1393 2468 1516 2494 τοιοῦτον
1556 2464 1690 2503 έκϐἦναι⁴
1728 2459 1889 2504 σονεύχονιαι
1908 2459 1928 2487 δὲ

1138 2514 1220 2540 τοῦτο
1249 2510 1295 2538 καὶ
1323 2510 1349 2538 οἱ
1365 2512 1407 2538 σοὶ
1436 2512 1595 2548 θεράηοντες
1622 2511 1746 2543 ἅπαντες.
1775 2513 1811 2540 ὧν
1839 2508 1876 2538 καὶ
1895 2506 1928 2533 ξπ·

1131 2556 1252 2591 ακούοις,
1281 2555 1429 2594 εὐλογητὸς
1469 2556 1509 2588 εἷς
1545 2556 1609 2589 τοὺς
1632 2557 1732 2589 αίῶνας
1756 2559 1810 2585 τῶν
1833 2553 1927 2583 αἶὼνων,

1129 2601 1232 2639 ’Λμήν.
