2021 3176
108 188 169 218 561

642 191 681 220 IN
706 191 740 221 S.
764 189 1105 226 OUADBAGESIMAM
1128 190 1273 222 ORATIO
1294 191 1320 222 Ι.

1759 191 1821 222 562

752 359 1184 442 EJUSDEM

336 497 416 561 ΙΝ
466 496 841 566 SANGTAM
889 497 1601 581 QUADRAGESIMAM

822 614 1035 662 ORATIO
1068 616 1104 660 Ι.

106 792 162 819 Τοῦ
194 791 220 832 ἐν
251 791 340 830 ἀγίοις
373 793 478 832 Ιξατρὸς
515 795 596 832 ὴμῷν
631 793 795 832 Εὐσταθίοιξ,
828 803 930 832 μητρο-

991 795 1079 824 Sancti
1101 797 1194 824 Patris
1207 797 1295 824 nostri
1309 796 1460 829 Eustathii,
1477 795 1682 831 metropolitani
1703 795 1814 832 Thessa-

144 828 284 867 πολίτουᾴ
300 828 511 864 Θεσσαλονίκης,
523 828 629 867 ς’λόγος
670 828 842 867 «posto-68w};
861 828 864 830 ’

143 863 220 905 ἁγίας
262 863 495 905 ΙῙῖεσοαρακρστῆς,
520 863 648 904 διορίζων
686 863 843 905 προσευχην
886 863 933 902 ἔμ-

143 897 228 937 φοϐον
244 900 288 927 καὶ
304 897 502 937 ἀμνησίκακον.

144 980 177 1007 α’.
194 981 330 1017 Ἔναγχος
354 980 398 1008 ἰπὶ
423 981 554 1019 γλώσσης
579 983 680 1020 φέρων,
706 983 729 1010 ὧ
753 981 877 1022 ἀδελφοὶ,
894 981 933 1010 δι-

111 1022 284 1055 δασκαλικῶς
315 1025 475 1064 περίφράσιν
500 1026 576 1063 ἁγίαν
603 1027 633 1054 οὐ
661 1027 830 1066 θυμοσόφου,
859 1026 933 1055 ἀλλὰ

107 1068 199 1100 θεόθεν
226 1070 407 1107 σεσοισμὲνου
429 1071 533 1108 (καθότι
559 1072 603 1099 καὶ
624 1074 658 1110 τῇ
683 1070 792 1109 ἀϐύσσῳ
819 1076 869 1108 τῆς
885 1084 930 1100 σο-

110 1112 172 1151 φίας
200 1112 238 1150 τῷ
266 1116 324 1150 Θεῷ
352 1115 436 1146 πέλας
463 1116 529 1143 εἶναι
553 1116 660 1155 λαχὼν,
686 1117 785 1144 ἐκεῖθεν
808 1118 865 1156 εἶχε
883 1118 931 1149 τὰς

105 1161 157 1192 τῆς
175 1158 269 1197 σοφίας
296 1158 448 1197 ἐπιῤῥοὰς),
473 1161 518 1187 καὶ
548 1159 691 1199 διατρίϐων
719 1161 760 1189 ἐπ’
784 1161 930 1197 ἐκκλησίας

106 1202 168 1239 περὶ
183 1202 214 1229 τὸ
237 1205 360 1231 τοιοῦτον
386 1204 481 1239 καλὸν,
507 1205 551 1232 καὶ
578 1206 745 1243 καταρτίζων
765 1206 864 1238 ἐκεῖθεν
879 1207 929 1241 τὴν

110 1245 185 1283 ὑμῶν
215 1245 399 1286 ἀδελφότητα,
427 1248 557 1287 βραχείας
578 1249 682 1287 ἡμέρας
704 1249 836 1278 διέλιπον.
853 1253 931 1288 Τρεῖς

107 1291 159 1328 γὰρ
176 1289 267 1319 ἔκτοτε
282 1292 349 1326 ἦσαν
372 1292 482 1327 ἐκεῖναι,
507 1294 552 1321 καὶ
575 1295 760 1332 προσιπόρισα
789 1294 929 1334 ὠφελῆσαί

105 1346 132 1362 τι
150 1335 176 1366 ἐς
192 1335 278 1364 πλέον
302 1337 371 1373 ὑμᾶς
396 1336 430 1364 δι’
455 1337 662 1375 ἐπενθομήσεως
689 1338 790 1378 ἐκεῖφεν
815 1350 930 1376 πεπορι-

108 1379 220 1416 σμένης,
238 1381 281 1408 οἱα
304 1380 523 1419 ἐπεισρεύσαντος
542 1385 582 1420 τῷ
603 1381 722 1420 λιϐαδίῳ
737 1388 787 1419 τῆς
802 1383 928 1412 διδασκα-

108 1423 169 1456 λίας
184 1424 289 1460 ἐκείνης
305 1425 331 1453 ἐν
363 1425 466 1464 ὑστέρῳ
494 1427 540 1454 καὶ
568 1426 679 1455 ὑδατίου
700 1427 808 1456 τοιοῦδε
830 1428 930 1466 γλυκά-

110 1471 213 1503 ζοντος.
245 1469 391 1508 Ἐλὲγομεν
420 1471 601 1510 summa);
628 1473 700 1507 τότε,
725 1486 739 1500 (ι
767 1477 818 1501 πᾶν
839 1473 933 1510 ξύλον,

111 1514 149 1550 μὴ
175 1515 270 1541 ποιοῦν
291 1514 376 1542 καλὸν
401 1516 514 1553 καρπὸν,
545 1516 618 1553 ἀξίνῃ
645 1518 798 1554 τέμνεσθαι,
825 1518 869 1545 καὶ
894 1519 932 1550 εἷς

109 1560 161 1595 πῦρ
190 1557 350 1596 βάλλεσθαι,
388 1560 434 1587 καὶ
469 1560 590 1588 καίεσθαι
607 1570 614 1578 ⁸
641 1573 655 1588 ››
681 1562 725 1589 καὶ
763 1562 931 1600 ἐθιωροῦμιν

110 1602 307 1634 ὲπιλευστικῶς
332 1602 429 1642 δένδρα
454 1604 525 1632 οὕτω
549 1606 700 1643 πάσχοντα.
725 1607 774 1635 Ἤν
796 1605 824 1634 δὲ
839 1607 853 1634 ὁ
870 1618 934 1646 ppi-

109 1648 173 1679 κτὸς
203 1649 421 1687 παραφραστικὸς
449 1649 552 1682 ἐκεῖνος
573 1649 664 1688 λόγος,
689 1651 726 1683 ὡς
748 1651 794 1679 καὶ
807 1651 844 1683 εἷς
860 1651 932 1680 πλά-

107 1702 154 1723 τος
182 1691 397 1729 διεσκευάζομεν,
419 1693 471 1721 ὑπὸ
499 1696 548 1721 τοῦ
586 1695 736 1732 ἁγιωτατου
768 1694 932 1734 Προδρὸμου

112 1737 312 1774 βροντώμενος,
336 1737 368 1764 τὸ
394 1736 422 1765 δὲ
447 1737 616 1775 ἀντρώπινον
648 1741 757 1777 φράσαι,
783 1741 933 1778 ρητορευό-

111 1791 192 1818 μενος
210 1790 217 1797 ·
249 1782 431 1820 παραφράζων
461 1782 542 1814 αὐτὸς
570 1784 614 1811 καὶ
646 1783 718 1812 ἄλλα
746 1785 792 1822 μὲν
808 1796 869 1813 τινα
883 1787 933 1818 τῆς

109 1825 296 1861 παλαιοτάτης
320 1826 395 1864 ἁγίας
425 1829 534 1866 Γραφῆς
559 1827 633 1866 ἅγια,
667 1829 874 1868 γρηγορώτερον
903 1828 932 1857 δὲ

109 1870 154 1897 καὶ
178 1870 343 1910 προφητείαν
371 1870 535 1910 φιλοσοφίας
563 1876 718 1908 Δαυϊτικῆς,
747 1873 774 1901 ἐν
797 1874 815 1911 ᾖ
830 1875 931 1906 πάντας

108 1914 175 1946 τοὺς
196 1914 379 1952 ἁμαρτωλοὺς
401 1919 450 1951 τῆς
473 1919 526 1954 γῆς
562 1917 834 1956 ἰξολοθρευθήσεσθαι
865 1929 932 1955 μαν-

112 1960 238 1996 θάνομεν.
252 1960 286 1989 Ὃ
302 1958 335 1994 δὴ
351 1962 574 2000 παραπιφράσθαι
591 1961 665 2000 λέγω
682 1963 733 1990 ὑπὸ
747 1965 796 1990 τοῦ
813 1964 932 2002 μεγάλου

110 2003 156 2031 καὶ
171 2004 282 2042 πρώτου
299 2006 454 2033 Βαπτιστοῦ
469 2005 513 2033 ἐπὶ
527 2005 562 2034 π)
570 2009 682 2043 ατυσμῷ
695 2017 724 2034 τε
747 2005 933 2047 διασαφοῦντι,

114 2048 181 2085 μετὰ
207 2048 252 2076 καὶ
290 2049 373 2086 ὕψους
405 2048 562 2087 διδασκάλῳ
600 2051 752 2088 πρέποντος
788 2051 932 2090 γλαφυρῷ,

110 2092 181 2124 τίτες
203 2092 233 2120 τὲ
257 2092 322 2121 εἰσιν
349 2094 375 2121 οἱ
400 2093 571 2132 ἁμαρτωλοὶ,
599 2094 644 2126 οὕς
669 2095 836 2133 ὁθεοπάτωρ
852 2095 933 2123 Δαυίδ

112 2136 260 2173 ἔξολεῖσθαι
284 2137 458 2176 ἀποφαίνεται
484 2139 526 2166 ὅτι
549 2137 632 2175 δῆλα,
647 2139 744 2167 ὁπόσοι
770 2140 808 2176 μὴ
828 2150 933 2177 καρπο-

112 2181 225 2220 φοροῦσι
246 2183 280 2210 τὰ
302 2185 342 2219 τῷ
366 2185 424 2219 θεῷ
450 2182 596 2221 πρίποντα,
625 2184 669 2211 καὶ
695 2184 817 2215 ποταπὸς
845 2185 858 2211 ὁ
874 2184 935 2212 ὅλε-

113 2227 188 2263 θρος,
212 2227 241 2254 ’ὸν
270 2227 284 2254 ὁ
311 2227 471 2264 Θεοψάλτης
496 2225 662 2266 ἐμϐριμᾶται
684 2228 776 2259 αὐτοῖς
800 2227 840 2256 ἐπ’
863 2228 934 2256 εἴσο-

112 2281 208 2308 πτρον,
229 2272 337 2303 πάντως
353 2273 392 2304 εἷς
414 2272 605 2311 ἕπαραίτητον,
633 2273 750 2308 ὁπηνίκα
777 2272 933 2304 ἐκκοπέντις

112 2318 160 2353 τοῦ
190 2316 263 2353 βίου,
288 2316 345 2344 εἶτα
368 2318 640 2355 σπσργανωθήσονται
669 2318 734 2355 πυρὶ
763 2317 801 2349 εἰς
823 2318 933 2345 αἰώνιον

114 2359 275 2387 κατάκαυσιν
280 2381 286 2388 .

115 2406 272 2440 postquam
299 2407 431 2437 vivorum
460 2417 582 2438 numero
610 2409 756 2438 exturbati
785 2409 915 2445 fuerunt,
943 2408 973 2437 in

114 2449 235 2478 tionem.

153 2494 185 2539 β’..
202 2493 251 2521 Καὶ
271 2496 394 2528 τοιοῦτος
421 2497 468 2534 μὶν
493 2497 507 2526 ὁ
531 2501 692 2537 παραποιῶν
721 2498 747 2528 ἰν
776 2499 858 2539 σοφίᾳ
871 2500 934 2531 νοῦς

115 2537 334 2577 προδρομενικὸς
348 2541 379 2568 τὸ
403 2541 486 2569 καλὸν
513 2542 598 2571 ἐκεῖνο
629 2545 768 2573 Δαυϊτικὸν
782 2537 937 2582 κομμάτιον

121 2586 352 2624 μιταφραστικῶς,
369 2585 423 2622 ἤδη
441 2585 470 2614 δὲ
492 2588 538 2615 καὶ
562 2588 758 2627 ἂλληγορικῶς
778 2590 827 2627 (ὡς
843 2590 892 2617 οὐκ
907 2589 937 2617 ’ἂν

118 2627 178 2667 ἔχοι
205 2640 247 2661 τις
275 2630 421 2668 ἀντειπεῖν,
443 2631 619 2670 τιχνολογῶν
642 2633 680 2665 εἷς
704 2634 803 2670 ταύτην
827 2635 877 2670 τὴν
896 2633 938 2662 ἴν-

118 2678 212 2711 νοιαν),
230 2675 282 2703 οὐκ
310 2675 538 2714 ἐπιτηδευόμενὸς
562 2677 642 2709 αὐτὸς
669 2680 873 2717 κοσμικώτερον
888 2689 939 2717 χυ-

120 2717 185 2756 δαίῳ
216 2719 293 2757 ζήλῳ
322 2720 472 2759 ῥητορικῷ,
498 2721 571 2750 ἀλλὰ
592 2722 664 2751 πολὺ
685 2723 795 2760 ἀμαθῶς
811 2724 939 2761 [κρήνης]

118 2761 222 2799 ἐκείνης
249 2763 444 2803 ἀπαντληθεὶς,
459 2766 504 2807 ἀφ’
526 2767 560 2802 ἧς
578 2766 624 2794 καὶ
644 2767 658 2795 ὁ
674 2767 756 2795 Δαυῒδ
772 2768 938 2807 ἀρυσάμενος

949 2164 970 2198 C

155 2854 164 2872 ί
179 2854 281 2884 Matth.
295 2863 338 2892 ιιι,
354 2857 406 2893 10;
419 2865 470 2892 vn,
486 2857 530 2886 19.
567 2857 579 2876 ¹
591 2857 670 2887 Psal.
685 2865 781 2895 xxxvx,
796 2858 841 2887 20.

1026 832 1183 865 lonicansis,
1199 833 1288 860 oratio
1301 833 1504 868 prmparaioria
1519 832 1547 859 in
1556 835 1678 859 sanctam
1687 831 1815 868 Quadra-

1023 869 1168 903 gesimam,
1184 866 1317 903 deﬁnieris
1340 866 1399 904 qua:
1428 869 1465 896 sit
1487 868 1608 904 precatio
1636 866 1816 895 tremebunda

1022 905 1144 940 malique
1157 905 1309 932 immemor.

1024 985 1048 1011 1.
1066 984 1107 1011 Ex
1120 992 1177 1020 quo
1193 992 1287 1020 nuper
1301 984 1330 1011 in
1347 992 1396 1012 ore
1412 983 1514 1018 habui,
1531 984 1647 1016 fratres,
1672 982 1816 1018 interpre-

987 1029 1127 1056 tationem
1157 1031 1289 1056 sanctum
1306 1028 1403 1064 qualis
1418 1028 1566 1056 doctorem
1583 1028 1675 1060 decet,
1691 1035 1748 1054 non
1765 1035 1817 1062 per

987 1082 1029 1107 se,
1045 1074 1096 1101 sed
1112 1081 1161 1109 per
1176 1073 1269 1100 Deum
1285 1073 1458 1109 sapientem,
1475 1080 1555 1100 more
1584 1071 1664 1099 illius
1693 1071 1756 1106 qui,
1784 1071 1815 1098 in

986 1117 1101 1153 abyssis
1130 1117 1279 1153 sapientia!
1303 1125 1392 1153 prope
1408 1117 1499 1145 Deum
1519 1125 1582 1144 esse
1597 1115 1731 1149 sortitus,
1746 1115 1815 1143 inde

986 1162 1135 1198 sapientiae
1151 1162 1247 1189 ﬂuxus
1261 1162 1442 1198 excipiebat;
1458 1164 1486 1189 et
1496 1163 1653 1197 postquam
1670 1161 1699 1188 in
1720 1159 1813 1188 eccle-

986 1207 1040 1242 sia,
1056 1207 1133 1234 circa
1149 1207 1208 1234 haec
1220 1206 1343 1242 pulchra
1372 1208 1516 1240 versatus,
1544 1214 1596 1233 vos
1625 1205 1654 1232 in
1685 1205 1814 1232 fraterno

985 1259 1084 1279 amore
1112 1250 1275 1287 composui,
1309 1250 1393 1286 pauci
1422 1250 1485 1278 dies
1513 1250 1719 1278 interfuerunt.
1744 1249 1815 1278 Tros

985 1296 1062 1324 enim
1077 1295 1169 1331 elapsi
1184 1297 1265 1327 sunt,
1275 1303 1325 1331 per
1340 1303 1415 1330 quos
1428 1295 1469 1322 ita
1484 1303 1530 1322 me
1548 1293 1673 1322 instruxi
1690 1294 1722 1320 ut
1733 1292 1815 1320 vobis

986 1340 1079 1376 magis
1090 1348 1177 1375 quam
1192 1339 1273 1375 prius
1289 1340 1468 1376 prodessem.
1486 1339 1598 1375 Quippe
1615 1347 1679 1374 qua
1696 1338 1738 1365 sic
1754 1345 1814 1365 me-

984 1385 1104 1413 ditando
1120 1386 1205 1412 antea
1220 1383 1396 1420 oollegerim,
1415 1392 1505 1419 quum
1518 1383 1548 1410 in
1574 1383 1699 1418 hujusce
1729 1381 1815 1409 insti-

984 1430 1106 1458 tutionis
1135 1429 1221 1466 quasi
1249 1432 1365 1466 pratum
1394 1430 1500 1457 deinde
1520 1429 1674 1462 induxero,
1691 1427 1746 1455 hoc
1761 1426 1814 1454 tali

949 1481 972 1513 Β
987 1475 1080 1504 imbre
1093 1475 1188 1502 laetius
1204 1474 1341 1502 elﬁciam.
1371 1474 1545 1502 Dicebamus
1571 1482 1605 1501 ex
1634 1471 1814 1508 Exangelio:

988 1519 1121 1546 «Omnis
1149 1519 1244 1552 arbor,
1274 1526 1340 1554 qua:
1367 1527 1426 1546 non
1452 1518 1522 1546 facit
1551 1518 1678 1545 fructum
1692 1517 1816 1549 bonum,

987 1564 1084 1591 securi
1099 1563 1258 1596 excidatur,
1285 1565 1314 1590 et
1342 1562 1372 1590 in
1402 1563 1500 1598 ignem
1529 1562 1665 1589 mittetur
1693 1560 1814 1588 combu‘

987 1608 1078 1636 renda
1107 1608 1127 1642 ί,
1158 1618 1172 1633 ››
1195 1609 1222 1635 et
1238 1606 1509 1643 contemplabamur
1523 1607 1642 1634 arbores
1658 1606 1758 1641 reputo
1771 1603 1814 1631 sio

987 1652 1114 1680 habitas.
1131 1652 1201 1680 Erat
1215 1653 1313 1679 autem
1338 1650 1479 1679 terribilis
1506 1650 1557 1678 illa
1585 1648 1772 1686 paraphrasis
1797 1657 1834 1684 α,

986 1697 1174 1725 sanctissimo
1204 1696 1392 1729 Praecursore,
1420 1696 1545 1732 ﬁgurate
1572 1703 1623 1730 per
1651 1692 1814 1729 ampliﬁca-

985 1742 1095 1769 tionem
1123 1740 1237 1776 loquar,
1262 1740 1405 1775 intonata,
1422 1743 1455 1768 ut
1469 1748 1534 1768 vero
1549 1739 1662 1775 vulgari
1677 1745 1812 1766 sermone

987 1790 1062 1818 utar,
1079 1785 1252 1821 praedicata:
1268 1785 1298 1812 in
1326 1792 1385 1820 qua
1413 1784 1636 1821 explicabuntur
1657 1791 1724 1811 cum
1753 1782 1811 1809 alia

986 1830 1192 1866 antiquissima
1216 1832 1386 1858 sanctarum
1413 1829 1631 1865 Scripturarum
1659 1827 1732 1859 loca,
1748 1828 1812 1854 tum

985 1875 1111 1903 vividius
1125 1874 1177 1902 illa
1191 1874 1333 1902 Davidicas
1348 1873 1539 1910 philosophis:
1559 1871 1737 1905 vaticinatio,
1763 1878 1814 1906 per

986 1928 1076 1956 quam
1092 1919 1291 1955 cognovimus,
1308 1919 1440 1947 futurum
1451 1927 1516 1947 esse
1532 1920 1564 1946 ut
1578 1925 1682 1945 omnes
1697 1924 1712 1944 e
1734 1917 1814 1943 terra

987 1967 1153 2001 peccatores
1167 1963 1409 1992 exterminentur.
1425 1965 1514 1991 Porro
1528 1963 1590 1990 haec
1604 1964 1675 1990 sunt
1689 1968 1765 1996 quae,
1781 1961 1815 1987 ut

987 2009 1099 2044 opinor,
1116 2008 1256 2044 explicuit
1269 2008 1319 2036 ille
1334 2008 1546 2044 baptizatorum
1568 2009 1597 2035 et
1622 2013 1758 2034 summus
1786 2005 1815 2031 et

987 2053 1134 2088 princeps,
1151 2061 1209 2080 non
1222 2053 1309 2080 modo
1325 2053 1408 2088 copia
1424 2051 1588 2088 perspicua,
1605 2051 1656 2078 sed
1673 2049 1761 2077 etiam
1780 2055 1815 2076 ea

988 2096 1170 2124 sublimitate
1185 2105 1248 2131 qua!
1265 2097 1406 2132 magistro
1421 2095 1531 2123 illustri
1545 2094 1680 2122 convenit
1695 2101 1701 2120 :
1719 2093 1814 2128 primo

989 2141 1038 2176 qui
1054 2140 1115 2168 sint
1129 2139 1149 2167 ii
1163 2143 1338 2176 peccatores,
1354 2147 1428 2175 quos
1444 2147 1570 2175 proavus
1585 2138 1634 2166 Dei
1649 2137 1740 2165 David
1764 2143 1813 2171 pe-

989 2185 1097 2212 rituros
1126 2183 1254 2212 declarat
1281 2185 1311 2215 ²ς
1341 2192 1408 2211 cum
1429 2184 1468 2212 sit
1482 2183 1672 2211 manifestum
1687 2189 1737 2209 eos
1749 2188 1814 2208 esse

989 2229 1158 2265 quicunque
1191 2237 1249 2256 non
1284 2229 1396 2256 fructus
1425 2228 1524 2256 ferunt
1551 2228 1609 2255 Deo
1636 2224 1812 2262 probabiles.

989 2273 1099 2302 Deinde
1115 2273 1202 2309 quale
1215 2273 1254 2301 sit
1269 2273 1342 2301 illud
1358 2273 1480 2301 exitium
1495 2273 1573 2309 quod
1590 2273 1709 2300 sanctus
1735 2268 1813 2298 Psal-

990 2318 1077 2347 mista
1111 2318 1265 2353 minatur,
1300 2326 1367 2346 cum
1401 2319 1579 2354 (Praeeursor
1612 2314 1814 2353 peccatoribus

989 2363 1146 2399 ostendat),
1162 2363 1192 2390 in
1208 2362 1325 2398 speculo
1341 2371 1472 2399 prorsus
1501 2360 1692 2398 implacabili,
1721 2359 1816 2395 ipsos,

999 2408 1100 2445 ignem
1128 2408 1290 2444 projectum
1316 2407 1363 2441 iri,
1391 2407 1428 2436 ad
1456 2409 1627 2444 perpetuam
1653 2405 1816 2441 conﬂagra-

1023 2498 1050 2528 2.
1080 2498 1121 2528 Ea
1150 2501 1247 2529 autem
1276 2498 1332 2529 fuit
1355 2498 1554 2537 praecursoria
1579 2498 1687 2527 mentis
1702 2496 1817 2534 peritia,

994 2553 1071 2581 cum,
1087 2545 1232 2581 sapientia
1247 2546 1329 2581 duce,
1348 2545 1503 2582 pulchrum
1517 2544 1600 2572 illum
1629 2543 1747 2572 Davidis
1775 2541 1818 2569 lo-

993 2598 1060 2618 cum
1088 2590 1266 2624 imitaretur,
1294 2593 1324 2618 et
1350 2591 1380 2618 in
1405 2590 1493 2618 aliam
1509 2589 1624 2617 dicendi
1636 2590 1772 2620 formam,
1789 2586 1820 2614 id

993 2635 1081 2663 estin
1098 2634 1266 2671 allegoriam
1300 2637 1434 2670 verteret,
1463 2637 1497 2662 ut
1524 2633 1716 2670 grammatice
1744 2631 1820 2660 hanc

994 2680 1170 2709 sententiam
1187 2680 1354 2717 dispicienti
1369 2679 1453 2708 nulla
1473 2680 1639 2707 occurreret
1668 2675 1821 2713 reprehen-

994 2725 1054 2758 sio;
1083 2733 1141 2753 non
1170 2725 1247 2761 quod
1265 2723 1426 2760 susceperit
1438 2724 1576 2757 Joannes,
1592 2721 1705 2758 vulgari
1725 2719 1822 2747 rheto-

993 2777 1061 2798 rum
1075 2769 1136 2798 zelo
1151 2769 1293 2806 percitus,
1308 2768 1486 2799 ornatiorem
1501 2765 1733 2800 sermonem,sed
1743 2763 1822 2800 quod
