2021 3176
193 170 252 201 563

581 170 794 201 EUSTATHII
816 169 1201 201 THESSALONICENSIS
1224 168 1517 200 METROPOLITE

1845 168 1901 198 564

193 237 313 264 omnino
329 235 489 270 inscius,ex
503 244 537 264 eo
553 236 631 265 fonte
645 237 835 274 snmpserit,e
846 245 903 273 quo
919 236 1020 270 David,

1086 233 1156 262 ἵδοτο
1171 235 1256 262 πίνειν
1272 237 1331 267 τοῖς
1361 236 1460 273 μέροψι
1487 237 1544 266 τοῖς
1576 233 1675 272 διψῶσι
1700 233 1734 261 τὰ
1759 236 1812 261 τοῦ
1827 236 1900 261 θεον.

193 289 259 309 eum
276 281 338 317 ipse
354 289 470 317 quoque
487 281 646 315 hausisset,
671 282 707 309 iis
737 281 910 310 mortalibus
940 281 1020 309 dedit

192 326 291 354 bibere
307 326 356 361 qui
373 335 418 355 res
433 326 484 354 Dei
500 326 614 354 sitiunt.
631 327 712 360 Quod
729 334 805 354 vero.
825 335 840 354 a
861 326 1020 354 novissima

193 370 332 407 oratione,
363 380 415 407 pro
441 371 516 399 virili
545 373 627 407 parte
654 371 822 399 meditando
849 371 1017 407 excogitavi,

193 415 282 444 hocce
309 418 363 444 est.
394 416 571 453 Adimplevit
600 416 774 444 Februarius
797 424 892 453 nuper
907 419 1019 444 vertens

195 462 327 489 Octavam
358 462 386 488 et
414 469 522 489 nonam
552 461 627 488 diem
642 470 649 495 ;
666 463 694 488 at
710 469 821 497 vesper,
838 461 888 497 qui
904 460 1020 489 hodier-

195 512 264 532 nam
293 505 440 541 produxit,
470 505 627 534 celebravit
654 513 741 541 quem
771 505 947 541 nuncupabo
975 504 1020 533 vel

195 548 408 585 interpolatum
441 552 468 578 et
496 550 699 578 intercalarem
728 550 835 578 Christi
852 552 1020 587 martyrem,

196 593 241 621 vel
269 594 512 630 triumphatorem
541 595 568 623 vi
592 595 717 631 potitum
744 603 833 631 regno
870 595 1020 630 caelorum,

196 637 402 674 Nicephorum,
432 639 475 667 vel
495 640 592 676 potius
607 639 701 668 virum
718 640 764 667 cui
778 640 881 668 otianti
895 642 924 667 et
937 639 1022 675 quasi

196 683 360 710 transeunti
386 684 489 712 salutis
519 684 674 712 thesaurus
703 685 817 712 obviam
846 685 910 712 fuit.
942 685 1021 712 Idem

197 734 311 762 quoque
339 728 450 756 exstitit
479 729 655 764 injuriarum
698 729 847 757 memoria
877 728 1023 765 (μνησίκα-

195 770 264 806 κίας)
294 772 472 808 redargutor,
502 773 712 809 resipiscentim
728 782 794 802 vero
807 776 946 801 actuosus
963 782 1024 801 ma-

197 815 299 852 gister,
315 818 344 844 et
357 817 466 845 amoris
480 817 509 844 in
527 818 583 845 Deo
607 827 700 854 praeco
727 817 920 846 clarissimus.
951 818 1024 846 Cum

199 861 277 888 enim
295 861 436 889 miserum
452 862 615 898 Sapricium
631 862 757 890 victoria:
772 863 920 898 auspicem
936 865 974 896 et,
993 865 1026 890 ut

202 905 314 939 dicunt,
328 905 470 942 triumphi
484 914 499 934 e
515 907 665 934 communi
687 907 770 935 hoste
798 907 913 934 diabolo
942 907 1024 935 relati

202 950 446 986 proclamatorem
463 951 631 984 invenisset,
648 951 817 987 intereaque
832 951 955 979 vidisset
975 959 1025 979 co-

201 1003 302 1023 ronam
311 995 434 1022 victoria
446 997 534 1031 caput
542 995 663 1031 Sapricii
674 995 1026 1032 supervolitantem(quod

201 1039 284 1067 vobis
312 1041 414 1067 notum
444 1043 488 1067 est
515 1040 565 1076 qui
594 1042 710 1068 sanctas
739 1040 877 1068 historias
905 1040 1027 1076 perlegi-

201 1084 359 1120 stis),ipse,
376 1084 477 1112 eodem
495 1088 653 1119 momento,
671 1085 854 1121 propositum
869 1093 886 1112 a
898 1085 956 1112 Deo
972 1085 1027 1112 sub

202 1128 294 1156 oculis
309 1129 429 1165 Sapricii
446 1129 601 1165 prmmium
616 1130 753 1163 obtinuit,
769 1138 836 1158 cum
861 1138 928 1157 eum
955 1137 1027 1165 pras-

201 1173 346 1208 vertisset,
376 1176 409 1201 ut
437 1174 469 1201 ﬁt
497 1174 528 1201 in
557 1174 733 1202 athletarum
758 1174 927 1207 certamine,
943 1177 972 1202 et
985 1183 1028 1201 re-

201 1217 336 1254 liquisset
356 1218 472 1246 insidiis
501 1219 609 1246 diaboli
635 1219 799 1255 delapsum.
830 1219 934 1246 Mirum
965 1220 1027 1246 tum

203 1264 276 1296 erat,
307 1265 418 1298 quanta
433 1262 554 1298 spiritus
570 1263 666 1291 malus
683 1263 868 1290 machinatus
884 1265 962 1290 esset
978 1263 1028 1290 ad-

203 1314 306 1335 versus
322 1307 398 1334 hunc
413 1307 655 1343 Sapricium.Qui
681 1316 747 1335 cum
778 1307 835 1335 Deo
864 1315 928 1335 sese
957 1307 1029 1334 ami-

205 1360 272 1380 cum
302 1352 452 1387 professus
479 1354 568 1385 esset,
598 1352 789 1387 animamque
805 1360 900 1386 suam,
917 1359 950 1379 ex
967 1360 1030 1387 pro-

205 1396 312 1432 posito,
347 1396 509 1424 secundum
540 1396 704 1431 evangelica
729 1395 823 1431 dicta,
853 1403 986 1424 seorsum
1015 1405 1031 1424 a

207 1442 328 1476 tyranno
359 1441 514 1476 posuisset,
538 1440 673 1468 diabolus
688 1440 756 1468 inde
773 1440 859 1472 hunc,
876 1441 952 1468 horse
969 1448 1031 1468 mo-

206 1488 318 1519 mento,
331 1485 464 1520 extraxit,
482 1485 592 1512 retibus
619 1484 667 1512 irae
698 1485 855 1521 pertinacis
884 1485 1030 1513 avulsum.

205 1530 268 1565 Non
297 1529 479 1566 praeviderat,
510 1529 539 1557 in
555 1529 652 1557 locum
669 1529 791 1565 delapsi,
809 1529 900 1557 alium
917 1538 1032 1558 succes-

1073 281 1107 308 Ὅ
1135 278 1163 307 δὲ
1194 280 1261 316 μετᾶ
1283 281 1331 315 τὴν
1358 279 1532 308 διδασκαλίαν
1562 279 1667 315 ἐκείνην
1694 279 1900 315 ὲπενεθυμήθην

1073 325 1142 357 καθὰ
1163 324 1327 364 ἐφάμιλλος,
1352 323 1459 353 τοιόνδε
1484 325 1551 354 ἐστί.
1578 323 1707 363 Παρῆλνε
1731 324 1782 358 τήν
1800 322 1898 361 ὀγδόην

1074 370 1119 397 καὶ
1135 369 1243 405 ἒννάτην
1270 370 1284 397 ὁ
1312 370 1418 407 τρέχων
1446 368 1505 408 ἄρτι
1521 367 1719 407 Φεϐρουάριος,
1733 368 1780 396 καὶ
1796 369 1815 403 ἡ
1836 367 1900 395 ταύ-

1074 424 1124 449 την
1151 415 1309 452 προάγουσα
1336 414 1434 452 ἑσπέρα
1458 414 1638 452 ἐπανηγύριζι
1659 414 1707 442 τὸν
1730 412 1785 441 εἴτε
1803 423 1899 450 παρα-νη

1075 459 1153 491 θέντα
1167 459 1211 487 καὶ
1228 457 1381 496 ἐμϐόλιμον
1413 461 1534 498 μάρτυρα
1556 461 1604 487 τοῦ
1629 458 1758 497 Χριστοῦ,
1774 457 1830 486 εἴτε
1843 469 1901 489 πως

1079 504 1192 542 βιαστήν
1207 507 1258 538 τῆς
1284 503 1422 542 βασιλείας
1448 506 1502 532 τῶν
1527 503 1648 541 οὐρανῶν
1660 502 1833 542 Νικηφόρον,
1851 503 1903 539 μά-

1076 547 1156 576 λιστα
1172 548 1219 585 μὶν
1236 549 1281 576 οὗν
1306 549 1352 576 τὸν
1376 549 1412 579 ὡς
1440 547 1470 576 ἐκ
1493 547 1616 586 παρόδου
1639 548 1683 576 καὶ
1708 547 1905 586 ἀπραγματού·

1075 603 1129 624 τως
1152 592 1197 620 καὶ
1221 593 1389 626 ἀνελπίστως
1423 592 1623 631 ἐντετυχηκότα
1646 592 1776 631 σωτηρίῳ
1806 598 1905 627 θησαυ-

1078 638 1129 676 ρῷ,
1143 638 1189 665 τὸν
1216 639 1265 672 τῆς
1291 650 1304 663 α
1330 637 1510 674 μνησικακίας
1530 649 1545 664 ››
1572 637 1619 674 μὲν
1646 636 1774 676 ἔλεγχον,
1801 640 1852 671 τῆς
1877 635 1905 664 δὲ

1079 682 1220 718 μετανοίας
1250 681 1411 710 διδάσκαλον
1443 681 1608 719 ἔμπρακτον,
1635 682 1679 709 καὶ
1708 685 1759 716 τῆς
1789 680 1818 709 ἓν
1847 684 1905 716 Θεῷ

1078 726 1186 764 ἀγάπης
1202 726 1332 764 λαμπφὺν
1360 727 1466 764 κήρυκα
1480 737 1485 742 ·
1516 727 1546 757 ὃς
1569 727 1617 754 τὸν
1642 725 1735 754 ἄθλιον
1754 726 1904 763 Σαπρίκιον

1079 771 1202 809 εὑρηκὼς
1223 772 1352 808 ὁρμῶντα
1380 771 1470 807 νίκην,
1501 771 1517 798 ὅ
1553 781 1643 810 φασιν,
1673 769 1808 806 ἀλαλάξαι
1837 771 1905 798 κατὰ

1078 818 1127 843 τοῦ
1155 818 1248 844 κοινοῦ
1272 815 1409 852 πολεμίου
1440 815 1580 852 δαίμονος,
1605 816 1649 843 καί
1678 816 1723 843 τὸν
1749 819 1800 850 τῆς
1826 815 1903 851 νίκης

1081 862 1210 898 στέφανον
1233 861 1396 897 θεασάμενος
1423 860 1640 898 ὑπερπετόμενον
1664 863 1713 895 τῆς
1739 860 1842 887 ἑκείνου
1860 871 1904 887 κι-

1081 904 1171 944 φαλῆς
1203 905 1250 941 (ὡς
1277 903 1369 933 οἷ’δατε
1397 905 1442 932 καὶ
1483 905 1571 941 ὑμεῖς,
1606 908 1656 940 τῆς
1685 904 1758 942 inpia
1787 904 1904 942 ἱστορίας

1082 949 1324 986 ἰναλλαξάμενοι),
1351 949 1429 981 ἅύτὸς
1459 950 1506 986 μὲν
1534 949 1757 987 ἐκληρονόμησεν
1784 949 1907 986 αὐθωρὸν

1081 996 1129 1022 τοῦ
1146 993 1171 1021 ἰν
1195 994 1349 1033 ὀφταλμοῖς
1375 993 1530 1031 ἐκκειμένου
1560 995 1650 1021 θεόθεν
1675 993 1809 1027 κάλλους,
1840 1003 1907 1031 προ-

1082 1038 1192 1076 δραμὼν
1227 1040 1284 1066 οἷον
1312 1039 1349 1070 ὡς
1380 1038 1405 1066 ἐν
1432 1040 1518 1076 ἀγῶνε
1544 1038 1718 1075 ἀεθλευτικῷ,
1747 1038 1851 1066 ἐκεινον
1882 1037 1911 1065 δὶ

1082 1083 1169 1122 ἀφῆκε
1195 1083 1358 1110 πεπνωκότα
1379 1086 1604 1118 καταπατηθῆναι
1627 1086 1666 1119 τῷ
1690 1082 1810 1120 δαίμονι.
1847 1084 1908 1112 Ὅτι

1082 1128 1127 1155 καὶ
1147 1128 1180 1162 ἦν
1204 1128 1349 1164 θαυμάσαι,
1373 1126 1474 1163 ἡλίκαν
1499 1126 1736 1166 ἐδραμοτούργησι
1758 1128 1829 1155 κατὰ
1861 1130 1908 1155 τοῦ

1085 1172 1236 1210 Σαπρικίου
1252 1172 1265 1199 ὁ
1282 1170 1412 1210 πονηρός.
1439 1171 1525 1199 Φίλον
1546 1172 1597 1210 γὰρ
1621 1171 1722 1199 ἐκεῖνον
1737 1173 1909 1211 προφανέντα

1083 1219 1122 1252 τῷ
1144 1219 1212 1252 Θεῷ,
1237 1216 1282 1244 καὶ
1305 1216 1339 1254 τῇ
1362 1218 1487 1254 προθισει
1510 1217 1559 1251 τὴν
1582 1217 1675 1254 ψυχὴν
1700 1217 1814 1253 θέμενον
1842 1217 1908 1254 ὑπὲρ

1084 1263 1132 1288 τοῦ
1163 1261 1298 1289 Δεσπότου
1335 1260 1530 1299 εὐαγγελικιῖκ,
1572 1261 1722 1288 ἀπέσπασεν
1759 1261 1785 1288 ἒν
1813 1261 1909 1298 ἀκαρεῖ

1085 1305 1190 1344 χρόνῳ,
1214 1306 1330 1343 σχοινίῳ
1355 1318 1368 1331 ι(
1386 1306 1565 1342 μνησικακίας
1581 1317 1595 1332 ››
1624 1305 1861 1344 ἀφελκυσάμινος,
1878 1305 1908 1333 οὐ

1085 1350 1319 1388 προνοησάμενος,
1339 1351 1380 1378 ὅτι
1407 1349 1588 1388 ἀντάλλαγμα
1608 1352 1656 1377 τοῦ
1672 1349 1909 1388 προαπωσαμὲνου

1085 1393 1177 1432 ἕτερός
1197 1394 1251 1422 ἐστι
1280 1395 1381 1432 μάρτυς
1400 1397 1466 1422 Θεοῦ
1484 1403 1490 1410 ·
1517 1394 1589 1422 ἀλλὰ
1604 1393 1724 1429 σπουδῆς
1742 1394 1854 1431 θέμενος
1872 1396 1910 1431 μή

1088 1437 1135 1466 δύο
1150 1438 1252 1470 καλοὺς
1280 1439 1438 1476 ἀνθρώπους
1464 1439 1638 1474 οἲκειωθῆναι
1667 1441 1707 1475 τῷ
1728 1437 1912 1476 παμϐασιλεῖ,

1087 1481 1131 1511 ἕνα
1148 1484 1195 1520 μὶν
1210 1484 1256 1511 τὸν
1274 1483 1347 1520 αὐτῷ
1371 1484 1610 1522 μεμαρτυρηκότα,
1633 1481 1725 1522 ἕτερον
1751 1482 1780 1511 δὲ
1801 1484 1849 1512 τὸν
1865 1487 1914 1519 τῆς

1087 1527 1168 1556 αὐτοῦ
1179 1527 1353 1567 κληρονόμον
1370 1527 1465 1566 εὐχῆς.

207 1582 309 1602 surum
323 1574 373 1602 Dei
390 1575 550 1610 martyrem
564 1582 570 1607 ;
587 1573 637 1601 sed
651 1573 679 1600 id
696 1573 816 1601 curabat
832 1582 867 1602 ne
880 1573 937 1601 duo
953 1572 1060 1610 egregii
1076 1573 1132 1600 viri
1147 1573 1301 1600 domestici
1317 1573 1446 1601 universi
1462 1573 1538 1609 regis
1549 1572 1661 1607 ﬁerent,
1688 1581 1766 1601 unus
1794 1573 1915 1609 quidem

206 1628 258 1656 pro
274 1619 332 1647 Deo
349 1618 519 1655 martyrium
533 1626 651 1654 passus,
667 1618 740 1646 alter
754 1627 820 1646 vero
834 1618 971 1655 martyris
986 1626 1106 1654 precum
1123 1617 1226 1645 haeres.

242 1683 269 1710 3.
286 1682 378 1709 Erunt
392 1683 483 1709 acutas
499 1681 605 1708 mentis
620 1680 673 1708 viri
701 1681 751 1716 qui
780 1681 841 1709 illic
870 1681 1030 1716 haerebunt,

1125 1680 1160 1716 γ’.
1177 1678 1229 1707 Καὶ
1254 1677 1323 1706 ἔστιν
1349 1679 1519 1716 ἐπαπορῆσαι
1546 1678 1610 1710 τοὺς
1638 1679 1764 1716 εὐμαθεῖς
1790 1679 1915 1714 ἐνταῦθα,

208 1735 261 1754 our
289 1727 429 1754 Dominus
459 1726 612 1753 recesserit
639 1734 656 1753 a
681 1726 821 1761 Sspricio,
851 1726 990 1762 quoniam
1006 1728 1034 1753 et

207 1771 356 1807 Sapricius
370 1770 428 1798 Deo
453 1770 618 1806 proximum
648 1778 680 1798 ac
707 1770 874 1798 devinctum
905 1779 968 1799 sese
995 1773 1035 1798 te-

209 1818 325 1848 nuerat,
341 1818 370 1842 et
384 1815 460 1843 Deus
476 1823 628 1850 nunquam
642 1814 683 1842 ita
698 1823 729 1842 se
744 1814 856 1843 habuit.
873 1815 936 1843 Non
956 1815 1034 1843 enim

210 1860 265 1888 hos
280 1859 399 1892 deserit,
414 1862 447 1886 ut
474 1859 591 1886 Davidis
619 1859 707 1887 verba
736 1867 887 1895 usurpem,
917 1859 967 1896 qui
990 1859 1033 1893 ip-

213 1912 279 1931 sum
309 1905 460 1939 quaerunt;
489 1903 525 1931 iis
544 1903 633 1931 etiam
649 1903 699 1939 qui
715 1904 812 1940 ipsum
828 1906 932 1932 vocant
947 1912 1036 1940 prope

213 1950 308 1982 astat;
325 1948 402 1982 quod
418 1950 515 1976 autem
531 1947 598 1984 plus
613 1950 668 1982 est,
682 1956 715 1976 ao
731 1948 839 1976 mirum
865 1948 969 1985 magis,
999 1948 1035 1976 ab

211 1992 247 2020 iis
262 1992 346 2028 ipsis,
362 1992 412 2028 qui
427 2001 495 2020 eum
512 2001 569 2020 non
585 1995 729 2028 quaerunt,
746 1993 776 2020 in
793 2001 916 2021 occursu
932 1993 1036 2021 obvius

211 2037 368 2065 invenitur.
385 2037 465 2065 Hanc
481 2037 671 2074 quaestionem
698 2037 749 2073 qui
778 2038 958 2074 suscepisset
985 2037 1037 2065 tali

211 2082 323 2110 ratione
352 2082 547 2110 dirimendum
576 2082 719 2110 haberet.
752 2084 863 2118 Nempe
895 2082 1036 2111 molestus

212 2127 261 2155 ille
289 2127 438 2163 Sapricius
467 2126 540 2154 mihi
568 2127 700 2160 vedetur,
730 2127 850 2161 fratres,
881 2126 1036 2155 consilium

214 2171 341 2199 adeundi
358 2171 489 2207 martyrii
506 2179 562 2206 prae
577 2180 609 2199 se
623 2171 727 2199 tulisse
743 2171 843 2199 ﬁctum
874 2174 961 2207 atque
989 2179 1037 2199 ex-

213 2216 316 2249 terius,
346 2224 404 2244 non
433 2224 467 2243 ex
496 2215 600 2244 intimo
628 2217 687 2244 toto
721 2216 807 2243 corde
839 2218 953 2251 ortum,
987 2217 1037 2244 sed

215 2261 420 2294 cunctantius;
450 2262 628 2296 quapropter
643 2269 700 2288 non
716 2269 750 2288 ea
765 2263 863 2288 mente
879 2268 937 2296 qua
951 2269 1039 2296 opor-

215 2306 297 2334 tebat
312 2313 372 2333 rem
388 2306 520 2332 sanctam
536 2305 657 2332 adortus
673 2307 726 2338 est;
745 2313 800 2332 non
817 2304 894 2332 enim
909 2305 945 2333 ad
961 2313 1040 2332 amo-

216 2358 279 2378 rem
295 2350 344 2377 Dei
360 2349 503 2377 duntaxat
517 2349 687 2384 respiciens,
710 2349 761 2376 sed
787 2357 892 2376 vanam
921 2349 1039 2377 intuens

216 2394 341 2429 gloriam
355 2394 390 2421 ad
407 2396 551 2422 certamen
568 2393 699 2429 martyrii
730 2394 877 2427 cucurrit;
906 2394 1039 2430 opperie-

217 2439 306 2466 batur
320 2439 411 2466 donec
426 2438 536 2465 circum
551 2446 582 2466 se
597 2438 809 2474 obstrepereret
824 2438 933 2474 inclyta
948 2439 1040 2467 futilis

215 2482 313 2510 laudis
329 2482 416 2518 fama,
433 2484 533 2518 utpote
549 2484 660 2519 martyr
687 2483 734 2510 oui
763 2482 845 2511 nulla
871 2483 965 2511 inerat
992 2492 1040 2511 co-

217 2526 315 2561 mitas,
345 2526 426 2554 nulla
456 2527 484 2554 in
514 2535 544 2554 se
569 2527 755 2555 conﬁdentia.
770 2527 832 2556 Tali
847 2530 951 2564 captus
967 2536 1039 2563 pras-

215 2571 287 2603 mio,
301 2573 365 2606 (nec
381 2571 458 2599 enim
475 2571 499 2598 is
516 2573 577 2598 erat
592 2580 679 2607 quem
692 2572 753 2600 sola
776 2572 882 2600 veritas
906 2572 1040 2609 pellexis-

217 2616 283 2652 set),
300 2616 337 2643 ad
367 2615 540 2651 martyrium
570 2616 719 2652 vitamque
748 2618 914 2652 ponendum
944 2617 1038 2644 irruit.

216 2661 304 2690 Aliud
333 2660 455 2696 insuper
482 2660 610 2687 addam:
641 2661 889 2696 quemadmodum
904 2661 981 2688 enim
997 2661 1042 2688 vir

218 2706 339 2743 quidam
355 2704 520 2733 testimonio
537 2704 661 2732 alterum
691 2705 839 2734 hominem
869 2708 1041 2742 prosecutus

217 2753 252 2779 ut
266 2750 322 2779 sibi
336 2749 394 2786 ipsi
410 2748 514 2785 prosit,
530 2757 588 2776 non
599 2749 668 2785 jure
682 2750 718 2778 ab
733 2750 782 2778 illo
797 2752 893 2786 grates
910 2751 1040 2785 repetat,

219 2803 287 2824 cum
297 2794 360 2831 ipse
375 2793 582 2830 beneflciijam
597 2793 703 2822 habeat
731 2794 868 2831 pretium,
896 2802 948 2822 seu
976 2802 1042 2822 ma-

221 2848 292 2869 num
317 2847 401 2869 suam
429 2838 518 2868 vetita
545 2838 711 2876 impleverit
734 2839 869 2876 pecunia,
884 2839 946 2870 sive
961 2838 1040 2868 aliud

1088 1725 1148 1755 πῶς
1161 1725 1210 1751 τοῦ
1227 1723 1376 1760 Σαπρικίου
1401 1724 1502 1759 ἀπέστη
1529 1725 1542 1751 ὁ
1569 1723 1678 1761 Κύριος,
1694 1723 1854 1762 ἐγγίσαντος
1870 1724 1915 1751 καὶ

1088 1767 1342 1806 προσκολλωμάνου
1375 1768 1459 1805 αὐτῷ,
1486 1767 1622 1805 μηδέποτε
1645 1768 1716 1796 οὕτω
1741 1769 1915 1804 πεποιηκώς.

1089 1813 1129 1841 Οὐ
1159 1813 1210 1850 γὰρ
1240 1812 1441 1850 ἐγκαταλείπει,
1471 1815 1621 1845 Δαυϊτικῶς
1646 1812 1742 1847 εὶπεῖν,
1772 1812 1838 1844 τοὺς
1869 1816 1916 1848 ζηο

1088 1859 1200 1888 τοῢντας
1218 1857 1298 1885 αὐτὸν
1314 1858 1328 1884 ὁ
1346 1857 1392 1885 καὶ
1416 1856 1455 1885 ἔτι
1481 1856 1639 1885 λαλούντων
1665 1857 1745 1896 ἔγγὺς
1762 1858 1914 1895 παραγινό-

1092 1912 1171 1938 μενος
1188 1902 1238 1935 ,τὸ
1254 1901 1283 1929 δὲ
1306 1902 1538 1940 θαυμασιώτερον,
1565 1902 1610 1930 καὶ
1633 1905 1692 1933 τοῖς
1717 1903 1754 1938 μὴ
1788 1904 1915 1937 ζητοῦσιν

1090 1945 1168 1972 αὐτὸν
1185 1945 1378 1983 εὑρισκόμενος
1398 1947 1442 1974 καὶ
1467 1946 1668 1984 παριστάμενος
1696 1946 1735 1977 εἷς
1756 1945 1915 1983 ἀντίληψιν.

1091 1989 1172 2018 Ἔχοι
1189 1989 1218 2017 δὶ
1246 1991 1276 2017 ἄν
1298 1991 1312 2018 ὁ
1336 1990 1464 2026 τοιαύτην
1487 1989 1629 2019 ἀναλαϐὼν
1660 1990 1762 2018 ἔννοιαν
1789 1989 1917 2018 ἐπιλύσα-

1092 2035 1151 2062 σθαι
1167 2033 1221 2062 ὧδέ
1236 2045 1294 2066 πως
1315 2035 1347 2063 τὸ
1372 2034 1473 2074 ἄπορον
1498 2034 1583 2073 (δοκῶ
1600 2036 1669 2073 μοι),
1691 2034 1713 2062 ὦ
1729 2034 1856 2075 ἀδελφοὶ,
1871 2035 1916 2063 τὸν

1091 2079 1219 2118 φορτικὸν
1239 2080 1402 2118 Σαπρίκιον,
1427 2079 1592 2108 ἐπίπλαστον
1613 2079 1790 2117 ὲξεπιπολῆς,
1813 2080 1844 2107 οὐ
1863 2080 1915 2116 μήν

1092 2123 1245 2162 ἐνδόμυχον
1264 2125 1308 2152 καὶ
1331 2124 1484 2163 ὁλόψυχον,
1510 2126 1560 2160 τὴν
1576 2125 1620 2153 ἐπὶ
1635 2127 1674 2161 τῷ
1692 2124 1834 2163 μαρτυρίῳ
1849 2125 1916 2163 πρό-

1094 2175 1163 2201 θεσιν
1180 2168 1353 2206 ἐνδείξασθαι,
1378 2168 1450 2198 ἀλλὰ
1477 2168 1685 2207 μαλακώτερον,
1709 2170 1754 2197 καὶ
1783 2169 1870 2201 οὕτως
1884 2169 1914 2197 οὐ

1094 2212 1208 2245 δεόντως
1234 2211 1375 2242 ἐπιϐαλεῖν
1399 2214 1469 2252 ἁγίῳ
1491 2213 1640 2252 πράγματι,
1657 2214 1725 2252 πρὸς
1748 2214 1834 2250 μόνην
1860 2214 1915 2240 θεο-

1094 2257 1186 2297 φιλίας
1203 2257 1314 2293 δόκησιν
1339 2259 1384 2286 καὶ
1407 2257 1487 2294 δόξης
1511 2261 1592 2294 κενῆς
1615 2258 1693 2296 λόγῳ
1711 2260 1746 2295 τῇ
1765 2259 1912 2295 μαρτυρικῇ

1094 2301 1207 2338 ἀθλήσει
1221 2301 1391 2340 ἐπιδραμεῖν,
1408 2302 1436 2331 εἷ’
1456 2314 1515 2335 πως
1539 2302 1662 2340 δοξάριόν
1683 2313 1709 2330 τι
1724 2303 1800 2339 αὐτῷ
1815 2302 1913 2341 ἰπιφη-

1097 2347 1204 2384 μισθείη
1221 2347 1395 2386 περίκλυτον,
1420 2348 1457 2379 ὡς
1482 2347 1525 2376 ἐὰν
1551 2348 1594 2375 καὶ
1623 2347 1724 2386 μάρτυς
1748 2347 1799 2375 οὐκ
1823 2347 1916 2375 εὐσυν-

1094 2391 1242 2427 άλλακτος,
1268 2393 1312 2419 καὶ
1337 2391 1370 2427 δὴ
1394 2392 1466 2428 σύτῷ
1493 2393 1524 2420 οὐ
1546 2392 1654 2427 πιστὸς,
1670 2391 1760 2430 δώρου
1776 2401 1857 2430 χαριν
1875 2391 1914 2429 (οὐ

1097 2437 1149 2473 μὴν
1178 2435 1207 2463 δὲ
1234 2436 1303 2474 πρὸς
1330 2437 1413 2471 αὐτὴν
1450 2438 1501 2472 τὴν
1536 2436 1666 2472 ἀλήθειαν
1694 2437 1849 2475 παραγάγοι
1875 2435 1915 2472 7n)

1094 2479 1238 2517 ίπιρῥίψας
1266 2480 1304 2512 είς
1331 2481 1478 2519 μαρτύριον
1505 2482 1749 2520 βιωτικόν.“οπου
1775 2481 1821 2508 καὶ
1847 2479 1915 2508 ἔστιν

1095 2524 1190 2560 εἰπεῖν,
1208 2525 1260 2561 δτι,
1276 2526 1345 2557 καθὰ
1366 2526 1380 2553 ὁ
1406 2527 1624 2564 μεμαρτυρηκώς
1648 2536 1701 2553 που
1727 2525 1793 2563 ὑπὲρ
1815 2525 1917 2562 ἀνθρώ-

1093 2579 1158 2603 που,
1172 2570 1215 2597 καὶ
1240 2568 1398 2606 διαθέμενος
1425 2570 1524 2598 ἐκεῖνον
1552 2569 1656 2606 καλῶς,
1684 2570 1733 2598 οὐκ
1756 2568 1786 2598 ἂν
1808 2568 1918 2601 δικαίως

1095 2614 1208 2652 χάριτας
1237 2612 1366 2653 ὅφλεσθαι
1391 2615 1518 2651 ἀπαιτοίη
1544 2614 1570 2651 ἐξ
1596 2614 1696 2643 ἐκείνου
1721 2615 1830 2652 (ἀπέχει
1869 2614 1917 2652 γὰρ

1094 2657 1148 2694 ἤδη
1164 2659 1210 2686 τὸν
1229 2660 1324 2696 μισθὸν
1340 2663 1390 2694 τῆς
1405 2659 1530 2697 χάριτος,
1556 2661 1600 2687 οἷα
1623 2659 1732 2695 πλήσας
1755 2660 1805 2694 τὴν
1828 2661 1916 2697 χεῖρα,

1095 2704 1131 2731 ὠν
1149 2704 1200 2731 οὐκ
1222 2703 1319 2742 ἐχρῆν,
1345 2704 1389 2732 καὶ
1416 2703 1509 2736 ἄλλως
1534 2705 1658 2732 ὁπωσοῦν
1686 2703 1917 2742 ἐκθεραπευσάμε-

1095 2750 1163 2786 νος),
1180 2748 1265 2780 οὕτως
1282 2748 1371 2777 οὐδὲὸ
1396 2749 1555 2787 Σαπρίκιος,
1581 2748 1642 2777 οὐδὲ
1664 2747 1692 2777 εἶ’
1702 2759 1742 2780 τις
1758 2747 1846 2780 ἄλλος
1861 2749 1919 2775 κατ’

1096 2794 1196 2822 ἐκεῖνον
1226 2793 1264 2825 εἷς
1296 2794 1443 2832 μαρτυρίαν
1469 2793 1570 2832 δράμοι
1598 2795 1649 2829 τὴν
1677 2793 1739 2832 περὶ
1766 2795 1815 2820 τοῦ
1839 2795 1916 2829 Θεοῦ,

1097 2841 1216 2878 φθαρτῆς
1236 2836 1360 2871 εὐκλείας
1383 2835 1469 2868 ἕνεκεν
1497 2839 1541 2867 καὶ
1565 2840 1615 2867 τοῦ
1630 2837 1704 2874 δοξαι
1727 2839 1916 2878 φανητιασμοῦ
