2021 3176
119 187 184 217 565
639 186 678 216 ΙΝ
703 185 733 216 S.
758 185 952 222 QUADRAGT

1007 184 1101 216 lMAM
1124 185 1271 216 ORATIO
1293 185 1317 216 Ι.
1775 185 1834 215 566

119 252 217 289 τρόπῳ
234 250 396 288 θιόμαρτυς,
417 250 462 278 καὶ
492 249 563 278 οὕτω
595 251 707 287 μνήμην
737 248 810 288 ἔχειν
838 250 943 287 τιμίαν,

1007 251 1073 287 quid
1089 251 1163 279 lucri
1179 251 1235 280 sibi
1251 250 1413 287 paraverit;
1430 249 1484 278 tali
1500 250 1587 278 modo
1612 252 1641 278 et
1668 249 1833 286 Sapricius,

121 296 319 333 συναντίληψιν
336 294 396 334 ἔχοι
412 294 441 322 ἂν
458 295 510 323 ἀπὸ
524 297 572 323 τοῦ
587 297 664 330 Θεοῦ,
691 294 736 323 διὰ
749 295 780 323 τὸ
809 296 878 323 κατὰ
896 295 948 330 τὴν

1007 299 1032 324 st
1060 297 1085 325 si
1114 297 1180 333 quis
1211 297 1287 326 alius
1313 299 1433 325 secutus
1457 296 1588 324 divinum
1604 297 1639 324 ad
1657 296 1832 333 martyrium

125 340 276 379 μαρτυρίαν
293 339 537 377 ψευδεπίπλαστον·
568 339 641 368 ἀλλὰ
665 339 846 378 ἀπρόσδεκτος
863 337 946 376 ἔσται,

1007 343 1159 377 procurrit,
1181 342 1297 370 caducis
1324 342 1422 379 gloriae
1452 349 1551 374 causa,
1582 343 1673 377 utque
1702 343 1832 369 ostenta-

123 386 162 417 ὡς
180 385 218 417 εἰς
231 384 314 412 τόπον
329 384 482 421 τεθειμένος
500 385 658 422 ὑποκριτοῦ,
687 385 716 416 ’ὸς
733 384 801 412 πάνυ
832 387 949 422 μισεῖται

1007 387 1113 415 latione
1129 388 1254 423 quadam
1274 387 1322 415 Dei
1339 389 1497 423 martyrem
1513 393 1577 414 sese
1601 387 1750 422 professus
1776 386 1834 414 cla-

122 432 165 466 τῷ
177 433 228 464 τῆς
242 428 371 464 ἀληθείας
395 431 461 465 Θεῷ.

1004 439 1066 459 ram
1097 431 1152 460 sibi
1181 432 1305 468 gloriam
1335 433 1488 467 quareret,
1510 431 1536 458 is
1551 430 1650 458 divino
1665 430 1761 458 caruit
1777 438 1832 458 au-

121 477 247 511 xilio,et
262 475 292 504 in
307 483 428 504 numero
457 476 571 512 positus
592 477 636 504 est
663 476 894 513 hypocritarum,
924 484 999 510 quos
1024 477 1110 505 habet
1131 486 1252 514 prorsus
1278 477 1491 506 abominationi
1519 476 1598 505 Deus
1626 476 1724 505 omnis
1752 475 1830 504 veri-

121 521 206 550 tatis.

160 581 191 611 8'.
207 581 256 610 Καὶ
272 581 344 610 οὕτω
361 581 408 619 μὲν
438 582 452 609 ὁ
482 582 632 620 Σαπρίκιος
658 581 799 619 νομίζοιτο
820 580 849 610 ἂν
879 582 948 610 ἀπο-

119 628 253 666 τρόπαιος
270 627 335 654 εἶναι
349 629 390 663 τῷ
405 628 474 663 Θεῷ,
490 625 534 654 διὰ
552 627 583 654 τὸ
611 627 648 664 μὴ
674 626 826 665 ἐπιτρέπειν
853 627 948 663 ἐκείνῳ

121 673 162 704 εἰς
184 672 300 710 καθαρὰν
329 671 432 707 θυσίαν,
462 670 534 699 ἀλλὰ
555 673 751 710 μεμορφῶσθαι
781 671 819 703 εἷς
848 672 948 709 φάντα-

121 727 180 753 σμα
208 716 416 753 σκηνικώτερον·
446 715 482 743 Οὖ
508 716 556 754 γὰρ
588 715 617 743 ἃν
648 716 748 755 ἀφῆκεν
779 717 793 744 ὁ
826 717 890 747 Θεὸς
920 715 945 743 ἐν

121 761 197 797 αὖτῷ
209 763 296 798 καιρῷ
316 761 452 798 σωτηρίας
481 758 611 795 ἀναϐῆναι
641 760 678 792 εἷς
704 759 813 798 καρδίαν
839 759 947 798 ὑψηλοῦ

122 806 270 843 ἀνθρώπου
294 805 369 842 αὐτῷ
381 805 599 843 προσανέχοντος
615 804 870 843 ἀναρῥιχησάμενον
895 815 946 832 πο-

122 850 208 887 νηρὸν
238 848 427 888 διαλογισμόν·
457 848 530 877 ἀλλὰ
554 848 710 876 ἀπέκλεισεν
737 849 766 876 ἂν
783 850 829 877 ἀπ’
852 850 947 885 αὐτοῦ,

124 895 164 926 ὡς
181 893 251 931 μηδὲ
264 894 314 930 ἔξω
329 905 382 921 που
405 895 613 932 θυροκρουστεῖν
639 890 723 932 ἔχειν,
751 896 836 921 πᾶσαν
865 905 948 929 πονη-

124 939 173 976 ρὰν
190 939 321 967 διάνοιαν.
337 938 390 966 Καὶ
407 938 494 970 οὕτως
510 938 542 965 οὐ
560 939 643 975 μόνον
659 938 708 966 οὐκ
736 937 765 966 ἂν
796 939 810 966 ὁ
824 938 947 973 ἀθλητὴς

126 983 255 1019 ὑπεξέστη
281 985 328 1010 τοῦ
356 984 523 1020 μαρτυρικοῦ
554 982 684 1022 στεφάνου
707 985 746 1019 τῷ
769 982 948 1019 μεμισημένῳ

124 1027 284 1065 Νικηφόρῳ,
315 1026 389 1054 ἀλλά
415 1027 460 1054 καὶ
479 1026 578 1054 ἐκεῖνον
612 1024 796 1065 προσελάϐετο
825 1027 949 1065 συμμάρ-

122 1082 211 1108 τυρα,
238 1071 282 1099 καὶ
312 1070 351 1102 εἷς
380 1070 502 1109 ποδηγὸν
533 1074 606 1106 ζωῆς
635 1071 746 1099 αἰωνίου
775 1071 948 1110 χρηματίσας

125 1115 269 1144 ἐδίπλασεν
284 1115 314 1143 ἃν
329 1116 360 1143 τὸ
375 1115 470 1145 καλόν.
487 1116 568 1147 Εἰκὸς
583 1116 644 1154 γὰρ,
670 1115 723 1152 ἤδη
750 1115 779 1144 δὶ
797 1117 842 1144 καί
871 1115 949 1154 ἐγγὺς

124 1161 281 1199 ἀναγκαίου,
307 1159 499 1199 συλληφθῆναι
524 1160 576 1188 ὑπὸ
597 1162 652 1188 τῶν
673 1161 735 1188 τότε
763 1160 949 1188 σπεκουλατό-

125 1215 179 1243 ρων
201 1205 245 1232 καὶ
259 1205 305 1232 τὸν
322 1203 406 1237 ὅντως
421 1204 613 1244 φιλάνθρωπον
630 1205 674 1233 καὶ
699 1204 873 1243 φιλάλληλον
903 1205 948 1233 καὶ

126 1252 194 1277 Θεοῦ
218 1249 393 1288 ἐπίστροφον,
418 1249 463 1276 καὶ
493 1247 537 1277 διὰ
565 1252 645 1277 τοῦτο
670 1249 836 1289 φιλάδελφον
870 1251 947 1288 ἅγιον

126 1293 294 1333 Νικηφόρον,
323 1293 368 1321 καὶ
391 1294 546 1331 ἀηαχθῆναι
573 1294 611 1325 εἰς
629 1295 662 1321 τὸ
684 1294 814 1332 τύραννον
837 1295 950 1332 στρατή-

126 1348 195 1375 γιονι
223 1338 266 1365 ὅτε
292 1338 348 1373 καὶ,
375 1337 520 1376 σφαγέντος
550 1339 633 1366 αὑτοῦ
662 1338 688 1374 εξ
718 1336 948 1376 ἀπότελὲσματος,

125 1385 160 1420 τῇ
189 1383 233 1410 καὶ
250 1382 288 1413 ei:
315 1385 439 1410 τοιοῦτον
468 1383 552 1411 καλὸν
586 1383 729 1420 ἑτοιμασίᾳ
754 1382 894 1412 ἰδίπλασιν
917 1383 948 1411 ἂν

125 1428 194 1466 πρὸς
218 1426 419 1464 κερδαλεότητα
443 1431 580 1466 θεοπρεπῆ
609 1428 639 1455 τὸ
665 1431 735 1460 θεῖον
765 1428 912 1465 κειμήλιον
934 1429 948 1456 ὁ

128 1473 286 1510 Σαπρίκιος,
302 1474 351 1499 τοῦ
375 1474 442 1500 Θεοῦ
466 1472 523 1500 ἀντῖ
546 1472 605 1504 ἑνὸς
630 1472 730 1500 ἐκείνου
753 1472 801 1501 δύο
816 1483 948 1511 προσενη-

125 1516 240 1555 νεγμένα
256 1515 401 1553 δεξαμᾶνου
416 1516 534 1544 τάλαντα
549 1517 735 1554 πολυτίμητα,
756 1517 800 1545 καί
824 1518 906 1545 αὐτοῦ
919 1527 949 1545 τε

127 1560 295 1593 εἶσιλθόντος
310 1561 347 1592 εἴς
362 1561 411 1595 τὴν
428 1560 552 1598 οὖράνιον
568 1561 705 1598 βασιλείαν
721 1562 819 1590 καὶτὸν
827 1561 948 1600 Νικηφό-

129 1616 174 1644 ρον
189 1603 424 1643 συνιισαγαγὸντος
448 1606 650 1644 προθυμότατα.

1039 585 1065 612 Ai.
1082 585 1314 621 Supponendum
1331 587 1376 614 est
1404 585 1496 621 igitur
1523 592 1557 613 eo
1583 583 1744 620 Sapricium
1774 582 1833 611 Deo

1003 629 1139 657 odiosum
1168 630 1279 658 factum
1308 638 1382 664 esse,
1413 629 1488 665 quod
1519 637 1577 657 non
1591 637 1623 656 se
1637 627 1679 656 illi
1695 627 1834 655 obtulerit

1003 682 1110 710 purum
1128 675 1164 702 ad
1180 675 1369 710 sacriﬁcium,
1387 675 1437 703 sed
1453 674 1614 710 quamdam
1628 672 1758 701 induerit
1772 671 1835 700 the-

1002 718 1124 747 atralem
1141 719 1377 755 personam.Non
1393 719 1469 747 enim
1480 719 1557 746 Deus
1573 717 1721 746 omisisset
1736 724 1835 745 ascen-

1002 763 1070 791 dere
1086 763 1115 790 in
1130 766 1258 791 mentem
1275 763 1433 792 sublimem
1449 763 1565 799 sibique
1580 763 1706 790 dicatam
1717 773 1725 795 ;
1736 763 1834 789 errata

1003 807 1092 837 etiam
1122 808 1336 836 sententiarum
1366 807 1634 844 suprascandisset,
1665 806 1724 833 imo
1755 805 1832 833 hanc

1003 855 1132 880 mentem
1162 853 1259 888 pravis
1286 852 1440 880 sententiis
1465 852 1506 880 ita
1522 850 1731 888 praclueisset,
1748 853 1832 877 utne

1002 897 1079 924 fores
1110 897 1230 932 quidem
1264 897 1381 933 pulsare
1415 896 1604 932 potuissent.
1636 894 1683 923 Sic
1721 893 1832 922 athleta

1003 941 1074 969 adeo
1103 950 1160 969 non
1191 942 1324 977 martyrii
1349 949 1488 969 coronam
1504 940 1667 976 Nicephoro
1681 938 1829 972 cessisset,

1003 993 1090 1021 quem
1107 986 1219 1019 oderat,
1236 988 1380 1014 utcontra
1395 993 1461 1013 eum
1475 986 1698 1020 commartyrem
1729 990 1828 1010 susce-

1004 1029 1231 1066 pisset,ejusque
1247 1030 1306 1057 dux
1322 1030 1416 1058 factus
1431 1030 1466 1057 ad
1484 1029 1572 1056 vitam
1588 1031 1829 1060 aternam,suum

1005 1075 1058 1102 hoc
1074 1074 1191 1102 nomine
1205 1074 1385 1110 duplicasset
1396 1073 1619 1110 prmmium.Par
1628 1074 1690 1100 erat
1698 1080 1730 1100 ac
1740 1080 1830 1108 prope

1004 1119 1207 1147 necessarium
1225 1121 1359 1147 sanctum
1374 1118 1571 1155 Nicephorum
1586 1117 1740 1145 hominum
1764 1123 1831 1144 vers

1004 1166 1161 1198 amantem,
1179 1163 1282 1191 alienis
1298 1163 1498 1192 consulentem
1512 1161 1831 1193 commodisdnlentum

1004 1208 1038 1236 ad
1069 1208 1162 1236 Deum
1191 1211 1278 1244 atque
1307 1209 1429 1236 fratrum
1459 1215 1581 1235 suorum
1611 1205 1790 1242 diligentem,
1816 1213 1834 1232 a

1004 1252 1146 1280 militibus
1162 1253 1286 1288 hujusce
1301 1252 1442 1288 temporis
1457 1251 1701 1287 comprehensum
1731 1249 1831 1284 fuisse,

1003 1299 1092 1333 atque
1107 1297 1136 1324 in
1152 1297 1321 1333 praetorium
1342 1295 1528 1333 imperatoris
1557 1295 1728 1323 deductum.
1760 1295 1832 1322 Cum

1003 1350 1071 1378 ergo
1100 1342 1197 1378 reipsa
1221 1344 1368 1370 mactatus
1382 1341 1496 1376 :fuerit,
1512 1340 1536 1367 si
1552 1339 1700 1375 Sapricius
1714 1347 1832 1375 quoque

1003 1387 1039 1415 ad
1056 1386 1210 1422 praemium
1237 1386 1316 1414 idem
1345 1385 1536 1414 obtinendum
1567 1386 1686 1421 paratus
1715 1383 1828 1418 fuisset,

1003 1431 1112 1467 duplici
1127 1439 1245 1466 gemma
1260 1431 1390 1458 divinum
1407 1430 1536 1458 auxisset
1550 1429 1733 1462 thesaurum;
1745 1436 1829 1455 nam-

1004 1484 1061 1512 que
1077 1476 1152 1504 Deus
1168 1484 1219 1511 pro
1236 1484 1294 1504 uno
1310 1475 1360 1503 illo
1375 1475 1433 1502 duo
1463 1473 1625 1510 accepisset
1651 1471 1829 1509 pretiosissi-

1003 1528 1052 1548 ma
1065 1520 1186 1555 talenta,
1202 1528 1269 1547 cum
1285 1519 1348 1555 ipse
1362 1518 1521 1554 Sapricius,
1538 1525 1659 1553 regnum
1689 1516 1828 1544 caelorum

1003 1564 1167 1600 ingressus,
1178 1563 1384 1599 iNicephorum
1399 1563 1489 1591 etiam
1504 1570 1605 1590 secum
1621 1569 1687 1590 cum
1702 1560 1829 1589 maxime

1003 1608 1102 1637 studio
1118 1608 1297 1636 adduxisset.

166 1698 194 1723 ι’.
211 1694 260 1722 Καὶ
275 1694 346 1722 οὕτω
363 1695 410 1731 μὲν
428 1694 469 1730 εἴη
495 1694 525 1722 ἂν
549 1694 708 1727 memon
733 1696 765 1723 τὸ
792 1693 950 1734 προϐεϐλη-

1040 1698 1114 1725 5.1ta
1129 1696 1218 1733 igitur
1233 1696 1355 1733 quaestio
1370 1704 1460 1732 supra
1473 1694 1635 1723 constituta
1643 1693 1714 1723 solvi
1724 1695 1835 1731 posset.

134 1739 213 1776 μένον
230 1738 370 1777 ἀπόρημα,
387 1739 465 1776 ’Epoi
481 1739 510 1767 δὲ
531 1738 634 1767 ἔπεισιν
663 1740 775 1768 ἐνταῦθα
802 1740 952 1777 διασκοπή-

132 1790 237 1818 σασθαι,
253 1784 298 1811 καὶ
313 1782 432 1819 πηλίκον
458 1785 540 1812 κακὸν
565 1786 582 1820 ἡ
615 1797 628 1810 ι(
655 1786 819 1821 μνησικακία
843 1798 858 1812 )›
885 1785 951 1821 ἐστὶ,

129 1829 173 1856 καὶ
204 1828 298 1856 ὁποῖόν
331 1839 357 1856 τι
386 1830 454 1856 κατὰ
482 1828 573 1857 οὐσίαν
611 1829 729 1867 ὁρίζεται
760 1831 953 1867 ηροσηκόντως

130 1874 197 1900 εἶναι
215 1872 293 1908 αὖτή’
310 1873 354 1900 καί
381 1884 426 1909 μοι
441 1873 547 1910 ἀρέσκει
570 1873 660 1913 φάναι,
691 1874 728 1905 ὡς
761 1875 778 1909 ἡ
806 1887 820 1900 ‹‹
853 1885 953 1911 μοησι-

130 1917 208 1944 κακία
224 1929 238 1943 ››
255 1917 306 1945 οὐκ
316 1915 386 1945 ἔστιν
401 1918 519 1955 ἐπιμονή
548 1918 644 1950 κακίας
672 1919 713 1946 ἐπἲ
744 1918 840 1950 ἁπλῶς
865 1919 954 1957 ἀμύνῃ

129 1961 162 1997 τῇ
174 1961 309 2000 τυχούσῃ,
324 1962 339 1989 ’ὀ
355 1961 387 1997 δὴ
412 1962 456 1990 καὶ
472 1965 524 1995 πᾶς
540 1963 625 2000 θυμὸς
641 1960 714 2001 ἔχειν
739 1962 837 1998 ἐθέλει,
868 1962 954 2002 ὄρεξις

131 2004 166 2032 ὣν
181 2005 227 2033 καὶ
251 2004 350 2036 ἰκτῖνος
375 2005 591 2041 ἀντιλυπήσεως,
616 2007 683 2034 καθά
705 2017 782 2045 φασιν
813 2007 838 2034 o't
867 2007 953 2035 πάλαι

130 2050 219 2088 σοφοί·
249 2049 323 2077 ἀλλά
352 2061 367 2075 ‹‹
397 2050 559 2086 μνησικακία
588 2063 602 2076 ››
631 2051 782 2088 ἰκφαίνεται
810 2053 953 2090 τυγχάνειν

133 2094 247 2131 μόνιμος
263 2094 360 2131 θυμὸς,
389 2094 436 2122 εἰτ’
453 2095 497 2122 οὗν
513 2095 594 2126 κότος
618 2095 762 2132 δαιμόνιος
787 2096 828 2123 ἐπὶ
858 2096 955 2134 ὀρέξει,

132 2137 227 2166 οὔκουν
245 2138 461 2174 ἀντιλυπήσεως,
477 2139 492 2166 ’ὸ
509 2138 541 2173 δὴ
559 2138 678 2178 λέγεται,
695 2139 778 2179 ἀλιίᾶ,
804 2140 840 2171 ὡς
865 2140 956 2178 φαίνε-

131 2194 184 2219 ται,
200 2183 244 2211 καὶ
261 2184 375 2211 θανάτου
390 2183 586 2222 ἀπαραιτήτου,
603 2185 660 2221 μεθ’
676 2184 706 2212 ὃν
730 2184 780 2212 οὐκ
805 2183 835 2212 ἃν
865 2184 956 2220 λυπή-

132 2238 202 2256 σεται
219 2229 233 2256 ὁ
249 2229 345 2256 θανών.
375 2229 486 2257 Ὀποῖον
503 2227 536 2264 δὴ
552 2228 636 2261 πάθος
652 2226 723 2267 ἔχων
745 2229 851 2260 πάντως
880 2230 923 2257 καὶ
942 2230 956 2257 ὁ

132 2273 280 2310 Σαπρίκιος
308 2272 352 2301 ἐπὶ
378 2276 417 2310 τῷ
445 2273 579 2312 ἀγαπητῷ
603 2274 765 2312 Νικηφόρῳ,
794 2274 839 2301 καὶ
868 2275 954 2310 πάντη

132 2317 238 2349 πάντως
277 2317 303 2353 ἐξ
327 2318 423 2346 ἑαυτοῦ
455 2318 577 2356 κυρώσας
601 2318 739 2346 ἀποικίσαι
768 2319 800 2346 τὸ
824 2317 955 2358 φιλάδελ-

133 2372 202 2399 φον,
236 2360 323 2390 ἔοικεν
351 2362 391 2390 ἀεὶ
414 2363 461 2399 μὶν
489 2363 607 2401 ἐφίεσθαι
638 2363 741 2401 βλάψαι
768 2363 814 2390 τὸν
840 2362 954 2402 θεοφιλῆ

135 2405 302 2443 Νικηφόρον,
327 2407 364 2438 ὡς
389 2407 433 2434 καὶ
459 2407 484 2442 ἐξ
509 2407 655 2445 ἀνθρώπων
679 2407 758 2436 αὐτόν
776 2408 876 2442 θέσθαι,
905 2409 956 2436 οὐκ

135 2449 160 2477 tv
175 2451 216 2486 τῷ
231 2448 331 2488 λέγειν·
358 2463 372 2477 ‹‹
396 2452 467 2480 Πότε
491 2453 663 2485 ἀποθανεῖται
689 2452 734 2480 καὶ
764 2453 906 2481 ἀπολεῖται
928 2453 960 2481 τὸ

136 2495 224 2532 ὄνομα
235 2494 335 2531 αὐτοῦ;
355 2507 368 2521 ιι
384 2495 447 2525 ἀλλ’
464 2497 489 2525 ἐν
503 2500 544 2535 τῷ
567 2498 610 2526 κσὶ
638 2497 752 2535 μελιτᾷν
775 2499 820 2526 καὶ
834 2497 959 2538 εὔχεσθαι

135 2540 179 2568 καὶ
200 2540 320 2568 καίεσθαι
343 2541 392 2576 τὴν
416 2541 529 2580 καρδίαν
553 2543 634 2571 αὐτου
659 2545 870 2583 προορωμένην,
896 2545 960 2574 πότι

136 2584 164 2613 ἂν
179 2585 197 2620 ἢ
213 2585 320 2623 εὑρήσει
348 2586 539 2625 ὀρωρυγμένον
565 2589 711 2626 βάραθρον,
734 2589 760 2617 ἒν
785 2590 808 2623 ᾦ
831 2589 960 2629 καταρῥί-

135 2632 185 2668 ψας
201 2630 352 2670 ἀφαντώσιι
367 2631 413 2658 τὸν
443 2631 618 2669 μισούμενον,
645 2634 688 2660 καὶ
714 2632 808 2665 ἄλλως
832 2635 960 2673 αὐτοχει-

137 2675 181 2713 ρίᾳ
209 2678 347 2714 θανατηρᾷ
379 2675 421 2704 ἐπ’
452 2676 532 2704 αὐτὸν
568 2678 711 2715 χρήσεται.
738 2679 786 2705 Καὶ
815 2678 844 2706 ἂν
875 2679 959 2708 πάλαι

135 2721 258 2748 τοιοῦτόν
273 2731 299 2748 τι
315 2721 476 2756 πεποίηκεν,
505 2720 579 2758 εἷιπερ
603 2720 731 2756 ἠδύνατο.
757 2723 831 2751 Ἐπεὶ
857 2723 886 2752 δὲ
910 2725 961 2752 οὐκ

139 2765 211 2809 εἶχεν,
231 2764 319 2803 ἰσχὺν,
350 2766 393 2794 of:
422 2767 470 2793 τοῦ
499 2765 524 2793 ἐν
550 2767 609 2802 Θεῷ
635 2766 774 2804 ιῗρηνικοῦ
802 2768 959 2809 Νικηφόρου

139 2808 190 2837 εἴτε
206 2808 350 2848 ἰσχύοντος
364 2811 402 2842 εἰς
417 2809 501 2839 πλέον
520 2810 566 2839 καὶ
589 2810 807 2849 ὑπιρπετομίνου
836 2813 960 2853 εὐμηχά-

105 2864 108 2867 '
138 2864 190 2885 νως
205 2854 250 2886 τὰς
267 2853 367 2884 ἑκαίνου
390 2854 518 2894 παγίδας,
540 2853 632 2884 gnem
654 2855 700 2884 τὸν
725 2855 811 2895 χόλον
836 2858 956 2898 ἀποκρυ-

1006 1741 1076 1770 Mihi
1091 1743 1187 1770 autem
1201 1741 1231 1769 in
1248 1743 1379 1769 mentem
1394 1740 1474 1768 venit
1487 1748 1565 1768 nunc
1578 1739 1721 1775 dispicere
1743 1747 1837 1775 quan-

1008 1788 1070 1814 tum
1086 1786 1124 1814 sit
1139 1786 1248 1814 malum
1262 1785 1361 1813 odium
1371 1785 1641 1821 pertinax,que3que
1650 1784 1733 1819 sit,ex
1743 1783 1838 1820 ipsius

1007 1833 1123 1866 natura,
1138 1830 1315 1858 conveniens
1331 1830 1357 1857 ei
1373 1829 1515 1857 deﬁnitio.
1531 1829 1639 1856 Odium
1669 1827 1838 1856 istiusmodi

1008 1884 1065 1904 non
1081 1883 1115 1903 ea
1131 1877 1175 1903 est
1189 1874 1349 1911 pertinacia
1358 1883 1420 1910 quae
1431 1873 1573 1902 ultionem
1581 1872 1743 1909 quamlibet
1752 1873 1838 1900 modo

1007 1919 1184 1956 petitznam
1200 1926 1380 1955 quaecunque
1405 1918 1448 1946 ira
1476 1918 1553 1946 idem
1582 1917 1640 1945 sibi
1669 1916 1742 1950 vult,
1770 1925 1838 1944 cum

1008 1965 1046 1993 sit
1074 1965 1118 1993 ira
1149 1966 1245 1992 motus
1272 1963 1363 1991 animi
1392 1963 1502 1991 malum
1520 1971 1572 1998 pro
1587 1961 1664 1990 malo
1680 1962 1839 1997 rependere

1008 2009 1167 2045 cupientis,
1183 2009 1260 2044 quod
1277 2010 1389 2036 veteres
1405 2006 1573 2043 philosophi
1598 2007 1713 2034 docent.
1741 2006 1838 2034 Habe-

1007 2056 1056 2082 tur
1084 2054 1183 2082 odium
1213 2052 1345 2088 pertinax
1359 2052 1418 2087 εἰη,
1433 2052 1566 2088 quaedam
1583 2059 1770 2087 permanens,
1787 2059 1839 2078 ne-

1009 2098 1175 2133 fandusque
1200 2097 1282 2124 furor
1310 2105 1368 2132 quo
1398 2098 1583 2132 exoptamus,
1607 2103 1665 2122 non
1696 2094 1782 2122 modo
1808 2094 1839 2121 id

1009 2142 1084 2177 quod
1115 2142 1226 2168 dictum
1255 2144 1309 2174 est,
1335 2148 1388 2176 per
1402 2140 1464 2176 pari
1480 2139 1678 2174 referendum,
1694 2138 1745 2166 sed
1762 2146 1840 2166 mor-

1008 2189 1068 2214 tem
1084 2186 1171 2214 etiam
1187 2184 1416 2221 implacabilem,
1433 2184 1462 2211 in
1485 2192 1544 2220 qua
1573 2183 1636 2211 sola
1664 2182 1708 2210 vir
1736 2182 1839 2210 defun-

1009 2233 1074 2259 ctus
1090 2238 1241 2267 pomorum
1258 2230 1347 2257 ﬁnem
1362 2228 1577 2257 inveniat.Cum
1593 2226 1841 2264 igiturSapricius

1008 2275 1076 2304 talis
1094 2283 1212 2311 prorsus
1228 2274 1326 2302 animo
1342 2273 1456 2302 essetin
1466 2272 1622 2300 amabilem
1638 2271 1841 2308 Necephorum

1011 2323 1098 2357 atque
1111 2319 1186 2356 apud
1205 2328 1236 2347 se
1259 2319 1398 2347 omnibus
1427 2317 1523 2346 modis
1551 2315 1710 2345 consilium
1739 2316 1839 2343 ﬁrma-

1010 2365 1101 2393 visset
1114 2364 1246 2392 fraterna;
1262 2364 1392 2392 caritatis
1408 2361 1696 2399 projioiendaefvisus
1712 2363 1756 2389 est
1768 2368 1839 2388 con-

1010 2410 1092 2438 tinuo
1101 2411 1249 2446 experiere
1258 2408 1401 2445 quidquid
1411 2408 1459 2444 pio
1468 2406 1630 2443 Nicephoro
1637 2406 1755 2434 noxium
1763 2407 1841 2434 esset

1014 2457 1102 2491 atque
1118 2454 1207 2482 etiam
1221 2453 1295 2482 velle
1309 2461 1377 2482 eum
1393 2461 1428 2481 ex
1455 2452 1611 2480 hominum
1640 2460 1762 2481 numero
1791 2459 1840 2480 se-

1014 2502 1166 2538 gregatum
1196 2508 1203 2529 ε
1236 2509 1292 2530 non
1322 2500 1399 2537 quod
1417 2498 1489 2528 nihil
1507 2497 1586 2527 aliud
1602 2507 1690 2534 quam
1707 2498 1816 2526 diceret
1831 2505 1840 2526 :

1015 2558 1029 2572 α
1045 2547 1166 2581 Quando
1182 2547 1323 2575 morietur
1338 2548 1365 2574 et
1381 2545 1486 2582 peribit
1502 2552 1607 2572 nomen
1637 2543 1721 2580 ejus?
1744 2554 1758 2569 »
1789 2543 1840 2571 sed

1015 2593 1092 2628 quod
1121 2594 1149 2620 et
1173 2591 1392 2620 machinaretur
1420 2591 1586 2626 exoptatum
1617 2588 1785 2625 perniciem,
1814 2589 1843 2615 et

1015 2637 1112 2665 animo
1140 2636 1357 2669 incenderetur,
1387 2634 1412 2663 si
1439 2634 1511 2661 forte
1541 2633 1672 2661 hiantem
1690 2633 1843 2669 'gurgitem

1015 2681 1211 2718 prospexisset
1227 2690 1283 2717 quo
1305 2681 1451 2716 dejectum
1481 2678 1632 2706 inimicum
1661 2677 1842 2712 reconderet,

1015 2729 1043 2754 et
1071 2729 1207 2754 caeterum
1233 2725 1258 2753 is
1274 2728 1352 2753 esset
1368 2724 1417 2761 qui
1435 2724 1496 2760 ipse
1511 2723 1541 2750 in
1557 2731 1624 2750 eum
1639 2722 1781 2750 violentas
1797 2721 1842 2749 in-

1015 2771 1101 2799 ferret
1114 2770 1311 2806 manus;quod
1325 2770 1386 2806 jam
1400 2769 1512 2805 pridem
1523 2767 1676 2803 fecisset,si
1686 2766 1841 2803 potuisset.

1013 2817 1051 2844 At
1065 2816 1203 2852 quoniam
1224 2823 1282 2843 non
1313 2816 1437 2851 poterat,
1466 2812 1510 2841 vel
1541 2811 1618 2848 quod
1646 2811 1840 2848 Nicephorus,

1013 2860 1117 2890 divina
1144 2859 1224 2897 pacis
1253 2867 1368 2894 amans,
1395 2857 1509 2887 viribus
1522 2858 1684 2894 praestaret,
1706 2856 1750 2886 vel
1765 2864 1841 2893 quo-
