2021 3176
215 193 273 223 567

601 191 814 223 EUSTATHII
835 189 1219 222 THESSALONICENSIS
1242 190 1533 222 METROPOLITE

1871 193 1920 224 568

209 260 295 290 facile
310 257 524 294 prmtervoleret
535 258 597 293 ejus
614 257 743 294 laqueos,
755 258 829 286 iram
843 256 991 294 Sapricius
1005 255 1036 284 in

1103 255 1224 293 πόμινον
1237 255 1264 284 ἄν
1288 254 1395 294 καρδίᾳ,
1419 255 1464 283 καὶ
1490 254 1617 283 ἐλάνθανε
1649 254 1732 294 τάχα
1760 255 1868 287 πάντας.
1879 258 1920 285 Καὶ

211 305 297 333 corde
309 302 608 338 reconditam,insciis
625 303 756 331 forsitem
772 303 1038 335 omnibus,exercs-

213 349 416 381 bat.Quamvis
431 356 498 383 ergo
515 356 571 383 prae
587 355 617 375 se
633 348 706 375 feret
720 347 773 374 viri
790 347 883 375 sancti
899 346 1037 382 speciem,

212 394 429 429 videreturque,
446 395 545 428 utpote
561 401 661 420 ramus
676 401 711 420 ex
723 392 825 420 arbore
840 399 976 428 surgens,
988 391 1039 418 bo-

214 447 287 466 num
321 438 415 466 facere
448 438 586 471 fructum,
613 437 736 473 ideoque
760 436 891 464 delectus
912 439 989 464 esset
1004 435 1039 463 ad

215 483 397 511 oﬁerendum
412 482 469 510 Deo
486 481 661 510 sacrificium
685 482 922 517 edocendamque
946 480 1041 508 chari-

215 530 319 562 tatem,
346 528 409 564 ipse
437 527 626 555 manifestum
642 526 722 554 dedit
737 535 768 554 se
782 534 846 554 esse
861 534 919 554 non
934 525 1041 554 marci-

217 573 288 600 dum
303 580 430 608 ramum,
447 572 498 600 sed
513 572 672 600 acanthum
688 571 846 600 infelicem.

251 618 279 646 6.
295 618 366 645 Cum
395 617 486 652 igitur
512 616 681 644 istiusmodi
710 618 787 644 esset
814 615 964 652 Sapricius
993 614 1043 651 qui

217 661 337 689 fratrem
353 663 505 697 tantopere
520 660 640 696 odisset,
650 660 700 697 qui
716 661 804 688 vitam
820 661 884 696 ejus
899 662 1043 696 quantum

217 706 283 733 odio
299 706 404 733 licebat
418 705 605 741 opprimeret,
628 705 678 741 qui
706 705 732 732 ei
760 704 864 732 saltem
891 704 1043 732 insidiare-

218 751 276 785 tur,
293 750 402 786 quique
426 750 501 778 elam
532 749 582 777 Dei
610 749 773 778 ministerio
802 749 947 782 illuderet,
978 748 1044 784 quis

219 794 397 822 existimabit
423 797 512 822 Deum
543 794 572 821 in
602 802 635 822 eo
662 793 850 827 habitavisse,
880 802 933 821 nec
946 793 1044 829 potius

220 839 371 867 diabolum
388 839 466 866 hunc
482 847 533 875 pro
549 838 635 866 domo
651 837 810 866 habuisse?
825 839 953 866 Profecto
978 838 1045 873 qui-

219 884 263 911 vis
291 884 379 912 homo
405 892 481 912 sensa
511 883 628 918 mentis,
657 883 682 910 ei
706 883 783 918 quod
800 883 905 911 attinet
919 883 954 911 ad
968 883 1045 910 hunc

221 928 384 965 Sapricium
411 927 566 964 diligenter
592 927 786 964 perpenderit.
803 927 842 955 ita
858 927 973 962 colliget
989 936 996 961 ;
1014 929 1046 955 ut

219 973 322 1010 procul
338 981 355 1000 a
370 973 572 1009 peccatoribus
588 972 671 1000 abest
687 972 737 1000 Dei
752 972 844 1007 salus,
871 972 912 1000 sic
942 972 1044 1000 abesse

221 1021 249 1047 et
276 1017 374 1054 ipsum
392 1017 496 1052 Deum,
512 1024 679 1052 quanquam
695 1019 832 1044 caeterum
849 1017 957 1052 ubique
973 1025 1045 1053 pre-

220 1065 344 1091 sentem.
361 1061 485 1089 Proinde
500 1063 596 1089 ratum
612 1061 774 1089 habeamus
790 1069 843 1089 nec
872 1061 964 1090 Deum
993 1061 1045 1089 Sa-

221 1106 346 1143 pricium
375 1105 547 1141 martyrium
573 1105 723 1134 ineuntem
740 1105 898 1141 adjuvisse,
915 1114 967 1134 nec
982 1106 1046 1141 ejus

222 1151 346 1186 gratiam
361 1151 387 1178 ei
403 1150 584 1186 praeluxisse,
611 1158 663 1178 nec
688 1153 745 1178 Deo
774 1152 925 1186 acceptum
956 1150 1048 1178 fuisse

221 1195 342 1232 Sapricii
357 1198 515 1224 certamen.
527 1195 628 1223 Fiebat
642 1195 719 1223 enim
736 1197 769 1222 ut
783 1195 834 1231 qui
850 1203 939 1231 prope
954 1195 1046 1223 Deum

222 1241 341 1268 stabant
370 1240 430 1267 hiec
457 1239 492 1267 ab
520 1240 583 1275 ejus
611 1248 661 1267 ore
688 1239 828 1268 distincta
853 1239 1047 1275 exciperent:

225 1296 240 1311 «
269 1285 319 1312 Hic
348 1285 436 1312 homo
461 1293 507 1312 me
522 1284 613 1312 labris
627 1286 742 1312 tantum
759 1283 838 1318 colit,
856 1284 906 1312 sed
922 1292 970 1311 cor
985 1284 1049 1320 ejus

224 1329 310 1366 longe
326 1333 370 1357 est
385 1338 401 1357 a
417 1336 463 1356 me
479 1330 499 1357 ³.
514 1338 527 1354 ο
546 1329 620 1364 Ergo
644 1328 804 1364 Sapricius,
835 1329 884 1363 qui
914 1328 964 1356 uni
993 1328 1050 1356 sibi

224 1374 352 1408 vivebat,
378 1374 428 1409 qui
457 1382 549 1401 unum
575 1373 694 1409 quidem
711 1381 753 1407 se,
770 1381 827 1400 non
844 1375 940 1400 autem
960 1375 1049 1400 Deum

224 1419 384 1456 diligebatt,
415 1419 451 1446 ob
479 1418 507 1445 id
538 1417 636 1454 ipsum
665 1417 782 1445 carnale
809 1417 932 1453 quodvis
956 1417 1050 1446 factus

224 1466 268 1492 est
283 1463 451 1499 animalque
468 1471 556 1490 sensu
572 1470 724 1497 carens,ne
739 1462 905 1498 gregarium
919 1462 1049 1498 quidem,

225 1509 275 1537 sed
292 1508 365 1545 ipsis
382 1508 464 1543 pejus
487 1506 640 1543 gregariis,
668 1509 767 1542 utpote
796 1515 853 1534 non
883 1507 1050 1535 mansuefa-

226 1556 324 1586 ctum;
354 1553 464 1588 quippe
478 1560 513 1579 ex
528 1560 585 1587 quo
601 1551 623 1579 si
640 1559 749 1579 cornua
764 1551 906 1579 miraculo
922 1553 1050 1588 quodam

226 1605 374 1634 unguesve
389 1596 495 1624 adunci
525 1595 692 1631 exivissent,
723 1598 843 1632 paratus
871 1596 974 1624 fuisset
1002 1605 1051 1625 eos

226 1641 430 1678 impingere'in
447 1643 648 1669 occurrentem
664 1640 815 1668 inimicum
845 1641 1051 1677 Nicephorum,

227 1695 314 1722 quem
340 1686 512 1714 dilaceraret
535 1687 586 1713 aut
600 1687 723 1718 voraret,
739 1688 777 1720 et,
793 1685 819 1713 si
834 1694 900 1713 cum
918 1686 989 1714 forte
1005 1694 1053 1713 so-

226 1730 289 1759 lum
304 1729 474 1764 invenisset,
491 1737 561 1757 ense
580 1729 682 1757 stricto
711 1729 795 1756 morti
825 1730 950 1757 tradere.
980 1730 1051 1758 Cum

228 1776 326 1802 autem
343 1774 416 1802 vidit
443 1773 522 1801 hunc
547 1781 633 1808 quem
663 1773 763 1801 oderat
792 1773 909 1801 beatum
935 1774 970 1802 ad
1001 1774 1052 1802 bo-

228 1826 300 1846 num
329 1818 416 1845 finem
432 1817 548 1852 abduci,
564 1819 593 1844 et
606 1817 738 1852 s'uspexit
751 1825 837 1845 enses
852 1818 988 1852 nudatos,
1003 1827 1052 1846 vo-

228 1862 294 1896 luit,
311 1864 344 1889 ut
358 1869 426 1889 eum
441 1861 509 1888 inde
532 1861 678 1895 evelleret,
706 1861 824 1897 propria
852 1870 941 1890 manu
970 1871 1052 1891 arma

228 1906 303 1933 ferre
331 1905 473 1933 adversus
495 1905 577 1933 illum
594 1914 659 1934 vere
674 1906 870 1942 Nicephorum
886 1907 948 1943 ipse
964 1907 1052 1935 homo

229 1949 455 1985 abjectissimus,
472 1950 612 1978 adversus
638 1953 825 1979 mansuetam
854 1953 941 1987 atque
967 1952 1052 1980 inno-

229 2002 314 2022 cuam
330 2002 411 2022 ovem
427 1994 490 2030 ipse
505 1994 670 2023 ferissimus
685 1994 784 2032 lupus,
800 1996 941 2024 adversus
957 1997 1051 2024 virum

230 2040 286 2067 Deo
301 2038 515 2067 amicissimum
532 2039 595 2075 ipse
621 2042 677 2068 Deo
701 2048 823 2076 prorsus
852 2040 975 2076 invisus,
1000 2041 1052 2069 ad-

227 2091 330 2111 versus
357 2083 620 2120 diligentissimum
636 2084 761 2112 fratrum
777 2085 897 2112 Abelem
914 2085 977 2121 ipse
990 2093 1053 2113 om.

227 2128 297 2156 nino
312 2128 500 2156 exsecrabilis
515 2128 633 2156 Cainus.
650 2129 722 2156 Cum
743 2131 840 2157 autem
869 2138 927 2157 non
956 2132 1055 2165 posset

226 2181 381 2209 percussor
402 2173 465 2209 ipse
481 2173 554 2207 ﬁeri;
571 2174 607 2201 ad
622 2174 752 2209 pessima
766 2182 923 2202 conversus
939 2174 980 2202 sic
996 2175 1054 2202 fere

227 2217 389 2254 Nicephoro
403 2218 581 2254 imprecatus
597 2221 642 2245 est
672 2227 678 2245 :
708 2229 722 2243 «
751 2218 803 2246 Hic
831 2219 910 2253 ades,
940 2219 1053 2247 diemon

225 2262 452 2295 homicidarum,
469 2262 588 2290 nomine
600 2262 687 2290 amici
703 2262 745 2290 tui
761 2263 893 2298 Saprieii,
924 2265 953 2291 et
978 2263 1054 2291 clam

1094 299 1180 328 δοκῶν
1201 300 1230 328 ἐκ
1253 302 1302 329 τοῦ
1327 300 1548 339 προφαινομένου
1572 300 1646 338 ἱερὸς
1676 298 1831 337 ἅνθρωπος
1857 302 1920 337 alveo,

1093 345 1137 373 καὶ
1154 346 1192 377 εἷς
1208 344 1315 381 δενδρον
1330 345 1498 379 ἀνεστάσθαι,
1513 345 1581 372 κατά
1593 346 1622 373 τὸ
1640 358 1657 371 (‹
1685 344 1792 372 ποιοῦν
1818 345 1894 373 καλὸν
1909 359 1920 373 ιι

1093 388 1127 428 (ὤ
1141 390 1191 428 γὰρ
1207 390 1248 418 δτι
1263 391 1306 418 καὶ
1324 390 1362 421 είς
1379 390 1460 426 θύτην
1472 392 1511 426 τῷ
1525 392 1582 426 Θεῷ
1593 389 1755 429 ἐγέγραπτο
1772 390 1818 417 καὶ
1830 390 1922 428 ἀγάπης

1095 433 1267 472 διδάσκαλον)
1282 452 1316 456 -
1332 436 1346 462 ὁ
1362 434 1390 463 δὶ
1405 435 1528 473 ἐξέφηνεν
1545 435 1637 463 ἑαυτὸν
1660 434 1734 464 οὐδὶ
1759 436 1921 473 σαπροφόριγν

1095 479 1209 517 θάμνον,
1223 479 1296 508 ἀλλὰ
1318 478 1449 518 δυςτυχὲς
1463 479 1597 512 ἀκάνθιον.

1133 614 1165 647 ς’.
1186 613 1313 651 Τοιούτῳ
1335 615 1401 651 γοῦν
1426 614 1573 652 ἀνθρώπῳ,
1593 615 1637 642 καὶ
1665 611 1749 642 οὕτω
1777 612 1927 653 μισαδελφῳ

1097 658 1141 686 καὶ
1158 661 1260 698 φονικῷ
1275 658 1309 686 τὰ
1322 658 1349 690 ἐς
1375 658 1475 697 ἐχθραν
1505 659 1608 697 ψυχῆς,
1632 659 1680 686 καὶ
1713 656 1872 695 Ξπιϐοόλῳ,
1890 661 1925 687 καὶ

1096 704 1288 738 καταπαίζοντι
1304 703 1393 742 κρύφα
1412 707 1461 738 τῆς
1485 705 1536 731 τοῦ
1560 705 1627 731 Θεοῦ
1646 703 1815 742 θεραπείας,
1844 704 1882 734 τίς
1902 704 1925 731 ἂν

1098 747 1219 783 οἷῆσεται
1233 748 1280 776 τὸν
1295 747 1359 776 Θεὸν
1375 746 1552 785 ἐγκατοικεῖν,
1566 748 1610 775 καὶ
1626 749 1664 784 μὴ
1690 747 1832 785 δαίμονος
1858 748 1926 783 οἰκη-

1096 794 1192 831 τήριον
1215 792 1282 820 ιίναι
1307 792 1408 827 αὐτόν;
1433 794 1467 820 Ἤ
1495 791 1602 823 πάντως
1617 792 1713 824 οὐδεὶς
1730 792 1860 832 ἐχέφρων
1885 792 1925 820 ἀλ-

1099 836 1175 864 λοῖόν
1190 848 1217 864 τι
1233 837 1294 875 περὶ
1309 839 1357 864 τοῦ
1371 836 1499 865 τοιούτου
1516 837 1666 874 Σαπρικίου
1684 837 1844 875 λογιεῖται,
1868 838 1924 875 πρὸς

1100 879 1236 919 ἀκρίϐειαν
1276 881 1480 918 διανοούμενος,
1519 883 1623 920 μακρὰν
1662 882 1722 910 ἀπὸ
1762 881 1923 920 ἁμαρτωλῶν

1059 942 1084 975 Β
1101 927 1189 963 ὥσπερ
1205 927 1254 961 τὴν
1268 928 1315 954 τοῦ
1331 929 1398 954 Θεοῦ
1422 926 1566 964 σωτηρίαν,
1584 927 1655 954 οὕτω
1670 927 1722 954 καὶ
1759 926 1843 954 αὐτὸν
1870 926 1926 953 ἐκεῖ·

1098 981 1143 998 νον
1167 971 1242 1005 εἶναι,
1259 971 1281 998 εἰ
1297 970 1340 998 καὶ
1354 969 1449 1002 ἄλλως
1472 974 1611 1009 πανταχοῦ
1637 972 1772 1009 πάρεστι.
1800 971 1847 999 Διὸ
1869 982 1922 1006 νοη-

1097 1015 1169 1051 τᾶον,
1186 1015 1223 1048 ὡς
1244 1015 1300 1051 καὶ,
1325 1015 1369 1043 ὅτι
1391 1017 1440 1050 τῆς
1463 1016 1612 1054 μαρτυρίας
1635 1017 1649 1044 ὸ
1666 1017 1830 1053 Σαπρίκιος
1857 1015 1924 1052 ἐνήρ-

1100 1060 1173 1096 ξατο,
1189 1059 1238 1088 οὐκ
1249 1060 1282 1094 ἧν
1299 1061 1354 1096 μετ’
1370 1059 1453 1087 αὐτοῦ
1469 1060 1482 1087 ὁ
1497 1060 1573 1097 Θεὸς,
1603 1059 1666 1089 οὐδὲ
1681 1062 1700 1096 ἡ
1720 1059 1831 1088 ἐκείνου
1854 1061 1922 1098 χάρις

1100 1105 1174 1142 αὐτῷ
1186 1104 1349 1141 ἀνέλαμπεν,
1364 1103 1426 1132 οὐδὲ
1450 1103 1598 1143 ἀπεδέχετο
1623 1105 1669 1133 τὸν
1697 1105 1809 1133 ἐκείνου
1836 1105 1922 1142 ἀγῶνα

1100 1150 1134 1184 ἧν
1162 1148 1191 1177 δὶ
1205 1149 1268 1180 τοὺς
1284 1149 1442 1187 ἐγγίζοντας
1455 1151 1494 1186 τῷ
1509 1152 1568 1186 Θεῷ
1584 1150 1693 1177 ἀκούειν
1714 1150 1742 1186 ἰξ
1760 1150 1845 1178 αὐτοῦ
1867 1149 1922 1177 ἐκαί-

1101 1205 1149 1222 νου
1164 1193 1405 1228 ἀποκαλυπτικῶς,
1432 1194 1473 1221 ὅτι
1503 1206 1517 1220 ‹‹
1533 1195 1564 1223 '0
1588 1194 1738 1232 ἄνθρωπος
1771 1195 1850 1225 οὗτος
1876 1196 1923 1224 τοῖς

1103 1238 1209 1276 χείλεσί
1234 1248 1268 1275 με
1291 1240 1368 1275 τιμᾷ,
1384 1240 1402 1273 ἡ
1416 1236 1445 1266 δὶ
1470 1237 1568 1276 καρδία
1597 1239 1680 1267 αὐτοῦ
1700 1239 1804 1277 πορῥω
1819 1238 1920 1277 ἀφέστη-

1103 1293 1147 1310 κιν
1164 1283 1209 1310 ἀπ’
1225 1282 1305 1319 ἐμοῦ.
1324 1295 1338 1309 ››
1354 1282 1405 1311 Καὶ
1428 1283 1519 1311 τοίνυν
1543 1283 1698 1320 καταμόνας
1730 1284 1872 1321 ἄνθρωπος
1891 1281 1921 1309 ὢν

1104 1328 1119 1354 ὸ
1135 1330 1295 1366 Σαπρικιος,
1308 1327 1353 1355 καὶ
1367 1327 1506 1366 φίλαυτος,
1541 1328 1572 1355 οὗ
1590 1329 1645 1364 μήν
1671 1327 1820 1366 φιλόθεος,
1842 1328 1881 1355 καὶ
1894 1325 1921 1354 δι’

1104 1371 1169 1399 αὐτὸ
1183 1371 1246 1409 σὰρξ
1261 1373 1279 1407 ἡ
1303 1374 1434 1409 τυχοῦσα,
1459 1371 1503 1399 καὶ
1528 1371 1673 1410 ἀλόγιστον
1702 1376 1778 1408 ζῶον
1805 1372 1847 1400 καὶ
1871 1370 1920 1399 οὐδὲ

1105 1414 1242 1454 ἀγελαῖον,
1271 1418 1364 1454 χεῖρον
1393 1415 1422 1443 δὲ
1434 1426 1460 1443 τι
1475 1415 1520 1443 καὶ
1534 1418 1587 1444 τῶν
1603 1416 1740 1445 τοιούτων
1758 1415 1805 1444 διὰ
1819 1417 1849 1444 τὸ
1871 1415 1922 1450 ἀνή-

1107 1470 1200 1498 μερον,
1231 1459 1348 1496 ἑτοίμως
1386 1460 1469 1498 ιῖχεν,
1503 1459 1578 1499 ιῖίπερ
1608 1460 1688 1499 κιρας
1722 1461 1836 1500 ἐκφύσει
1861 1470 1922 1496 τερα-

1107 1504 1201 1540 στίως,
1230 1504 1247 1539 ἢ
1276 1505 1439 1542 γαμψωῡείη
1468 1504 1532 1536 τοὺς
1560 1505 1680 1543 ὄνυχας,
1711 1506 1853 1538 ἐπιθέσθαι
1878 1514 1921 1531 πει-

1107 1549 1251 1586 ραπεσόντι
1277 1551 1316 1585 τῷ
1344 1548 1435 1587 ἰχθρῷ
1461 1549 1613 1589 Νικηφόρῳ
1645 1551 1690 1578 καὶ
1732 1551 1862 1589 ἐμφῦναι,
1893 1549 1922 1579 ὡς

1109 1592 1286 1631 διασπαράξω
1315 1593 1406 1629 αὑτὸν,
1432 1594 1450 1629 ἢ
1476 1597 1649 1632 καταφαγεῖν,
1678 1595 1725 1622 καὶ
1755 1595 1832 1633 ξίφος
1855 1592 1882 1622 δὲ
1903 1591 1922 1620 εἴ

1107 1649 1160 1665 που
1186 1638 1378 1676 χειρισάμενος
1405 1637 1575 1676 ἐρημάζοντα
1603 1639 1705 1667 ἐκεῖνον
1735 1640 1824 1677 εὕρῃ,
1851 1648 1920 1665 κατα-

1107 1685 1229 1721 σφαγεῖν.
1256 1683 1299 1713 Ὠς
1315 1681 1347 1717 δὴ
1364 1681 1538 1719 ἀπαγόμενον
1555 1682 1582 1714 ἐς
1598 1683 1696 1721 ἀγαθὸν
1710 1683 1794 1715 τέλος
1811 1682 1862 1711 εἶδε
1884 1682 1920 1708 τὸν

1109 1727 1284 1763 μισούμενον,
1300 1724 1431 1763 ἀνέϐλεψε
1446 1725 1475 1754 δὲ
1498 1727 1542 1754 καὶ
1567 1727 1605 1759 εἷς
1630 1728 1692 1767 ξίφη
1719 1729 1821 1767 γυμνὰ,
1849 1725 1918 1762 ἤθελε

1109 1772 1156 1808 μὲν
1187 1770 1329 1809 ἁρπάγδην
1354 1771 1452 1798 ἐκεῖθεν
1491 1771 1620 1810 αὐτόχειρ
1647 1773 1841 1811 ὁπλοφορῆσαι
1863 1769 1918 1798 κατά

1106 1819 1154 1844 τοῦ
1170 1816 1335 1855 φερωνύμως
1365 1815 1523 1854 Νικηφόρου
1542 1817 1556 1844 6
1575 1816 1776 1855 ἀγεννὲστατος,
1805 1817 1867 1845 κατὰ
1878 1816 1916 1842 τοῦ

1106 1862 1271 1899 χειροήθους
1296 1861 1345 1895 τὴν
1368 1860 1480 1888 ἀκακίαν
1514 1861 1609 1889 κτίλου
1630 1862 1644 1889 ὁ
1675 1862 1841 1899 μονόλυκος,
1863 1858 1917 1887 κιτᾶ

1106 1908 1154 1933 ⁵τοῦ
1170 1903 1338 1944 φιλαδελφου
1363 1903 1449 1932 Ἀϐελ
1476 1906 1490 1933 ὸ
1511 1905 1689 1943 παμμίσητος
1715 1908 1796 1935 Κάϊν.
1819 1907 1875 1934 Ὀτι
1895 1902 1916 1930 δὲ

1108 1951 1157 1977 οὐκ
1183 1950 1254 1987 εἶχεν
1292 1948 1421 1985 αὐθέντης
1458 1950 1580 1988 γενέσθαι
1612 1951 1701 1987 αὐτὸς,
1727 1952 1853 1989 τρέπεται
1877 1949 1916 1982 τήν

1107 1993 1259 2031 χειρίστην,
1283 1993 1327 2021 καὶ
1351 1994 1389 2026 ὡς
1414 1994 1470 2021 οἷον
1493 1993 1712 2032 ἐπαρασάμενος·
1737 2008 1755 2022 α
1779 1997 1859 2033 Δεῦρο
1880 1991 1914 2028 δὴ,

1108 2037 1130 2065 ὤ
1147 2037 1222 2077 φόνιε
1252 2036 1359 2075 δαῖμον,
1388 2038 1457 2076 πρὸς
1480 2041 1529 2066 τοῦ
1554 2038 1635 2078 φίλου
1652 2041 1805 2079 Σαπρικίου
1821 2037 1917 2077 γενόμε-

1107 2093 1163 2119 νος,
1196 2082 1307 2118 ὑπάξελε
1334 2082 1364 2110 τὸ
1392 2086 1443 2118 τῆς
1471 2083 1616 2122 Θιοφιλοὺς
1645 2085 1755 2122 ἀγάπης
1771 2082 1911 2120 Νικηφόρον

1107 2129 1155 2155 τοῦ
1184 2129 1243 2165 ζῇν·
1269 2127 1306 2158 ὡς
1330 2126 1360 2154 ἃν
1392 2128 1474 2162 μάθοι
1502 2127 1551 2156 οὐκ
1565 2126 1695 2156 ἀδύνατον
1710 2129 1779 2157 εἶναί
1794 2139 1821 2156 σε
1846 2135 1913 2154 κακο-

1108 2174 1207 2206 ποιεῖν,
1237 2172 1274 2203 ὡς
1302 2170 1444 2209 ψεύδεσθαι
1465 2172 1511 2199 τὸν
1535 2172 1699 2210 ἀρχέκακον.
1722 2186 1737 2200 υ
1763 2173 1847 2203 Αὐτὸς
1871 2169 1910 2206 μὶν

1108 2216 1214 2256 ἀφίεται
1247 2216 1369 2254 θιράπων
1403 2215 1524 2255 γενέσθαι
1557 2217 1687 2256 τυράννου
1724 2214 1911 2252 δεδουλωμᾶου

1108 2263 1147 2297 τῷ
1163 2260 1283 2298 δαίμονι,
1299 2261 1345 2288 τὸν
1363 2260 1391 2288 δὲ
1403 2262 1625 2300 νικηφορήσαντα
1652 2264 1711 2290 κατ’
1729 2264 1830 2302 ἀμφοῖν
1844 2267 1911 2296 παρα-

225 2307 319 2335 exime
346 2306 406 2334 vita
427 2306 506 2333 hunc
520 2305 717 2342 Nicephorum
730 2307 777 2334 cui
792 2307 882 2335 cessit
897 2307 995 2343 palma
1010 2307 1047 2335 di-

1109 2305 1210 2343 πέμπει
1238 2304 1417 2344 ἀντάλλαγμα
1441 2305 1585 2344 κερδαλέον
1611 2309 1652 2343 τῷ
1679 2308 1787 2336 πάντων
1813 2302 1909 2345 βασιλιῖ,

225 2351 306 2379 lectas
322 2353 378 2378 Deo
394 2350 559 2384 charitatis,
575 2352 607 2378 ut
620 2351 694 2379 sciat
709 2354 736 2379 te
752 2360 809 2379 non
835 2359 899 2379 esse
923 2353 1047 2381 nocendc

1109 2351 1231 2379 οῗκέτονυ
1259 2350 1364 2390 φαύλου
1395 2351 1516 2389 χρηστὸν
1548 2351 1703 2389 ἀντίσηκον,
1728 2352 1850 2388 ἀλήθειαν
1864 2346 1911 2376 ἀντῖ

225 2394 380 2430 imparem,
411 2395 462 2430 qui
491 2394 521 2422 in
544 2394 714 2431 deoipiendo
723 2395 866 2435 princeps
882 2396 934 2424 sis.
951 2407 965 2422 »
981 2397 1047 2426 Hint

1110 2396 1288 2433 ὑποκρίσεως,
1319 2396 1412 2435 φιλίας
1436 2397 1572 2436 τρόφιμον
1601 2398 1661 2426 ἀντὶ
1690 2399 1805 2436 Operi-toﬁ
1830 2397 1859 2433 τῇ
1873 2393 1910 2430 ἐχ·

226 2447 334 2475 passus
348 2441 393 2466 est
408 2447 439 2467 se
463 2438 581 2474 quidem
612 2447 729 2468 servum
759 2440 821 2468 ﬁeri
849 2442 974 2477 tyranno
1003 2450 1047 2478 qu:

1108 2442 1168 2479 θρᾳ,
1186 2440 1289 2469 ἁπλοῦν
1306 2440 1365 2469 ἀντὶ
1391 2440 1511 2477 Ξλικτοῦ,
1541 2443 1670 2482 φωτεινὸν
1696 2443 1754 2471 ἀντὶ
1782 2439 1909 2472 σκοτεινοῦ,

225 2484 289 2520 ipse
316 2485 425 2511 satana:
452 2483 639 2520 inserviebat,
669 2485 866 2520 Nicephorum
896 2488 995 2514 autem
1019 2487 1047 2515 dt

1109 2484 1225 2524 ἀδελφὸν
1239 2486 1271 2512 οὐ
1289 2485 1355 2522 μετὰ
1371 2484 1455 2513 δόλου
1472 2484 1591 2515 λαϐόντα
1616 2488 1744 2526 εὐλογίαν
1773 2484 1907 2526 ἀδελφικὴν.

226 2528 341 2556 duobus
357 2528 585 2564 triumphantem
597 2529 675 2557 mitti
684 2529 719 2557 ad
730 2537 828 2565 regem
838 2530 1047 2559 universorum,

1109 2529 1182 2558 ἀλλὰ
1196 2530 1263 2567 πρὸς
1280 2530 1408 2568 μεγίστην
1425 2531 1567 2569 θεραπείαν
1579 2532 1680 2570 πατρὸς
1696 2532 1740 2561 καὶ
1769 2529 1908 2566 ἀντέλλογον

226 2572 273 2601 cui
289 2575 491 2608 compensaret
506 2573 630 2601 incolam
648 2582 699 2609 pro
715 2574 872 2603 deterrimo
897 2576 1053 2611 optimum,
1110 2573 1225 2603 δίκαιον.

225 2628 278 2657 pro
293 2621 408 2648 versuto
424 2620 582 2654 sincerum,
599 2627 650 2655 pro
665 2619 778 2647 fovente
793 2621 893 2649 odium
910 2621 1062 2649 charitatis
1078 2624 1237 2656 amantem,
1254 2630 1306 2658 pro
1331 2622 1467 2658 perplexo
1496 2622 1672 2659 simplicem,
1701 2633 1753 2661 pro
1781 2621 1909 2653 tenebroso

226 2664 391 2699 lucentem;
408 2664 526 2692 fratrem
543 2663 669 2699 denique
684 2664 734 2699 qui
750 2665 912 2693 fraternum
928 2673 1032 2694 nomen
1050 2667 1121 2695 adeo
1138 2675 1195 2695 non
1210 2674 1261 2703 per
1276 2666 1359 2695 dolos
1370 2670 1511 2704 carperet,
1528 2670 1561 2696 ut
1574 2670 1685 2704 contra,
1701 2677 1789 2705 quam
1808 2663 1909 2697 maximo

225 2719 337 2747 pronus
361 2709 391 2737 in
408 2708 584 2744 obsequium
600 2708 701 2744 patris,
715 2709 876 2738 maledicos
891 2710 979 2738 etiam
997 2711 1169 2740 confutaret.

260 2756 290 2784 7.
301 2754 436 2791 Oportuit
450 2761 519 2790 ergo
532 2753 611 2782 hunc
626 2753 722 2783 virum
737 2754 789 2791 qui
799 2763 864 2784 sese
878 2755 1038 2792 myrrhiuis

1146 2757 1176 2792 ζ’.
1192 2756 1295 2795 Ἐχρῆν
1312 2754 1341 2784 δὲ
1365 2754 1418 2795 ἄρα
1439 2756 1485 2785 τὸν
1511 2756 1549 2789 εἷς
1576 2758 1726 2797 μυρεψικὴν
1752 2757 1836 2796 ὀδμήν
1855 2751 1908 2791 πρὸς

265 2864 345 2892 Hea.
361 2870 400 2899 v1,
414 2862 448 2899 5;
463 2862 567 2894 Matth.
582 2872 629 2902 xv,
645 2863 672 2895 8.
