2021 3176
133 186 198 217 569

650 189 690 219 ΙΝ
713 188 746 219 S.
770 187 1112 224 QUADRAGESIMAM
1135 187 1281 219 ORATIO
1302 188 1326 218 Ι.

1780 190 1841 220 570

133 251 219 290 χάριν
255 254 322 280 Θεοῦ
358 252 522 281 σκευάσαντα
546 253 640 282 ἑαυτὸν
672 257 888 292 προσενεχθῆναι
921 255 955 290 τῷ

1017 254 1156 283 odoribus
1171 255 1325 283 ornaverat
1334 255 1366 282 ut
1374 256 1432 282 Deo
1447 253 1583 290 placeret,
1594 254 1675 282 evehi
1686 254 1722 282 ad
1734 254 1840 290 Deum,

134 299 196 333 Θεῷ
224 299 460 336 προτετιμημένον
490 297 679 338 δυσαποφόρου
707 301 809 337 σαπρᾶς
838 308 961 336 προσφο-

135 344 197 380 ρᾶς,
211 342 256 370 καὶ
277 343 324 370 τὸν
348 344 394 380 μὲν
421 344 568 382 κρυψίνουν
598 343 641 372 ἐπὶ
681 344 731 371 οὐκ
756 344 866 382 ἀγαθοῖς
892 343 959 371 ἀπό-

134 384 241 422 ϐλητον
267 386 426 423 διεκπεσεῖν,
451 389 614 426 προτεθῆναι
639 388 668 416 Si
696 388 798 416 ἐκείνου
830 389 875 416 τὸν
905 388 962 416 ἔνα-

134 432 222 470 ρὲτως
239 431 474 462 ἀκατακάλυπτον,
490 433 522 461 E’t
551 432 581 461 δὶ
608 433 654 461 καὶ
681 433 716 462 τὰ
744 433 823 470 μωρὰ
850 435 898 461 τοῦ
914 432 959 460 κό-

133 486 207 513 σμου
223 476 360 513 ἐπίλικτα,
375 478 413 509 ὡς
428 477 574 515 ἐμάθομεν,
589 478 664 516 παρὰ
676 481 715 515 τῷ
734 479 864 516 πανσόφῳ
890 479 958 514 Θεῷ,

132 523 195 552 πῶς
212 522 250 557 μὴ
266 521 330 561 οὐχὶ
344 522 391 550 τὸν
407 523 540 562 φρόνιμον
555 522 582 551 ἐν
603 524 712 562 Χριστῷ
737 520 884 551 ἀνιλάϐετο
910 522 959 550 αὖ-

130 566 181 597 τὸς
197 566 298 598 ὶκεῖνος
322 567 536 606 προκεκριμένον
558 570 607 596 τοῦ
632 568 818 606 μωρανθέντος
837 569 878 604 τῷ
906 566 962 596 δαί.

133 621 212 648 μονι,
227 610 414 650 ιπιλιγομίνῳ
430 612 472 640 ἀεὶ
494 612 558 645 τοὺς
585 614 630 641 οἷα
649 615 763 652 σοφιστῇ
786 617 837 648 τῆς
863 614 959 646 κακίας

133 655 210 692 αὐτῷ
232 656 452 695 προσανέχοντας
475 657 521 685 καὶ
543 658 752 696 προσήκοντας;
768 660 829 690 Πῶς
857 657 886 686 δὶ
910 659 961 687 οὐκ

133 699 166 728 ἂν
181 701 212 728 τὸ
227 700 357 736 ἀληθινὸν
373 704 431 739 φῶς
445 703 459 729 ὁ
476 702 541 734 Θεὸς
562 702 609 730 τὸν
633 704 777 742 ἡμεροφαῆ
803 704 957 742 Νικηφόρον

131 743 265 783 προέθετο
279 747 328 773 τοῦ
343 744 491 783 δαιμονίως
518 748 647 786 νυκτέρου
669 747 714 775 καὶ
738 747 776 778 εἰς
805 748 872 786 βαθὺ
894 759 958 776 σκο-

130 789 259 824 τόεντοςι
281 789 354 818 Ἔδει
380 789 409 818 δὲ
437 791 546 823 πάντως
571 792 617 820 τὸν
647 791 674 820 ἐν
702 795 742 828 τῷ
769 793 958 830 θιοφοριῖσθαι

134 835 174 870 μὴ
215 834 382 870 ἐνθεάζοντα,
412 835 485 864 ἀλλὰ
524 835 714 874 ὶνεργοῦμενον
756 839 797 873 τῷ
837 835 957 874 δαίμονι,

132 877 282 906 διεκπεσιῖν
297 880 346 907 τοῦ
361 882 438 916 Θεοῦ,
454 880 495 908 ὅτι
518 880 589 917 μηδὶ
613 882 646 916 ἦν
669 882 713 909 τὸν
739 881 818 909 αὐτὸν
848 882 892 909 καὶ
918 885 958 918 τῷ

131 925 192 958 Θεῷ
225 923 375 956 ἀνακεῖσθαι
400 925 444 951 καὶ
471 927 511 960 τῷ
537 928 652 961 Σατανᾷ,
684 925 802 962 μάλιστα
832 927 881 963 μὲν
910 925 956 954 οὖν

130 966 332 1006 φαυλοῤῥιπῶς
367 969 417 1004 τὴν
456 969 525 1004 ὅλην
555 969 712 1008 πλάστιγγα
745 973 794 998 τοῦ
822 970 957 1009 λογισμοῦ

130 1012 202 1048 πρὸς
230 1013 269 1047 τῷ
301 1010 411 1049 δαίμονι
446 1012 592 1041 κλίναντα·
616 1015 674 1042 ὅθεν
713 1015 758 1042 καὶ
796 1015 915 1053 ἥρπασεν
942 1017 956 1044 ὁ

131 1053 345 1088 σπουδαιότατος
373 1057 528 1094 Νικηφόρος
554 1058 586 1085 τὸ
613 1058 639 1086 ἐν
667 1059 745 1097 χερσὶ
767 1062 816 1087 τοῦ
832 1072 846 1087 ‹‹
863 1070 958 1097 μνησι-

131 1100 218 1127 κάκου
233 1111 248 1126 ››
261 1100 357 1136 καλὸν,
372 1101 418 1128 καὶ
435 1101 506 1129 οὕτω
521 1101 723 1139 πλεονεκτήσας
738 1103 861 1142 ἡγίαστο.

167 1241 204 1276 η’.
220 1242 296 1270 Ἔστι
323 1240 352 1270 δὲ
381 1242 465 1271 εἰπεῖν
493 1243 538 1272 καὶ
565 1244 671 1279 ὅτι,ὦς
700 1245 726 1274 ἔν
751 1257 805 1274 τινι
833 1245 956 1285 προδοκῆ

131 1286 290 1322 καθιζήσας,
326 1287 371 1314 καὶ
405 1288 451 1315 τὸν
487 1287 695 1328 ψευδομάρτυρα
736 1289 876 1326 δοκεύσας,
905 1293 955 1326 τὴν

132 1329 234 1358 ἆκείνου
263 1331 364 1369 ἀγαθὴν
392 1330 524 1370 ἐμπορίαν
558 1333 607 1361 οὐκ
630 1333 775 1371 ἑλῄστευσε
805 1336 861 1372 μὲν,
892 1335 956 1364 οὐδὲ

130 1374 312 1410 ἀπεσύλησεν,
337 1375 463 1414 ἐμφανῶς
492 1376 521 1405 δὲ
551 1378 764 1418 παραῤῥιφεῖσαν
802 1381 870 1419 πρὸς
907 1380 956 1409 τοῦ

132 1418 249 1457 ἄφρονος
284 1419 387 1448 ὶκαῗνου
425 1421 558 1460 ἐμπόρου,
584 1423 727 1461 ἁρπαλέως
766 1423 873 1460 ὶδέξατο
912 1425 955 1464 ἕρ-

136 1475 214 1501 μαιον
245 1464 331 1493 ὶκεῖνο
359 1464 530 1504 πολύολϐον,
556 1467 732 1506 αὐτοσχὲδιον
774 1469 956 1508 πλουτισμὸν,

133 1507 215 1536 διὀὗ
245 1509 381 1547 βασιλείαν
411 1508 481 1539 ἔστιν
511 1511 654 1550 εὖκληρεῖν
682 1513 817 1552 οὐράνιον,
833 1514 955 1542 εὐκταῖον

134 1553 306 1591 συγκύρημα,
323 1553 441 1593 «δῶρον
471 1555 572 1594 ἐχθροῦ
597 1569 611 1583 »
633 1557 764 1586 ἀναπαλιν
792 1561 833 1595 τῷ
861 1569 957 1597 παροι-

136 1600 238 1635 μιακῷ,
265 1597 383 1637 εὕδωρον
413 1599 459 1627 καὶ
477 1600 655 1640 ὠφελήσιμον
683 1602 709 1630 ἐν
738 1605 796 1634 τοῖς
826 1603 956 1640 μάλιστα,

134 1642 164 1670 οὐ
182 1644 237 1679 μὴν
251 1641 400 1682 δύσδωρον,
417 1646 462 1672 οἷα
479 1644 550 1682 μηδὲ
571 1645 714 1683 ὀνήσιμον,
730 1648 810 1686 χάριν
832 1646 955 1686 εὔχαριν,

135 1688 270 1731 σωτήριον
287 1686 401 1725 ἄμυναν,
417 1689 455 1720 ὡς
479 1689 528 1717 οὐκ
554 1691 625 1728 εἶχεν
651 1690 665 1718 ὁ
691 1691 770 1722 ἄνους
797 1691 956 1731 φαυλόμαρ-

132 1742 178 1762 τυς
202 1730 349 1769 διακρῖναι·
370 1731 466 1771 ὅμοιόν
490 1745 518 1762 τι
546 1737 633 1763 ποιῶν
663 1735 688 1763 ἐν
717 1738 757 1772 τῷ
782 1730 828 1764 τὸν
856 1736 957 1775 ἐχθρὸν

132 1776 291 1813 ἀμύνεσθαι,
318 1777 382 1805 ὡσεὶ
409 1778 454 1806 καὶ
492 1778 576 1818 ἄνδρα
603 1783 725 1818 γενναῖον
754 1779 955 1819 λαγαρούμενον

133 1820 210 1858 λιμῷ
238 1822 376 1860 ἔφόρτιζεν
406 1822 555 1861 ἐδωδίμοις
584 1824 705 1862 ἀγαθοῖς,
736 1825 773 1857 ὡς
803 1825 846 1853 ἐπὶ
874 1836 956 1854 κατα-

131 1865 232 1903 κάμψει
260 1867 397 1904 σώματος,
420 1868 438 1902 ἢ
466 1869 510 1896 καὶ
539 1868 633 1898 ἄλλως
661 1870 807 1907 πενόμενον
838 1868 955 1906 ὥλϐιζεν

134 1909 289 1948 ἒπαχθίζων
325 1912 478 1950 χρήμασιν,
515 1913 558 1944 οἷς
602 1913 783 1951 βαρυνόμενοι
825 1914 958 1953 χαίρομεν

134 1953 282 1993 ἅνθρωποι.
299 1957 352 1984 Καὶ
380 1957 413 1991 ἦν
438 1960 587 1992 τηνικαῦτα
607 1958 653 1986 τὸν
673 1959 748 1996 ἅγιον
777 1959 858 1997 χάριν
888 1959 956 1995 ὁμο-

133 1998 223 2038 λογεῖν
250 2000 323 2038 τάχα
350 2003 384 2038 τῇ
421 1998 517 2040 ἔχθρᾳ,
548 2002 573 2030 εἴ
598 2005 723 2030 τοιοῦτον
763 2003 839 2040 αὖτῷ
873 2003 957 2032 καλὸν

132 2043 218 2079 ἱκείνη
247 2045 420 2082 προεξὲνησι,
448 2046 494 2074 καὶ
525 2049 604 2083 μῖσος
630 2047 661 2074 τὸ
689 2046 787 2075 ἐκεῖθεν
823 2048 861 2079 εἰς
891 2049 954 2076 Θεὸν

131 2087 209 2116 αὐτὸν
225 2090 379 2128 προήγαγε,
395 2089 440 2118 καὶ
470 2091 508 2122 ὡς
537 2089 582 2118 διὰ
608 2090 743 2128 κλίμακος
758 2092 842 2119 αὐτοῦ
858 2092 953 2129 ὑψώθη

131 2132 156 2164 ἐς
183 2134 229 2161 τὸν
257 2134 374 2172 Κύριον·
403 2135 448 2162 καὶ
477 2135 549 2163 εἶπεν
576 2135 605 2163 ἂν
633 2135 698 2174 οὐχὶ
723 2136 810 2172 ἑαυτῷ
838 2140 953 2172 πονῆσαι

130 2178 176 2205 τὸν
203 2177 335 2216 ιπάρατον
365 2180 490 2217 ἀρητῆρα
507 2180 666 2218 Σαπρίκιον,
682 2179 756 2208 ἀλλὰ
779 2182 818 2216 τῷ
848 2181 886 2217 μή
917 2180 955 2208 διδ

130 2222 214 2254 καίως
231 2223 388 2261 μισουμὲνῳ
416 2224 575 2264 Νικηφόσῳ,
591 2225 635 2252 καὶ
664 2225 702 2257 ὡς
730 2223 832 2252 ἐκείνου
859 2226 956 2253 κοπιά-

131 2277 223 2299 σαντος
238 2267 318 2300 αὐτὸς
334 2268 371 2300 ιίς
393 2269 440 2296 τὸν
468 2269 563 2305 μισθὸν
585 2271 634 2297 τοῦ
659 2269 748 2297 κόπου
777 2269 952 2306 εἶσελήλυθιν

1018 302 1048 327 at
1075 299 1158 328 illum
1186 299 1354 336 posthaberi
1384 299 1461 327 unde
1490 299 1625 334 pertinax
1652 299 1729 327 tabis
1755 299 1841 328 fcetor

1016 345 1193 378 afﬂaretur;
1221 344 1350 381 oportuit
1380 344 1470 372 alium
1499 344 1549 380 qui
1580 346 1708 372 mentem
1739 348 1838 381 utpote

1015 389 1177 425 improbam
1201 389 1354 423 celaverat,
1379 389 1523 421 decidere,
1544 387 1635 416 alium
1659 389 1709 424 qui
1734 392 1766 416 ut
1782 390 1838 418 vir-

1014 435 1088 462 tutis
1111 437 1209 463 custos
1234 433 1306 461 nihil
1331 435 1442 462 texerat
1462 433 1529 461 huic
1552 433 1691 469 praeponi.
1713 433 1794 466 Quod
1811 435 1836 462 si

1013 487 1115 507 verum
1137 481 1192 513 est,
1214 482 1247 506 ut
1271 478 1446 514 audivimus,
1473 478 1605 506 eamdem
1634 486 1696 513 quae
1726 479 1835 506 mundo

1014 523 1141 552 stultitia
1163 527 1218 556 est,
1243 523 1432 552 lectissimam
1455 522 1554 551 haberi
1579 523 1762 558 prudentiam
1779 523 1836 551 Deo

1014 568 1244 605 sapientissimo,
1261 569 1408 604 quomodo
1430 569 1505 596 Deus
1520 576 1578 596 non
1593 575 1660 595 eum
1676 567 1839 603 excepisset

1014 613 1062 650 qui
1087 614 1117 641 in
1141 614 1254 642 Christo
1278 613 1420 649 sapiebat,
1437 615 1487 641 aut
1509 620 1566 640 non
1591 612 1769 648 praetulisset
1786 612 1836 640 isti

1015 659 1064 694 qui
1080 658 1240 694 desipicbat
1256 658 1286 686 in
1298 658 1439 692 daemone,
1454 659 1483 684 et
1497 657 1533 684 iis
1548 656 1694 692 utebatur,
1710 656 1760 692 qui
1774 665 1837 684 ma-

1014 703 1083 730 litiae
1108 703 1261 739 impostori
1287 701 1388 730 sedulo
1416 701 1603 729 adhaerebant
1622 703 1709 736 atque
1728 700 1837 728 addicti

1013 749 1119 776 erant?
1146 747 1296 780 Quomodo
1329 746 1404 774 hanc
1430 745 1560 773 veritatis
1588 745 1679 773 facem
1708 745 1836 773 interdiu

1014 794 1172 826 lucentem,
1207 792 1320 820 scilicet
1352 790 1560 826 Nicephorum,
1589 798 1647 817 non
1680 789 1727 818 isti
1761 797 1836 825 pras-

1013 837 1160 873 posuisset
1186 837 1233 873 qui
1257 835 1365 864 diaboli
1390 835 1448 863 alta
1476 835 1531 862 sub
1556 836 1640 862 nocte
1669 833 1836 869 caligabat?

1012 884 1137 910 Necesse
1158 881 1278 909 omnino
1302 889 1370 908 eum
1394 880 1526 908 excidere
1551 887 1568 907 a
1583 879 1640 906 Deo
1656 879 1712 906 fuit
1726 879 1787 914 qui,
1804 881 1837 906 ut

974 941 997 973 Β
1013 926 1159 962 particeps
1183 926 1233 953 Dei
1259 926 1351 957 ﬁeret,
1368 933 1424 952 non
1450 932 1502 973 per
1516 926 1618 973 Deum,
1634 924 1683 950 sed
1699 931 1750 959 per
1775 923 1836 950 die-

1012 979 1128 998 monem
1144 970 1330 1006 operabatur.
1347 969 1460 996 Etenim
1472 968 1548 995 idem
1565 967 1652 995 homo
1668 975 1725 994 non
1741 969 1836 1002 potest

1011 1023 1076 1043 esse
1098 1014 1147 1042 Dei
1171 1017 1200 1042 et
1220 1014 1344 1048 Satanae,
1362 1013 1523 1049 praesertim
1549 1012 1574 1039 si
1599 1012 1706 1039 mentis
1730 1011 1835 1038 libram

1012 1059 1047 1086 ad
1064 1059 1202 1087 Satanam
1228 1058 1328 1086 dolose
1353 1057 1492 1090 inclinet;
1517 1058 1693 1092 quapropter
1707 1055 1836 1091 optimus

1010 1104 1212 1140 Nicephorus,
1244 1111 1310 1130 cum
1344 1102 1492 1138 rapuisset
1523 1109 1539 1129 e
1576 1101 1712 1128 manibus
1745 1095 1836 1127 invidi

1010 1149 1132 1185 Sapricii
1147 1148 1310 1184 praemium,
1328 1149 1416 1182 atque
1431 1146 1472 1174 ita
1488 1145 1700 1182 praevaluisset,
1717 1148 1836 1173 sanctus

1010 1193 1113 1221 evasit.

1045 1247 1072 1273 8.
1090 1246 1170 1273 Adde
1197 1245 1272 1281 quod
1299 1244 1480 1281 Nicephorus
1504 1244 1533 1271 in
1558 1243 1734 1278 quibusdam
1750 1242 1834 1277 quasi

1009 1290 1127 1318 insidiis
1155 1298 1220 1318 cum
1249 1289 1430 1318 consedisset
1457 1291 1543 1324 atque
1571 1288 1639 1316 inde
1664 1287 1833 1324 speculatus

1010 1337 1087 1364 esset
1117 1334 1221 1363 falsum
1249 1337 1418 1371 martyrem,
1446 1342 1501 1361 non
1531 1332 1711 1361 transeuntis
1739 1331 1834 1359 lautas

1011 1388 1122 1408 merces
1139 1379 1282 1415 prmdutus
1298 1382 1343 1407 est
1357 1381 1408 1407 aut
1431 1378 1570 1414 abripuit,
1587 1378 1638 1406 sed
1655 1377 1750 1413 palam
1767 1384 1832 1412 pro-

1006 1425 1103 1461 jectas
1126 1425 1161 1452 ab
1178 1424 1234 1452 isto
1249 1424 1352 1451 insano
1379 1426 1540 1451 mercatore
1564 1430 1686 1458 propere
1701 1420 1833 1454 sustulit,

1011 1470 1054 1497 uti
1070 1468 1240 1497 Mercuriale
1264 1468 1410 1505 quoddam
1437 1475 1469 1495 ac
1493 1466 1758 1502 locupletissimum
1784 1466 1835 1493 do-

1012 1522 1095 1548 num,
1112 1514 1265 1550 pecuniam
1280 1512 1430 1541 fortuitam
1448 1520 1498 1548 pro
1514 1520 1571 1547 qua
1584 1511 1703 1538 veaniret
1712 1517 1834 1546 regnum

1012 1558 1161 1591 cmlorum,
1195 1558 1367 1585 thesaurum
1402 1556 1520 1584 inventu
1550 1555 1723 1591 optabilem,
1751 1554 1836 1581 deni-

1013 1612 1068 1639 que
1093 1611 1200 1630 munus
1224 1602 1302 1638 quod
1327 1601 1395 1629 licet
1419 1609 1454 1628 ex
1468 1600 1552 1628 hoste
1576 1599 1737 1635 profectum
1761 1606 1833 1635 prse-

1013 1650 1162 1685 posterum
1192 1650 1290 1675 tamen
1318 1648 1381 1674 erat
1412 1645 1449 1673 iis
1479 1644 1711 1681 proverbialibus
1739 1643 1833 1671 donis.

1011 1693 1120 1729 Nempe
1134 1701 1199 1720 vere
1214 1700 1322 1720 munus
1347 1690 1402 1718 fuit
1416 1692 1503 1726 atque
1518 1688 1665 1725 imprimis
1687 1692 1834 1724 quaestuo-

1012 1746 1090 1773 sum,
1103 1745 1160 1765 non
1176 1736 1294 1773 aliquod
1304 1744 1338 1764 ex
1349 1735 1395 1763 his
1411 1735 1496 1763 donis
1512 1742 1576 1770 quis
1591 1742 1648 1761 non
1664 1733 1741 1762 dona
1753 1735 1834 1766 sunt,

1012 1784 1113 1818 utpote
1142 1781 1268 1815 inutilia,
1293 1781 1344 1808 sed
1370 1779 1544 1808 beneﬁcium
1568 1787 1634 1807 vere
1660 1778 1833 1812 beneﬁcum,

1011 1827 1102 1855 tutela
1125 1835 1191 1855 vere
1210 1828 1283 1860 tuta,
1312 1825 1389 1861 quod
1417 1825 1541 1852 insanus
1568 1824 1616 1852 ille
1645 1823 1834 1859 pseudomar.

1011 1874 1058 1908 tyr
1079 1871 1244 1899 discernere
1265 1870 1444 1906 nequiverat.
1461 1869 1540 1897 Idem
1557 1869 1624 1897 fecit
1650 1876 1682 1896 ac
1698 1868 1722 1896 si
1738 1867 1834 1895 virum

1011 1917 1168 1953 quemdam
1183 1923 1370 1952 generosum,
1386 1915 1436 1943 sed
1449 1914 1630 1942 exinanitum
1647 1913 1734 1946 fame,
1750 1912 1835 1939 bonis

1010 1961 1136 1997 dapibus
1158 1961 1337 1989 oneravisset
1361 1960 1432 1988 adeo
1447 1961 1481 1988 ut
1500 1959 1550 1987 ille
1566 1958 1686 1994 ponderi
1709 1957 1834 1990 cederet,

1010 2008 1062 2033 aut
1076 2005 1101 2033 si
1117 2013 1274 2041 pauperem
1294 2002 1461 2036 'ditavisset,
1478 2003 1684 2039 praegravando
1699 2009 1765 2029 eum
1782 2008 1835 2036 pe-

1010 2050 1097 2078 cunia
1112 2057 1171 2085 qua
1195 2049 1330 2077 homines
1355 2056 1536 2084 pregravare
1559 2047 1733 2082 gaudemus.
1750 2045 1832 2072 Tunc

1010 2094 1132 2121 forsitan
1157 2094 1239 2121 locus
1265 2095 1328 2121 erat
1353 2095 1454 2121 sancto
1483 2091 1593 2128 gratias
1620 2098 1706 2126 agere
1730 2089 1832 2116 inimi-

1010 2137 1083 2165 citias
1100 2146 1162 2173 quae
1176 2137 1273 2172 ipsum
1289 2137 1398 2165 talibus
1414 2136 1499 2164 donis
1514 2135 1686 2171 excepisset,
1701 2142 1764 2169 quas
1780 2141 1831 2169 per

1009 2181 1142 2210 invidum
1165 2182 1326 2218 Sapricium
1353 2182 1389 2210 ad
1415 2184 1504 2209 Deum
1530 2179 1717 2216 provexisset,
1734 2186 1766 2206 ac
1782 2185 1833 2214 per

1009 2235 1098 2263 quam
1115 2226 1157 2254 uti
1171 2226 1281 2254 scalam
1297 2226 1479 2254 ascendisset
1502 2233 1596 2260 usque
1612 2224 1647 2252 ad
1664 2223 1830 2251 Dominum.

1008 2271 1155 2300 Potuisset
1179 2271 1266 2299 etiam
1291 2271 1387 2298 dicere
1411 2270 1617 2298 detestatorem
1641 2268 1777 2296 eumdem
1800 2275 1833 2294 ac

131 2311 247 2349 ἰργάτης
271 2313 333 2350 περὶ
361 2312 516 2350 ἑνδεκάτην,
532 2313 577 2342 καὶ
605 2315 636 2342 τὸ
667 2314 767 2342 οἰκεῖον
790 2311 881 2342 λαϐὼν
911 2313 953 2342 ἐν‹

1012 2316 1214 2344 detestandum
1230 2315 1394 2352 Sapricium
1407 2324 1463 2343 non
1480 2314 1535 2342 sibi
1552 2322 1612 2341 rem
1628 2312 1764 2349 gessisse,
1781 2312 1832 2340 sed

132 2356 231 2392 τιλῶς,
251 2358 320 2386 καθὰ
344 2358 441 2397 ιχρῆν,
468 2359 607 2397 μίσθωμα,
623 2360 667 2388 καὶ
697 2360 729 2388 τὸ
756 2362 805 2388 τοῦ
833 2361 952 2400 φθάσαν-

131 2409 177 2431 τος
205 2403 431 2440 παρεργάσασθαι,
459 2404 552 2438 καθότι
582 2403 684 2437 ἐκεῖνος
722 2405 754 2433 τὸ
788 2404 879 2436 καλῶς
909 2405 954 2433 ὑπ’

132 2445 213 2473 αὐτοῦ
244 2447 345 2485 φθάσαν
380 2447 537 2487 ἐργασθῆναι
570 2450 688 2488 συγχέας
724 2451 812 2481 κακῶς
849 2448 953 2477 εὐδοκι-

133 2493 216 2528 μῆσαι
252 2490 298 2518 τὸν
335 2491 495 2530 ὑστεροῦντα
521 2494 566 2521 καὶ
600 2495 660 2522 κατ’
681 2493 769 2522 ἐκεῖνο
805 2494 949 2532 πεποίηκε,

131 2535 300 2573 βαστάσαντα
326 2535 358 2563 τὸ
383 2535 525 2565 ἰπίλοιπον
549 2538 642 2577 βάρος,
658 2539 702 2567 καὶ
732 2538 848 2570 διπλοῦς
876 2539 948 2567 οὕτω

131 2579 241 2616 μισθοὺς
258 2579 431 2618 ἐξαράμενον.

1008 2361 1050 2389 illi
1068 2369 1154 2398 quem
1170 2361 1317 2389 immerito
1333 2360 1442 2395 oderat,
1458 2359 1640 2395 Nicephoro;
1657 2357 1765 2394 quippe
1781 2356 1832 2393 qui

1008 2405 1133 2434 subierit
1146 2406 1176 2434 in
1200 2406 1362 2434 mercedem
1388 2404 1483 2442 operis
1507 2404 1585 2440 quod
1609 2402 1756 2439 Sapririus
1767 2402 1831 2438 jam

1007 2451 1178 2487 perfecerat,
1194 2450 1257 2486 ipse
1271 2450 1421 2486 operarius
1445 2449 1522 2477 horae
1538 2448 1711 2482 undecimae,
1721 2449 1751 2475 et
1765 2455 1830 2475 sus-

1006 2495 1115 2531 ceperit
1139 2497 1172 2523 ut
1186 2494 1333 2530 reliquum
1357 2503 1432 2531 opus
1448 2494 1489 2522 ita
1512 2494 1658 2528 integrum
1682 2491 1829 2528 pretium;

1004 2542 1081 2576 quod
1099 2540 1162 2568 ﬁeri
1176 2539 1262 2568 aliter
1277 2548 1334 2568 non
1350 2541 1476 2576 poterat.
1493 2538 1565 2567 Nam
1580 2537 1739 2574 Sapricius,
1753 2544 1832 2564 com-

1003 2585 1155 2613 miscendo
1171 2585 1314 2621 quidquid
1330 2584 1398 2612 boni
1413 2586 1512 2620 egerat
1527 2584 1612 2611 famae
1637 2582 1713 2611 male
1728 2585 1830 2618 parum

129 2633 161 2653 eo
189 2634 390 2655 successorem
419 2626 588 2663 adduxerat,
619 2630 652 2657 ut
679 2627 730 2657 ille
758 2631 914 2666 postquam
943 2629 1115 2659 sustulisset
1138 2629 1284 2666 reliquum
1313 2637 1398 2666 onus,
1423 2628 1545 2665 duplam
1568 2628 1637 2656 inde
1665 2627 1830 2655 mercedem

131 2673 253 2706 caperet.

165 2723 195 2750 θ’.
212 2722 369 2762 Ἐφύτευσεν
396 2723 556 2761 ἀμπελῶνα,
579 2725 623 2752 οἶα
648 2725 778 2765 γεωργὸς,
808 2726 823 2754 ὁ
850 2728 953 2765 νωθρὸς

131 2767 286 2807 φυτηκύμος
312 2768 467 2807 Σαπρίκως,
491 2769 536 2797 καὶ
570 2768 711 2808 ἐῤῥιζοῦτο
749 2771 780 2799 τὸ
808 2771 952 2810 φυτευθὲν,

131 2812 174 2841 καὶ
203 2812 309 2851 ἐξέφυσε
336 2812 440 2853 φύλλα,
451 2813 497 2842 καὶ
525 2814 664 2853 προιφηνε
691 2815 806 2853 καρπόν·
834 2815 879 2844 καὶ
908 2816 954 2845 αό-

132 2857 176 2889 τὸς
189 2855 236 2885 τὸν
253 2856 390 2896 ὀμφακίαν
410 2857 604 2898 παρηλλαχὼς
631 2858 687 2897 ἤδη
717 2859 771 2899 οὐχ
799 2860 953 2900 ὑποπερκά-

1043 2729 1070 2756 9.
1085 2727 1208 2757 Vineam
1220 2727 1411 2765 plantaverat,
1422 2728 1616 2766 agricolarum
1627 2728 1731 2762 instar,
1747 2728 1830 2764 piger

1008 2773 1057 2801 ille
1072 2773 1219 2802 viticultor
1234 2774 1394 2810 Sapricius.
1419 2774 1556 2802 Exierant
1580 2782 1595 2802 e
1610 2773 1737 2802 surculis
1752 2773 1830 2801 radi-

1008 2826 1067 2853 ces,
1101 2817 1179 2852 folia,
1209 2818 1331 2854 fructus,
1357 2819 1477 2856 jamque
1504 2827 1566 2847 uva:
1593 2820 1732 2854 superata
1764 2827 1830 2848 cru-

1008 2863 1099 2892 ditate
1125 2862 1198 2892 satis
1221 2864 1305 2892 erant
1317 2865 1442 2893 matura
1463 2863 1678 2893 vindemiatori.
1701 2864 1738 2892 At
1760 2872 1828 2893 cum
