2021 3176
125 189 190 219 5'13

641 188 681 219 IN
704 187 737 218 S.
760 185 1103 222 QUADRAGESIMAM
1125 184 1273 216 ORATIO
1294 185 1318 215 Ι.
1349 199 1352 202 ~

1772 188 1833 218 5⁵14

125 253 297 290 συμπάθειαν
314 269 348 275 —
361 253 403 286 τίς
417 252 518 291 ἀνάγκη
536 252 641 292 θαρρεῖν
656 253 730 289 ἡμᾶς
747 251 879 279 δυσωπεῖν
904 250 950 278 τὸν

1010 250 1059 278 ubi
1076 250 1191 278 invidus
1206 250 1280 278 clam
1305 249 1437 278 insidens
1451 252 1515 278 tum
1541 251 1667 280 maxime
1696 252 1731 281 de
1760 261 1830 282 nece

126 297 202 324 οὕτω
218 309 232 323 ‹‹
251 300 479 334 μαθησικακοῦντα,
492 311 503 325 »
521 298 566 326 καὶ
583 298 621 335 μὴ
643 296 791 334 ἡσυχάζειν
821 295 951 330 δεδιότας,

128 341 170 378 μὴ
186 342 231 369 καὶ
247 343 377 370 ἀποθάνοι
393 344 406 371 ὁ
423 345 510 378 ζητῶν
528 342 620 382 ἄφεσιν
639 341 684 369 καὶ
712 340 879 379 συμπάθειαν
908 341 953 368 καὶ

127 387 308 425 συγχώρησιν
321 396 328 422 ;

169 521 212 550 ια’.
238 518 411 557 Εὐλαϐητὲον
442 521 500 559 οὖν,
528 521 572 550 καὶ
601 522 687 553 οὕτως
717 520 806 549 ἐατέον
831 520 877 547 τὸν
908 530 953 557 μι-

127 567 240 602 σοῦντα,
261 565 306 594 καὶ
333 565 455 603 μενετέον
485 566 511 594 ὲν
535 565 653 604 συστολῇ
679 568 780 604 χιιρῶν
808 564 852 593 καὶ
871 575 953 592 κατα-

125 610 232 648 κάμψιιι
249 611 385 648 σώματος,
401 611 446 639 καὶ
461 612 642 650 ἠσυχαστέον,
664 610 709 639 καὶ
736 611 774 642 εἰς
802 610 883 646 μόνον
907 609 952 636 τὸν

123 655 178 688 τῆς
201 654 308 693 ἀγάπης
333 656 397 683 Θεὸν
421 655 571 690 ἐλπιστὲον,
587 656 632 683 καὶ
648 654 734 686 οὕτως
748 653 848 686 ἄνωθεν
875 652 955 680 ἑλκυ-

127 698 205 726 στὲον
219 699 264 727 τὸν
290 699 392 739 φίλιον,
416 700 462 727 καὶ
489 699 584 732 ἄλλως
612 698 640 727 δὲ
664 699 696 727 τὸ
719 699 784 726 αὐτὸ
814 697 955 736 ἐπεξεργά-

129 744 225 771 σασθαι
259 745 310 779 τὴν
347 744 521 782 τελςιοτέραν
561 745 717 783 σαφήνειαν.
747 743 795 774 Τίς
821 743 850 770 ἂν
879 740 955 779 ἀνδρὶ

127 788 256 825 φθάσαντι
283 786 431 826 ἰμϐαθύναι
461 789 498 820 εἷς
539 792 617 826 μῖσος
655 788 701 817 καί
736 787 955 825 ἐμπλατύνεσθαι

125 833 177 867 τήν
193 832 303 871 ἔχθραν,
331 834 388 861 εἶτα
417 833 570 872 φαινομένῳ
598 833 808 870 μεταμέλεσθαι,
832 831 954 860 πιστεύοι

126 876 159 904 ἃν
185 878 350 914 σπείσεσθαι,
375 877 421 906 καί
447 879 484 915 μὴ
510 877 758 917 καιροφυλακήσειν
783 877 820 908 εἷς
844 876 953 913 ἄμεινον

126 920 296 959 δραστικήν;
313 923 351 951 Οὐ
375 923 426 960 γὰρ
457 921 526 950 ἔστιν
555 923 665 950 αὐτόθεν
695 921 792 950 εἰδέναι
819 923 893 958 ἡμᾶς
921 931 952 958 γε

124 947 208 994 £365
216 947 299 1004 Ita;
316 947 481 1004 ὶᾷρὶἐᾶανῖ
492 947 540 1004 ’ῥέὴ
556 947 662 995 ἷέέέὲ
676 947 759 995 es;
768 947 951 1005 esset;
967 947 991 979 Β

128 1021 224 1042 σαντος
258 1011 452 1049 ἀποκάλυψιν,
482 1009 543 1039 ἔνθα
571 1013 585 1039 ὁ
617 1012 777 1049 μεμισηκὼς
805 1011 835 1038 οὐ
867 1010 949 1047 μόνον

72 1084 75 1085 ν
126 1053 305 1092 παραδείσου,
326 1054 399 1083 ἀλλὰ
421 1056 466 1083 καὶ
494 1058 560 1084 Θεοῦ
576 1055 657 1083 αὐτοῦ
681 1056 767 1088 ἐθὲλει
783 1055 851 1083 ἐκὼν
867 1054 950 1082 61mi-

128 1101 235 1135 στῆναι,
261 1099 283 1126 el.
314 1100 395 1136 μόνον
411 1100 544 1138 ἑξισχύσει
574 1099 688 1139 βλάψειν
710 1100 755 1128 τὸν
776 1099 949 1136 μισούμενον.

127 1145 193 1171 ’Ὀτε
215 1143 259 1170 καὶ
288 1146 348 1176 πῶς
376 1143 407 1172 ἂν
437 1145 484 1172 τὸν
510 1145 583 1172 οὕτω
609 1147 657 1172 τοῦ
683 1144 779 1181 μίσους
808 1143 950 1182 ἄνθρωπον

127 1187 267 1215 πιστεύσοι
282 1199 323 1221 τις
347 1188 427 1228 φίλον
443 1188 593 1227 προσιέναι,
610 1189 654 1217 καὶ
670 1189 708 1226 μὴ
728 1189 888 1228 ἐπέρχεσθαι
913 1189 951 1219 ὡς

128 1229 275 1259 ἐπίϐουλον
288 1241 294 1267 ;

168 1285 212 1322 ιβ’.
230 1286 389 1323 Μιμοῦμαι,
416 1287 439 1314 ὦ
465 1287 551 1326 φίλοι,
580 1287 649 1325 πρός
677 1298 762 1322 τινος,
792 1287 820 1314 ’ὀν
851 1287 948 1314 ὑποθε-

129 1328 190 1356 τέον
213 1330 277 1357 εἶναι
308 1331 469 1368 Σαπρίκιον.
504 1334 630 1368 Φανιρῶς
658 1330 742 1359 ἐθέλω
770 1330 949 1370 φιλώσασθαι·

132 1374 223 1412 τρέχω
239 1375 307 1412 πρὸς
334 1375 413 1403 αὐτὸν
436 1375 491 1414 ἐγὼ
516 1377 672 1415 Νικηφόρος
698 1377 735 1407 ὡς
762 1375 787 1404 ἒν
815 1375 949 1407 ὑποθέσειι

131 1421 281 1456 γουνοῦμαι
311 1419 348 1451 εἰς
377 1421 545 1457 γνησιότητα
571 1420 683 1460 φιλικὴν
713 1420 891 1460 ἐγγραφῆναι.
921 1420 951 1449 Ὀ

132 1461 161 1490 δὲ
176 1461 240 1494 ἴσως
256 1463 288 1491 οὗ
314 1463 395 1501 μόνον
415 1464 446 1492 οὗ
470 1465 645 1504 προσήσεται,
671 1464 744 1493 ἀλλὰ
761 1466 816 1500 καὶ,
847 1464 874 1492 εἷ’
898 1475 951 1492 που

132 1505 311 1546 παρευρεθείη
338 1508 424 1543 λίθος,
449 1509 467 1544 ἢ
496 1509 588 1546 ξύλον,
618 1510 729 1546 ἁρπάζει
754 1509 812 1537 κατ¹
839 1509 905 1545 ἐμοῦ
919 1509 951 1536 τὸ

131 1552 346 1590 παρευρημὲνον·
379 1551 534 1592 παραϐαλεῖ
569 1553 597 1581 δὲ
624 1554 668 1582 καὶ
694 1554 806 1593 ξίφεσιν,
837 1553 864 1580 εἷ’
882 1564 952 1584 τινες

131 1596 314 1635 παρατύχοιεν
342 1597 413 1625 otism
440 1599 591 1630 θανοῦντες.
621 1599 682 1630 Πῶς
699 1598 744 1626 οὖν
760 1597 810 1626 οὐκ
833 1595 951 1634 εὐλαϐή-

132 1629 214 1678 σομαι
228 1629 318 1676 fma;
343 1642 373 1669 οὐ
399 1640 573 1682 φοϐήσομαι;
599 1629 680 1670 πόθεν
697 1654 743 1680 μοι
760 1642 858 1681 θάῤῥος
883 1629 955 1669 ἔσται
972 1629 993 1662 C

133 1685 279 1723 προσμίξαι
305 1689 345 1723 τῷ
375 1687 516 1725 Σαπρικίῳ
544 1687 583 1719 sic
613 1687 744 1724 ὁμιλίαν,
775 1687 816 1715 ὅτι
848 1688 885 1724 μὴ
914 1685 958 1714 διὰ

136 1730 219 1767 μόνου
235 1733 283 1758 τοῦ
297 1733 374 1765 Θεοῦ,
394 1731 550 1767 ὠθήσαντός
577 1742 619 1769 με,
647 1732 684 1763 ὡς
709 1731 809 1763 ἐκεῖνος
833 1730 888 1759 οἶδε
912 1731 957 1758 καὶ

132 1775 165 1802 τᾶ
179 1777 289 1803 τοιαῦτα
304 1775 478 1813 οἷκονομεῖν;
506 1777 623 1810 Οὐκοῦν,
649 1775 676 1804 εἷ’
692 1787 732 1808 τις
757 1777 822 1813 ὀρθὰ
848 1779 955 1815 φρονεῖν

134 1820 221 1851 θεοθεν
247 1818 357 1858 ἔλαχεν,
383 1821 494 1857 όκνήσοι
524 1820 554 1848 ἃν
575 1820 743 1860 προδραμεῖν
767 1821 811 1848 καὶ
838 1822 955 1859 ἁρπάσαι

134 1864 179 1891 τὸν
194 1864 306 1899 ἱκέσιον,
328 1865 372 1892 καί
392 1865 594 1902 ἐκμειλίξασθαι
618 1867 663 1894 τὸν
680 1865 818 1905 πεφηνότα
844 1865 954 1904 ἒχθρόν,

135 1909 164 1936 ού
184 1909 253 1936 κατὰ
268 1909 410 1947 συγκυρίαν
427 1909 534 1947 ἅπλῶς,
551 1910 623 1939 ἀλλᾶ
649 1910 766 1948 μελέτην
791 1910 955 1949 ίνδόμυχον,

134 1953 177 1980 καὶ
193 1953 276 1988 αὖτήν
292 1950 457 1993 ἔμπρακτον,
473 1954 518 1983 καί
532 1966 562 1993 γε
577 1955 714 1993 ὀλεθρίαν,
730 1955 755 1983 εἴ
771 1956 808 1993 μὴ
833 1956 883 1991 τὴν
905 1956 956 1983 ἀκα

135 1998 189 2034 μὴν
204 1999 251 2026 τοῦ
265 1997 453 2036 αῗχμάσοντος
464 1997 603 2036 ἤμϐλυνεν
621 2001 635 2027 ὁ
650 1999 724 2031 Θίός.

170 2098 213 2133 ιγ”
230 2094 294 2124 Δέον
322 2096 425 2131 τοίνυν,
449 2095 476 2124 εἷ’
495 2107 536 2128 τις
558 2096 651 2135 ἐχθρῷ
668 2097 786 2134 τοιούτῳ
801 2097 954 2134 περιπέσοι,

134 2139 313 2176 ἀναποδίζειν,
343 2139 370 2168 εἷ’
395 2151 448 2168 που
478 2140 549 2177 αὖτῷ
567 2141 714 2179 περιτύχῃ,
744 2142 789 2169 καὶ
817 2141 952 2179 πρύμναν,

134 2184 169 2216 ὡς
186 2184 271 2216 οὕτως
291 2184 385 2219 εῗπιῖν,
410 2185 563 2223 κρούεσθαι,
584 2185 628 2213 καὶ
653 2185 836 2223 ἀνακωχεύειν
859 2185 885 2213 ἐν
913 2188 953 2222 τῷ

133 2226 317 2266 εὐλαϐεῖσθαι,
348 2230 386 2266 μὴ
411 2230 468 2264 καὶ,
496 2229 594 2267 λιμένα
622 2228 708 2258 δοκῶν
738 2231 837 2268 εὑρεῖν,
866 2240 953 2268 προσ-

134 2275 317 2311 αραχθήσιται
341 2274 424 2313 ῥαχίᾳ
452 2274 490 2306 εἰς
520 2273 667 2303 ἀπώλειαν·
696 2275 740 2302 καὶ
772 2275 822 2302 οὐκ
849 2274 879 2302 ἂν
909 2273 951 2310 εἷή

1008 295 1125 330 cogitat,
1142 304 1208 323 cum
1225 295 1364 323 inimicus
1378 295 1457 323 venit
1470 296 1626 331 quasitum
1643 298 1829 326 concordiam

1009 339 1101 372 Quam
1126 340 1217 377 igitur
1240 348 1360 368 necesse
1381 340 1466 368 nobis
1490 343 1535 368 est
1558 341 1688 370 studiose
1712 343 1782 370 eniti
1801 345 1833 372 ut

1008 385 1172 420 pertinaces
1188 385 1217 412 in
1234 385 1299 413 odio
1317 385 1481 418 ﬂectamus,
1506 387 1595 421 utque
1618 395 1769 422 nunquam
1799 388 1834 415 ti-

1008 438 1088 458 mere
1103 430 1287 465 desinamus,
1303 438 1339 458 ne
1355 430 1380 457 is
1393 430 1547 464 moriatur,
1565 430 1616 466 qui
1631 431 1836 465 veniam,con-

1009 474 1138 502 cordiam
1155 475 1394 510 consortiumque
1409 474 1558 510 postulat!

1044 519 1088 546 41.
1114 519 1172 547 Isto
1197 519 1282 547 modo
1307 521 1420 555 oportet
1439 528 1493 547 nos
1525 520 1675 548 hominem
1700 520 1831 548 invidum

1009 571 1110 591 cavere
1125 565 1212 599 atque
1227 564 1370 597 deserere,
1386 566 1414 591 et
1429 572 1613 600 perseverare
1627 565 1657 592 in
1672 573 1832 593 conseren-

1009 608 1055 636 dis
1085 607 1233 643 mauibus,
1261 608 1290 635 in
1321 608 1473 636 ﬂectendis
1507 609 1644 645 genibus,
1673 610 1703 637 in
1733 610 1832 646 quieta

1008 652 1078 685 vita,
1095 652 1135 680 ita
1149 655 1180 680 ut
1196 661 1348 688 speremus
1364 661 1422 681 uno
1436 653 1466 680 iu
1482 653 1539 681 Deo
1564 654 1725 688 charitatis,
1743 656 1831 690 utque

1010 698 1138 724 amicum
1154 705 1169 724 e
1184 697 1304 725 sublimi
1329 698 1518 731 asciscamus,
1541 698 1652 734 talique
1676 699 1789 727 ratione
1805 701 1833 727 et

1011 741 1076 769 aliis
1092 741 1242 769 similibus
1257 745 1393 769 aeternam
1406 742 1500 770 lucem
1522 751 1736 778 comparemus.
1754 745 1833 770 Prae-

1010 788 1089 813 terea
1103 786 1168 820 quis
1184 786 1303 814 audebit
1315 787 1408 814 redire
1424 786 1452 813 in
1477 787 1601 823 gratiam
1626 796 1693 815 cum
1715 787 1834 815 homine

1011 831 1061 866 qui
1076 833 1231 866 postquam
1248 831 1304 859 alte
1319 831 1418 859 odium
1443 831 1559 867 lateque
1580 832 1638 859 iras
1662 832 1832 866 exercuerit,

1010 875 1183 911 resipiscere
1214 875 1351 903 videtur?
1374 876 1425 912 qui
1447 879 1548 904 contra
1577 885 1634 903 non
1665 879 1832 912 suspectam

1010 919 1130 947 habebit
1143 920 1233 948 vitam
1249 920 1279 947 in
1297 920 1412 953 melius,
1428 921 1478 948 sed
1495 921 1530 948 ad
1559 921 1643 948 breve
1667 920 1834 949 mutatam?

1006 963 1065 991 Nec
1081 966 1125 992 est
1139 964 1216 992 enim
1234 967 1265 992 ut
1285 973 1335 1000 per
1351 974 1403 992 nos
1419 965 1565 1001 explorate
1589 965 1728 999 sciamus,
1755 967 1835 993 ante-

1006 1016 1095 1044 quam
1113 1010 1187 1036 Deus
1204 1009 1317 1036 detecta
1341 1017 1371 1036 re
1395 1009 1531 1037 certiores
1548 1017 1599 1037 nos
1622 1009 1734 1042 fecerit,
1762 1018 1833 1037 num

1005 1051 1126 1080 invidus
1142 1061 1206 1080 sese
1221 1061 1254 1080 ex
1269 1053 1415 1088 paradiso,
1427 1053 1486 1081 imo
1501 1062 1535 1081 ex
1551 1054 1608 1081 Deo
1621 1054 1683 1089 jam
1700 1061 1838 1090 segrega-

1006 1098 1069 1124 tum
1087 1097 1182 1132 malit,
1199 1098 1360 1125 dummodo
1375 1097 1461 1126 liceat
1476 1106 1579 1126 nocere
1595 1098 1620 1126 ei
1646 1106 1734 1134 quem
1759 1107 1837 1126 exse-

1006 1144 1114 1169 cratur.
1132 1143 1194 1174 Qua
1209 1150 1277 1178 ergo
1293 1142 1339 1170 via
1367 1142 1432 1177 quis
1462 1142 1569 1178 poterit
1597 1143 1748 1170 hominem
1768 1142 1835 1170 odio

1005 1187 1065 1212 tam
1083 1185 1239 1221 proclivem
1253 1188 1284 1214 ut
1299 1186 1427 1214 amicum
1443 1187 1535 1220 adire,
1553 1195 1606 1214 nec
1630 1187 1728 1223 potius
1748 1189 1832 1215 caute

1006 1230 1161 1257 convenire
1178 1233 1210 1257 ut
1223 1231 1347 1259 insidias
1364 1231 1556 1259 molientem?

1044 1283 1086 1311 12.
1103 1285 1199 1311 Prono
1214 1291 1269 1317 me,
1285 1283 1483 1319 amici,coram
1500 1284 1617 1312 homine
1633 1293 1720 1320 quem
1738 1284 1831 1320 ﬁnge-

1007 1334 1074 1354 mus
1088 1335 1153 1354 esse
1168 1328 1343 1364 Sapricium.
1359 1328 1431 1356 Volo
1446 1328 1532 1364 plane
1546 1329 1576 1356 in
1592 1330 1655 1365 ejus
1669 1329 1830 1357 amicitiam

1006 1371 1106 1407 recipi.
1124 1374 1250 1400 Accurro
1266 1373 1300 1400 ad
1314 1381 1381 1401 eum
1398 1381 1462 1409 ego,
1490 1376 1523 1401 ut
1552 1374 1719 1409 posuimus,
1750 1374 1834 1402 Nice-

1006 1415 1126 1450 phorus.
1143 1417 1244 1444 Genua
1259 1417 1420 1453 amplector
1443 1421 1476 1445 ut
1501 1418 1603 1447 fideles
1624 1419 1700 1446 inter
1723 1419 1834 1446 amicos

1005 1468 1052 1488 me
1067 1462 1243 1489 conscribat.
1260 1462 1286 1490 ls
1300 1465 1397 1490 autem
1415 1462 1535 1491 forsitan
1552 1464 1623 1491 adeo
1639 1472 1696 1491 non
1709 1463 1837 1491 delecta-

1006 1505 1085 1532 bitur
1100 1509 1245 1534 utcontra
1260 1515 1311 1534 seu
1327 1507 1523 1543 lapidem,seu
1540 1508 1663 1544 lignum,
1682 1516 1731 1535 seu
1746 1508 1831 1543 quid-

1007 1549 1077 1585 quid
1090 1550 1232 1579 invenerit
1246 1552 1386 1579 adversus
1403 1560 1448 1579 me
1464 1552 1594 1588 arripiat.
1620 1553 1680 1579 [mo
1696 1561 1765 1580 ense
1780 1560 1831 1587 ag-

1006 1594 1163 1630 gredietur,
1194 1595 1219 1623 si
1248 1595 1294 1623 cui
1325 1597 1365 1623 ita
1398 1596 1472 1624 mori
1501 1596 1530 1623 in
1567 1598 1706 1631 promptu
1731 1596 1830 1623 fuerit.

1012 1639 1161 1670 Quomodo
1177 1639 1267 1676 igitur
1294 1646 1352 1668 non
1382 1640 1522 1668 caveam?
1536 1648 1588 1668 cur
1603 1649 1660 1668 non
1686 1640 1806 1668 timeam
1820 1640 1834 1667 ‘I

1013 1685 1089 1712 unde
1102 1685 1225 1712 audeam
1241 1685 1315 1713 inire
1330 1694 1396 1713 cum
1414 1685 1544 1721 Sapricio
1569 1685 1749 1719 societatem,
1775 1684 1833 1713 nisi

1012 1729 1142 1765 impulsu
1159 1738 1176 1757 a
1191 1730 1253 1758 solo
1268 1730 1337 1765 Deo,
1359 1733 1390 1757 ut
1406 1730 1468 1766 ipse
1493 1730 1687 1766 Nicephorus,
1704 1730 1733 1757 id
1749 1737 1833 1765 pera-

1011 1774 1139 1810 gendum
1151 1775 1328 1810 susceperim
1337 1774 1351 1802 ‘I
1368 1776 1440 1811 Ergo
1450 1775 1618 1811 quicunque
1631 1783 1648 1802 a
1664 1777 1720 1802 Deo
1731 1782 1833 1802 sanam

1011 1818 1122 1855 accepit
1136 1821 1263 1846 mentem
1279 1827 1335 1847 non
1353 1819 1380 1846 id
1397 1819 1560 1846 committet
1575 1821 1606 1847 ut
1622 1820 1701 1855 prior
1713 1820 1834 1854 occupet

1011 1866 1060 1891 aut
1077 1863 1225 1899 praecipiat
1239 1866 1290 1892 aut
1306 1864 1518 1892 mansuefaciat
1542 1864 1708 1900 professum
1733 1863 1768 1891 de
1783 1871 1832 1899 ge-

1010 1916 1079 1935 nere
1102 1908 1156 1935 hoc
1180 1908 1353 1942 inimicum;
1371 1916 1422 1936 nec
1447 1909 1511 1944 ejus
1546 1916 1699 1936 occursum
1735 1907 1832 1935 solum

1010 1952 1132 1986 cavebit,
1148 1952 1197 1980 sed
1215 1952 1328 1980 occulta
1343 1953 1429 1980 etiam
1447 1953 1571 1989 incepta,
1582 1961 1646 1989 quae
1662 1961 1719 1980 non
1735 1952 1833 1986 irrita,

1008 1996 1068 2024 imo
1083 1999 1111 2025 et
1124 1996 1253 2032 lethalia,
1268 1997 1326 2025 Deo
1342 2006 1400 2025 non
1414 1998 1595 2026 obtundente
1632 1997 1724 2026 aciem
1740 2017 1747 2031 ,
1772 2005 1837 2025 esse

1009 2043 1140 2076 possent.

1046 2094 1088 2121 13.
1106 2094 1234 2130 Oportet,
1251 2094 1276 2122 si
1293 2095 1359 2130 quis
1376 2094 1405 2122 in
1421 2094 1510 2123 talem
1520 2095 1673 2122 inimicum
1686 2093 1833 2130 inciderit,

1009 2138 1111 2174 pedem
1128 2139 1243 2173 referat,
1260 2139 1286 2167 si
1301 2139 1370 2167 data
1385 2139 1423 2166 sit
1437 2140 1532 2175 copia,
1548 2147 1721 2175 navemque,
1741 2141 1774 2166 ut
1789 2139 1829 2167 ita

1009 2183 1115 2216 dicam,
1130 2185 1207 2210 retro
1218 2186 1295 2219 agat,
1311 2184 1477 2219 condetque
1493 2183 1625 2211 celeriter
1649 2184 1677 2211 in
1703 2184 1829 2211 statione

1008 2226 1180 2264 prudentie,
1205 2235 1242 2255 ne
1264 2227 1346 2261 forte,
1370 2228 1394 2255 si
1422 2227 1579 2256 cessaverit
1601 2228 1632 2255 in
1654 2228 1828 2256 inveniendo

1008 2273 1105 2308 portu,
1123 2280 1139 2300 ιι
1154 2274 1232 2307 tergo
1244 2273 1373 2300 caedatur
1390 2281 1480 2308 usque
1495 2273 1531 2300 ad
1549 2281 1659 2300 necem.
1675 2273 1732 2301 Nec
1747 2273 1829 2301 locus

134 2319 283 2355 μεμπτὲος,
322 2319 410 2356 οἶμαι,
448 2320 462 2348 ὁ
489 2322 624 2354 τοιοῦτος,
654 2318 716 2347 οὖδὶ
744 2319 890 2350 πτοιαλὲος
915 2319 952 2351 εἷς

1010 2320 1096 2351 esset,
1119 2318 1216 2352 credo,
1239 2326 1291 2345 cur
1321 2317 1389 2346 talis
1413 2318 1457 2346 vir
1487 2318 1643 2355 culpetur;
1678 2318 1761 2346 nulla
1785 2321 1829 2346 est

134 2360 298 2397 ἀνένδικτον,
326 2363 400 2401 εἷεπερ
430 2363 510 2392 αὐτὸν
536 2364 637 2392 ἐκεῖνον
660 2364 705 2391 τὸν
725 2363 873 2402 βαρύτατον
904 2362 955 2401 ἐχ-

133 2405 195 2443 θρὸν
217 2407 363 2443 προσιόντα
393 2407 511 2445 βλέπων,
537 2409 582 2436 καὶ
608 2406 793 2440 ἀϐασανίστως
818 2407 954 2436 λαλοῦντα

133 2448 359 2485 καταλλακτικὸν,
379 2452 509 2490 παρέλθοι
533 2452 776 2490 ἀναστελλόμενος,
793 2453 875 2481 Πόθεν
902 2453 953 2491 γὰρ

134 2493 275 2530 δυνήσεται
302 2495 490 2533 θαῤῥύνασθαι,
520 2498 556 2529 ὡς
587 2499 625 2535 μὴ
652 2497 849 2533 δυσιλπιστεῖν,
876 2497 951 2532 ἥκειν

130 2539 231 2567 ὶκιῖνον
262 2538 306 2567 ἐπὶ
337 2538 452 2577 σπονδῇ,
482 2542 514 2569 οὐ
540 2543 594 2578 μὴν
619 2542 663 2570 ἐπὶ
688 2541 806 2580 σπουδῇ,
831 2542 953 2580 μεγάλου

131 2587 232 2619 unum");
262 2585 311 2612 Καὶ
336 2581 391 2612 ἔστι
417 2585 448 2612 τὸ
472 2588 584 2624 πρᾶγμα
612 2587 716 2615 εἰκάσαι
744 2587 841 2618 οὕτως·
872 2585 954 2627 φοϐε-

131 2629 177 2667 ρὸς
200 2629 214 2657 ὁ
241 2629 311 2658 λέων
338 2629 492 2665 ὲξάπαντος,
518 2630 577 2662 ὅθεν
605 2632 649 2658 καὶ
674 2631 834 2670 προσελθεῖν
859 2631 954 2669 ἐκείνῳ

131 2673 197 2701 πάνυ
225 2685 251 2702 τι
289 2674 412 2711 ἀθαρσὲς,
447 2674 469 2702 sl
501 2675 546 2702 καὶ
582 2675 691 2703 ἁλύσεσι
723 2676 952 2714 κατακλειόμενος

130 2717 306 2755 πιριδὲδεταυ
330 2719 375 2747 καὶ
404 2719 587 2758 ἐπερχόμενον
609 2718 638 2748 δὶ
662 2719 728 2748 ῒδὼν
758 2720 836 2760 φύνοι
865 2721 895 2748 ἂν
911 2732 952 2754 τις

134 2762 159 2794 ἐς
186 2764 284 2801 τάχος,
312 2763 335 2791 εί
366 2765 404 2801 μὴ
432 2764 496 2796 τοὺς
525 2761 611 2796 πόδας
639 2764 795 2793 ἀποκωλύει
823 2766 854 2794 τὸ
882 2765 951 2798 δέος,

134 2807 240 2845 Ὀμοίῳ
263 2806 296 2844 δὴ
324 2807 401 2847 λὸγῳ
417 2809 537 2849 ’φευκτέα
560 2809 605 2838 καὶ
626 2811 644 2845 ἡ
673 2810 834 2849 βαθύρριζος
855 2807 950 2850 ἔχθρα,

135 2852 176 2880 καὶ
201 2853 214 2880 ὁ
242 2854 303 2881 κατ’
326 2853 408 2890 αὐτὴν
438 2852 592 2891 λεοντώδης
621 2854 730 2894 ἐχθρός.
758 2856 839 2894 ’Έχοι
861 2856 950 2885 τοίνυν

1009 2363 1086 2391 enim
1100 2362 1243 2390 timiditas
1261 2362 1464 2391 ineluctabilia
1487 2363 1670 2391 detrectanti.
1695 2363 1764 2391 Jure
1779 2363 1832 2399 igi-

1008 2411 1057 2436 tur
1072 2409 1159 2437 homo
1175 2410 1283 2444 noster,
1300 2408 1324 2436 si
1340 2409 1548 2445 gravissimum
1575 2409 1653 2437 hunc
1677 2408 1831 2437 inimicum

1010 2453 1193 2489 prospexerit
1207 2453 1242 2481 ad
1259 2461 1289 2480 se
1305 2453 1470 2481 venientem
1485 2455 1513 2482 et
1526 2453 1694 2481 inconsulto
1711 2454 1746 2481 de
1762 2462 1832 2481 con-

1009 2497 1470 2534 cordialoquentemconversusin
1479 2500 1575 2536 fugam
1581 2499 1617 2527 ab
1623 2507 1656 2526 eo
1663 2498 1833 2527 declinabit.

1008 2544 1089 2572 Unde
1103 2544 1181 2572 enim
1207 2544 1314 2580 poterit
1332 2545 1404 2572 satis
1422 2545 1579 2572 conﬁdenti
1604 2553 1669 2572 esse
1684 2545 1782 2572 animo
1799 2547 1832 2571 ut

1009 2592 1105 2626 speret
1119 2589 1272 2618 inimicum
1294 2590 1431 2618 accedere
1446 2590 1481 2617 ad
1504 2589 1749 2623 conciliationem,
1772 2597 1831 2616 non

1008 2643 1164 2670 properare
1179 2634 1214 2662 ad
1250 2642 1390 2670 magnum
1413 2633 1552 2662 facinus?
1577 2634 1616 2662 Re
1640 2633 1834 2662 similitudine

1008 2679 1199 2707 adumbrabo.
1223 2679 1373 2707 Terribilis
1401 2682 1446 2707 est
1473 2679 1518 2707 leo
1544 2687 1609 2707 cum
1640 2677 1776 2707 occurrit.
1793 2677 1829 2704 Ut

1007 2732 1074 2751 vero
1090 2723 1170 2751 nulla
1186 2732 1259 2759 opus
1275 2726 1352 2752 esset
1367 2724 1489 2752 audacia
1508 2724 1533 2752 si
1549 2723 1615 2760 quis
1638 2731 1705 2751 eum
1721 2722 1749 2749 in
1766 2730 1829 2749 car«

1008 2776 1072 2796 cere
1086 2767 1247 2796 cohibitum
1263 2770 1291 2796 et
1302 2769 1414 2798 catenis
1433 2769 1624 2797 constrictum
1653 2766 1829 2802 conveniret,

1007 2813 1050 2841 sic
1073 2813 1252 2850 [liberatum]
1275 2815 1304 2841 et
1335 2816 1536 2843 occurrentem
1561 2813 1656 2849 quivis
1679 2819 1767 2848 quam
1787 2811 1827 2840 ci-

1007 2858 1122 2887 tissime
1136 2858 1259 2895 fugsret,
1276 2859 1362 2888 modo
1377 2868 1435 2889 non
1451 2860 1539 2897 pedes
1563 2865 1669 2895 pavore
1692 2857 1828 2887 constite-
