  <div class='ocr_page' id='page_1' title='image "/cluster/home/n/w/nwhite01/storage/ocr_20150623/135/njp.32101077773107/303.png"; bbox 0 0 2021 3176; ppageno 0'>
   <div class='ocr_carea' id='block_1_1' title="bbox 200 190 262 220">
    <p class='ocr_par' dir='ltr' id='par_1_1' title="bbox 200 190 262 220">
     <span class='ocr_line' id='line_1_1' title="bbox 200 190 262 220; baseline 0 0"><span class='ocrx_word' id='word_1_1' title='bbox 200 190 262 220; x_wconf 76' lang='grc'>575</span> 
     </span>
    </p>
   </div>
   <div class='ocr_carea' id='block_1_2' title="bbox 593 187 1524 221">
    <p class='ocr_par' dir='ltr' id='par_1_2' title="bbox 593 187 1524 221">
     <span class='ocr_line' id='line_1_2' title="bbox 593 187 1524 221; baseline -0.002 -1"><span class='ocrx_word' id='word_1_2' title='bbox 593 189 803 221; x_wconf 81' lang='lat' dir='ltr'>EUSTA&#39;I‘HII</span> <span class='ocrx_word' id='word_1_3' title='bbox 825 189 875 219; x_wconf 83' lang='grc' dir='ltr'>ΤΗ</span> <span class='ocrx_word' id='word_1_4' title='bbox 881 187 1209 220; x_wconf 77' lang='lat' dir='ltr'>ESSALONICENSIS</span> <span class='ocrx_word' id='word_1_5' title='bbox 1232 188 1524 219; x_wconf 68' lang='lat' dir='ltr'>METROPOLITE</span> 
     </span>
    </p>
   </div>
   <div class='ocr_carea' id='block_1_3' title="bbox 1868 190 1919 219">
    <p class='ocr_par' dir='ltr' id='par_1_3' title="bbox 1868 190 1919 219">
     <span class='ocr_line' id='line_1_3' title="bbox 1868 190 1919 219; baseline 0.02 -1"><span class='ocrx_word' id='word_1_6' title='bbox 1868 190 1919 219; x_wconf 72' lang='lat'>5&#39;16</span> 
     </span>
    </p>
   </div>
   <div class='ocr_carea' id='block_1_4' title="bbox 199 249 1033 290">
    <p class='ocr_par' dir='ltr' id='par_1_4' title="bbox 199 251 1030 289">
     <span class='ocr_line' id='line_1_4' title="bbox 199 251 1030 289; baseline -0.002 -8"><span class='ocrx_word' id='word_1_7' title='bbox 199 253 373 281; x_wconf 88' lang='lat' dir='ltr'>rint.Simili</span> <span class='ocrx_word' id='word_1_8' title='bbox 389 253 476 281; x_wconf 88' lang='lat' dir='ltr'>modo</span> <span class='ocrx_word' id='word_1_9' title='bbox 489 253 661 289; x_wconf 82' lang='lat' dir='ltr'>fugiendum</span> <span class='ocrx_word' id='word_1_10' title='bbox 672 254 717 281; x_wconf 88' lang='lat' dir='ltr'>est</span> <span class='ocrx_word' id='word_1_11' title='bbox 727 253 827 281; x_wconf 87' lang='lat' dir='ltr'>odium</span> <span class='ocrx_word' id='word_1_12' title='bbox 844 251 911 280; x_wconf 88' lang='lat' dir='ltr'>altis</span> <span class='ocrx_word' id='word_1_13' title='bbox 926 251 1030 280; x_wconf 83' lang='lat' dir='ltr'>radici-</span> 
     </span>
    </p>
   </div>
   <div class='ocr_carea' id='block_1_5' title="bbox 1091 249 1916 290">
    <p class='ocr_par' dir='ltr' id='par_1_5' title="bbox 1091 249 1916 290">
     <span class='ocr_line' id='line_1_5' title="bbox 1091 249 1916 290; baseline -0.001 -11"><span class='ocrx_word' id='word_1_14' title='bbox 1091 251 1183 287; x_wconf 72' lang='grc' dir='ltr'>ἐπίσης</span> <span class='ocrx_word' id='word_1_15' title='bbox 1198 254 1310 287; x_wconf 84' lang='grc' dir='ltr'>ποιῆσαι</span> <span class='ocrx_word' id='word_1_16' title='bbox 1327 250 1429 289; x_wconf 79' lang='grc' dir='ltr'>ὥσπερ,</span> <span class='ocrx_word' id='word_1_17' title='bbox 1450 251 1515 290; x_wconf 84' lang='grc' dir='ltr'>πυρῖ</span> <span class='ocrx_word' id='word_1_18' title='bbox 1544 253 1683 290; x_wconf 82' lang='grc' dir='ltr'>προσᾶραι</span> <span class='ocrx_word' id='word_1_19' title='bbox 1713 249 1792 279; x_wconf 84' lang='grc' dir='ltr'>πόδα</span> <span class='ocrx_word' id='word_1_20' title='bbox 1812 252 1916 288; x_wconf 83' lang='grc' dir='ltr'>γυμνόν·</span> 
     </span>
    </p>
   </div>
   <div class='ocr_carea' id='block_1_6' title="bbox 198 297 1029 334">
    <p class='ocr_par' dir='ltr' id='par_1_6' title="bbox 198 297 1029 334">
     <span class='ocr_line' id='line_1_6' title="bbox 198 297 1029 334; baseline -0.002 -8"><span class='ocrx_word' id='word_1_21' title='bbox 198 299 254 326; x_wconf 86' lang='lat' dir='ltr'>bus</span> <span class='ocrx_word' id='word_1_22' title='bbox 266 298 614 334; x_wconf 57' lang='lat' dir='ltr'>hmrensfugiendusque</span> <span class='ocrx_word' id='word_1_23' title='bbox 624 298 761 326; x_wconf 89' lang='lat' dir='ltr'>inimicus</span> <span class='ocrx_word' id='word_1_24' title='bbox 776 305 827 333; x_wconf 90' lang='lat' dir='ltr'>per</span> <span class='ocrx_word' id='word_1_25' title='bbox 839 297 918 325; x_wconf 89' lang='lat' dir='ltr'>istud</span> <span class='ocrx_word' id='word_1_26' title='bbox 928 297 1029 325; x_wconf 90' lang='lat' dir='ltr'>odium</span> 
     </span>
    </p>
   </div>
   <div class='ocr_carea' id='block_1_7' title="bbox 199 342 1032 378">
    <p class='ocr_par' dir='ltr' id='par_1_7' title="bbox 199 342 1032 378">
     <span class='ocr_line' id='line_1_7' title="bbox 199 342 1032 378; baseline 0 -8"><span class='ocrx_word' id='word_1_27' title='bbox 199 342 276 371; x_wconf 88' lang='lat' dir='ltr'>leoni</span> <span class='ocrx_word' id='word_1_28' title='bbox 293 343 410 370; x_wconf 85' lang='lat' dir='ltr'>similis.</span> <span class='ocrx_word' id='word_1_29' title='bbox 437 343 542 371; x_wconf 85' lang='lat' dir='ltr'>Pedem</span> <span class='ocrx_word' id='word_1_30' title='bbox 566 343 678 371; x_wconf 89' lang='lat' dir='ltr'>nudum</span> <span class='ocrx_word' id='word_1_31' title='bbox 704 343 733 370; x_wconf 89' lang='lat' dir='ltr'>in</span> <span class='ocrx_word' id='word_1_32' title='bbox 759 342 842 378; x_wconf 79' lang='lat' dir='ltr'>ignes</span> <span class='ocrx_word' id='word_1_33' title='bbox 868 350 938 370; x_wconf 83' lang='lat' dir='ltr'>sane</span> <span class='ocrx_word' id='word_1_34' title='bbox 963 350 1032 378; x_wconf 90' lang='lat' dir='ltr'>pro-</span> 
     </span>
    </p>
   </div>
   <div class='ocr_carea' id='block_1_8' title="bbox 198 387 1030 423">
    <p class='ocr_par' dir='ltr' id='par_1_8' title="bbox 198 387 1030 423">
     <span class='ocr_line' id='line_1_8' title="bbox 198 387 1030 423; baseline -0.001 -8"><span class='ocrx_word' id='word_1_35' title='bbox 198 387 299 422; x_wconf 70' lang='lat' dir='ltr'>ferret,</span> <span class='ocrx_word' id='word_1_36' title='bbox 316 388 366 423; x_wconf 86' lang='lat' dir='ltr'>qui</span> <span class='ocrx_word' id='word_1_37' title='bbox 383 396 414 415; x_wconf 86' lang='lat' dir='ltr'>se</span> <span class='ocrx_word' id='word_1_38' title='bbox 426 388 478 416; x_wconf 83' lang='lat' dir='ltr'>tali</span> <span class='ocrx_word' id='word_1_39' title='bbox 494 389 618 416; x_wconf 80' lang='lat' dir='ltr'>sociarat</span> <span class='ocrx_word' id='word_1_40' title='bbox 633 387 764 421; x_wconf 87' lang='lat' dir='ltr'>inimico,</span> <span class='ocrx_word' id='word_1_41' title='bbox 786 387 946 414; x_wconf 82' lang='lat' dir='ltr'>amicitiam</span> <span class='ocrx_word' id='word_1_42' title='bbox 963 394 1030 414; x_wconf 87' lang='lat' dir='ltr'>cum</span> 
     </span>
    </p>
   </div>
   <div class='ocr_carea' id='block_1_9' title="bbox 198 431 1029 468">
    <p class='ocr_par' dir='ltr' id='par_1_9' title="bbox 198 431 1029 468">
     <span class='ocr_line' id='line_1_9' title="bbox 198 431 1029 468; baseline -0.002 -8"><span class='ocrx_word' id='word_1_43' title='bbox 198 440 231 460; x_wconf 90' lang='lat' dir='ltr'>eo</span> <span class='ocrx_word' id='word_1_44' title='bbox 247 432 408 460; x_wconf 88' lang='lat' dir='ltr'>secundum</span> <span class='ocrx_word' id='word_1_45' title='bbox 428 432 576 468; x_wconf 82' lang='lat' dir='ltr'>justitiam</span> <span class='ocrx_word' id='word_1_46' title='bbox 592 431 812 460; x_wconf 71' lang='lat' dir='ltr'>conciliaturus.</span> <span class='ocrx_word' id='word_1_47' title='bbox 829 431 947 466; x_wconf 85' lang='lat' dir='ltr'>Oportet</span> <span class='ocrx_word' id='word_1_48' title='bbox 962 439 1029 459; x_wconf 87' lang='lat' dir='ltr'>eum</span> 
     </span>
    </p>
   </div>
   <div class='ocr_carea' id='block_1_10' title="bbox 198 475 1020 513">
    <p class='ocr_par' dir='ltr' id='par_1_10' title="bbox 198 475 1020 513">
     <span class='ocr_line' id='line_1_10' title="bbox 198 475 1020 513; baseline -0.001 -9"><span class='ocrx_word' id='word_1_49' title='bbox 198 477 294 513; x_wconf 79' lang='lat' dir='ltr'>fugiat</span> <span class='ocrx_word' id='word_1_50' title='bbox 315 480 516 505; x_wconf 76' lang='lat' dir='ltr'>occurrentem</span> <span class='ocrx_word' id='word_1_51' title='bbox 540 477 622 513; x_wconf 88' lang='lat' dir='ltr'>quasi</span> <span class='ocrx_word' id='word_1_52' title='bbox 654 477 689 505; x_wconf 89' lang='lat' dir='ltr'>ad</span> <span class='ocrx_word' id='word_1_53' title='bbox 714 475 826 511; x_wconf 83' lang='lat' dir='ltr'>oscula,</span> <span class='ocrx_word' id='word_1_54' title='bbox 851 484 909 504; x_wconf 88' lang='lat' dir='ltr'>non</span> <span class='ocrx_word' id='word_1_55' title='bbox 935 483 1020 504; x_wconf 85' lang='lat' dir='ltr'>secus</span> 
     </span>
    </p>
   </div>
   <div class='ocr_carea' id='block_1_11' title="bbox 199 520 1030 558">
    <p class='ocr_par' dir='ltr' id='par_1_11' title="bbox 199 520 1030 558">
     <span class='ocr_line' id='line_1_11' title="bbox 199 520 1030 558; baseline -0.001 -9"><span class='ocrx_word' id='word_1_56' title='bbox 199 529 233 550; x_wconf 82' lang='lat' dir='ltr'>ac</span> <span class='ocrx_word' id='word_1_57' title='bbox 249 521 273 549; x_wconf 88' lang='lat' dir='ltr'>si</span> <span class='ocrx_word' id='word_1_58' title='bbox 290 523 358 549; x_wconf 87' lang='lat' dir='ltr'>ante</span> <span class='ocrx_word' id='word_1_59' title='bbox 373 521 546 558; x_wconf 86' lang='lat' dir='ltr'>pedesignis</span> <span class='ocrx_word' id='word_1_60' title='bbox 555 521 772 549; x_wconf 79' lang='lat' dir='ltr'>accenderetur.</span> <span class='ocrx_word' id='word_1_61' title='bbox 787 521 868 553; x_wconf 89' lang='lat' dir='ltr'>Quod</span> <span class='ocrx_word' id='word_1_62' title='bbox 891 521 969 548; x_wconf 92' lang='lat' dir='ltr'>enim</span> <span class='ocrx_word' id='word_1_63' title='bbox 993 520 1030 548; x_wconf 84' lang='lat' dir='ltr'>ad</span> 
     </span>
    </p>
   </div>
   <div class='ocr_carea' id='block_1_12' title="bbox 200 564 1027 602">
    <p class='ocr_par' dir='ltr' id='par_1_12' title="bbox 200 564 1027 602">
     <span class='ocr_line' id='line_1_12' title="bbox 200 564 1027 602; baseline -0.001 -9"><span class='ocrx_word' id='word_1_64' title='bbox 200 566 436 602; x_wconf 77' lang='lat' dir='ltr'>perturbationes</span> <span class='ocrx_word' id='word_1_65' title='bbox 451 566 560 594; x_wconf 88' lang='lat' dir='ltr'>mentis</span> <span class='ocrx_word' id='word_1_66' title='bbox 574 566 688 599; x_wconf 79' lang='lat' dir='ltr'>attinet,</span> <span class='ocrx_word' id='word_1_67' title='bbox 703 565 752 601; x_wconf 86' lang='lat' dir='ltr'>qui</span> <span class='ocrx_word' id='word_1_68' title='bbox 769 566 804 593; x_wconf 89' lang='lat' dir='ltr'>ad</span> <span class='ocrx_word' id='word_1_69' title='bbox 834 573 868 593; x_wconf 77' lang='grc' dir='ltr'>ει</span> <span class='ocrx_word' id='word_1_70' title='bbox 897 564 1027 601; x_wconf 86' lang='lat' dir='ltr'>pericula</span> 
     </span>
    </p>
   </div>
   <div class='ocr_carea' id='block_1_13' title="bbox 201 608 1030 646">
    <p class='ocr_par' dir='ltr' id='par_1_13' title="bbox 201 608 1030 646">
     <span class='ocr_line' id='line_1_13' title="bbox 201 608 1030 646; baseline -0.001 -9"><span class='ocrx_word' id='word_1_71' title='bbox 201 610 339 638; x_wconf 82' lang='lat' dir='ltr'>incautus</span> <span class='ocrx_word' id='word_1_72' title='bbox 355 610 414 638; x_wconf 91' lang='lat' dir='ltr'>ruit</span> <span class='ocrx_word' id='word_1_73' title='bbox 429 618 494 646; x_wconf 72' lang='lat' dir='ltr'>quas</span> <span class='ocrx_word' id='word_1_74' title='bbox 504 612 605 646; x_wconf 82' lang='lat' dir='ltr'>postea</span> <span class='ocrx_word' id='word_1_75' title='bbox 615 613 751 646; x_wconf 86' lang='lat' dir='ltr'>expertus</span> <span class='ocrx_word' id='word_1_76' title='bbox 767 608 1030 643; x_wconf 61' lang='lat' dir='ltr'>reformidatjdem</span> 
     </span>
    </p>
   </div>
   <div class='ocr_carea' id='block_1_14' title="bbox 200 654 849 690">
    <p class='ocr_par' dir='ltr' id='par_1_14' title="bbox 200 654 849 690">
     <span class='ocr_line' id='line_1_14' title="bbox 200 654 849 690; baseline 0 -8"><span class='ocrx_word' id='word_1_77' title='bbox 200 654 270 682; x_wconf 79' lang='lat' dir='ltr'>facit</span> <span class='ocrx_word' id='word_1_78' title='bbox 284 662 317 682; x_wconf 83' lang='lat' dir='ltr'>ac</span> <span class='ocrx_word' id='word_1_79' title='bbox 332 655 358 682; x_wconf 86' lang='lat' dir='ltr'>si</span> <span class='ocrx_word' id='word_1_80' title='bbox 373 663 430 682; x_wconf 91' lang='lat' dir='ltr'>non</span> <span class='ocrx_word' id='word_1_81' title='bbox 446 654 557 683; x_wconf 83' lang='lat' dir='ltr'>videret</span> <span class='ocrx_word' id='word_1_82' title='bbox 572 655 650 690; x_wconf 89' lang='lat' dir='ltr'>quod</span> <span class='ocrx_word' id='word_1_83' title='bbox 667 656 733 682; x_wconf 85' lang='lat' dir='ltr'>ante</span> <span class='ocrx_word' id='word_1_84' title='bbox 749 654 849 690; x_wconf 86' lang='lat' dir='ltr'>pedes.</span> 
     </span>
    </p>
   </div>
   <div class='ocr_carea' id='block_1_15' title="bbox 237 707 1029 744">
    <p class='ocr_par' dir='ltr' id='par_1_15' title="bbox 237 707 1029 744">
     <span class='ocr_line' id='line_1_15' title="bbox 237 707 1029 744; baseline 0 -10"><span class='ocrx_word' id='word_1_85' title='bbox 237 708 280 735; x_wconf 80' lang='grc'>14.</span> <span class='ocrx_word' id='word_1_86' title='bbox 291 707 415 736; x_wconf 83' lang='lat' dir='ltr'>Necesse</span> <span class='ocrx_word' id='word_1_87' title='bbox 429 710 474 736; x_wconf 85' lang='lat' dir='ltr'>est</span> <span class='ocrx_word' id='word_1_88' title='bbox 488 716 567 744; x_wconf 82' lang='lat' dir='ltr'>ergo,</span> <span class='ocrx_word' id='word_1_89' title='bbox 584 710 617 736; x_wconf 88' lang='lat' dir='ltr'>ut</span> <span class='ocrx_word' id='word_1_90' title='bbox 643 712 761 744; x_wconf 85' lang='lat' dir='ltr'>apparet</span> <span class='ocrx_word' id='word_1_91' title='bbox 777 715 811 735; x_wconf 82' lang='lat' dir='ltr'>ex</span> <span class='ocrx_word' id='word_1_92' title='bbox 834 707 882 736; x_wconf 87' lang='lat' dir='ltr'>bis</span> <span class='ocrx_word' id='word_1_93' title='bbox 898 716 960 744; x_wconf 71' lang='lat' dir='ltr'>quae</span> <span class='ocrx_word' id='word_1_94' title='bbox 975 715 1029 735; x_wconf 90' lang='lat' dir='ltr'>nu-</span> 
     </span>
    </p>
   </div>
   <div class='ocr_carea' id='block_1_16' title="bbox 200 751 1030 788">
    <p class='ocr_par' dir='ltr' id='par_1_16' title="bbox 200 751 1030 788">
     <span class='ocr_line' id='line_1_16' title="bbox 200 751 1030 788; baseline 0 -9"><span class='ocrx_word' id='word_1_95' title='bbox 200 760 252 788; x_wconf 86' lang='lat' dir='ltr'>per</span> <span class='ocrx_word' id='word_1_96' title='bbox 266 751 491 787; x_wconf 81' lang='lat' dir='ltr'>diximus,orare</span> <span class='ocrx_word' id='word_1_97' title='bbox 507 761 542 780; x_wconf 93' lang='lat' dir='ltr'>ne</span> <span class='ocrx_word' id='word_1_98' title='bbox 558 753 626 788; x_wconf 92' lang='lat' dir='ltr'>quis</span> <span class='ocrx_word' id='word_1_99' title='bbox 643 753 723 788; x_wconf 89' lang='lat' dir='ltr'>prior</span> <span class='ocrx_word' id='word_1_100' title='bbox 738 761 789 780; x_wconf 91' lang='lat' dir='ltr'>vos</span> <span class='ocrx_word' id='word_1_101' title='bbox 805 752 871 780; x_wconf 92' lang='lat' dir='ltr'>odio</span> <span class='ocrx_word' id='word_1_102' title='bbox 887 751 1030 788; x_wconf 82' lang='lat' dir='ltr'>pertinaci</span> 
     </span>
    </p>
   </div>
   <div class='ocr_carea' id='block_1_17' title="bbox 202 796 1028 833">
    <p class='ocr_par' dir='ltr' id='par_1_17' title="bbox 202 796 1028 833">
     <span class='ocr_line' id='line_1_17' title="bbox 202 796 1028 833; baseline 0 -9"><span class='ocrx_word' id='word_1_103' title='bbox 202 800 333 833; x_wconf 87' lang='lat' dir='ltr'>occupet.</span> <span class='ocrx_word' id='word_1_104' title='bbox 353 796 402 824; x_wconf 87' lang='lat' dir='ltr'>Sin</span> <span class='ocrx_word' id='word_1_105' title='bbox 425 799 524 824; x_wconf 86' lang='lat' dir='ltr'>autem</span> <span class='ocrx_word' id='word_1_106' title='bbox 548 797 578 824; x_wconf 93' lang='lat' dir='ltr'>in</span> <span class='ocrx_word' id='word_1_107' title='bbox 604 797 677 824; x_wconf 83' lang='lat' dir='ltr'>tales</span> <span class='ocrx_word' id='word_1_108' title='bbox 700 796 833 825; x_wconf 82' lang='lat' dir='ltr'>miserias</span> <span class='ocrx_word' id='word_1_109' title='bbox 857 797 1028 830; x_wconf 88' lang='lat' dir='ltr'>incideritis,</span> 
     </span>
    </p>
   </div>
   <div class='ocr_carea' id='block_1_18' title="bbox 203 841 1028 877">
    <p class='ocr_par' dir='ltr' id='par_1_18' title="bbox 203 841 1028 877">
     <span class='ocr_line' id='line_1_18' title="bbox 203 841 1028 877; baseline -0.001 -8"><span class='ocrx_word' id='word_1_110' title='bbox 203 841 348 869; x_wconf 85' lang='lat' dir='ltr'>demittite</span> <span class='ocrx_word' id='word_1_111' title='bbox 364 843 462 877; x_wconf 86' lang='lat' dir='ltr'>caput,</span> <span class='ocrx_word' id='word_1_112' title='bbox 485 845 573 877; x_wconf 86' lang='lat' dir='ltr'>atque</span> <span class='ocrx_word' id='word_1_113' title='bbox 590 849 624 868; x_wconf 86' lang='lat' dir='ltr'>ex</span> <span class='ocrx_word' id='word_1_114' title='bbox 647 841 698 869; x_wconf 85' lang='lat' dir='ltr'>illa</span> <span class='ocrx_word' id='word_1_115' title='bbox 722 841 870 868; x_wconf 86' lang='lat' dir='ltr'>communi</span> <span class='ocrx_word' id='word_1_116' title='bbox 885 841 1028 869; x_wconf 83' lang='lat' dir='ltr'>malorum</span> 
     </span>
    </p>
   </div>
   <div class='ocr_carea' id='block_1_19' title="bbox 201 885 1029 922">
    <p class='ocr_par' dir='ltr' id='par_1_19' title="bbox 201 885 1029 922">
     <span class='ocr_line' id='line_1_19' title="bbox 201 885 1029 922; baseline -0.001 -9"><span class='ocrx_word' id='word_1_117' title='bbox 201 886 319 922; x_wconf 80' lang='lat' dir='ltr'>abysso,</span> <span class='ocrx_word' id='word_1_118' title='bbox 335 885 410 913; x_wconf 85' lang='lat' dir='ltr'>clam</span> <span class='ocrx_word' id='word_1_119' title='bbox 433 886 564 913; x_wconf 81' lang='lat' dir='ltr'>invocata</span> <span class='ocrx_word' id='word_1_120' title='bbox 592 888 702 918; x_wconf 87' lang='lat' dir='ltr'>Deum;</span> <span class='ocrx_word' id='word_1_121' title='bbox 727 888 791 913; x_wconf 89' lang='lat' dir='ltr'>tum</span> <span class='ocrx_word' id='word_1_122' title='bbox 816 885 940 922; x_wconf 80' lang='lat' dir='ltr'>genibus</span> <span class='ocrx_word' id='word_1_123' title='bbox 962 893 1029 922; x_wconf 90' lang='lat' dir='ltr'>pro-</span> 
     </span>
    </p>
   </div>
   <div class='ocr_carea' id='block_1_20' title="bbox 201 930 1029 966">
    <p class='ocr_par' dir='ltr' id='par_1_20' title="bbox 201 930 1029 966">
     <span class='ocr_line' id='line_1_20' title="bbox 201 930 1029 966; baseline 0 -9"><span class='ocrx_word' id='word_1_124' title='bbox 201 930 292 958; x_wconf 78' lang='lat' dir='ltr'>voluti</span> <span class='ocrx_word' id='word_1_125' title='bbox 308 931 456 958; x_wconf 79' lang='lat' dir='ltr'>extendite</span> <span class='ocrx_word' id='word_1_126' title='bbox 471 931 506 957; x_wconf 85' lang='lat' dir='ltr'>ad</span> <span class='ocrx_word' id='word_1_127' title='bbox 521 939 587 958; x_wconf 88' lang='lat' dir='ltr'>eum</span> <span class='ocrx_word' id='word_1_128' title='bbox 603 939 728 964; x_wconf 82' lang='lat' dir='ltr'>manus;</span> <span class='ocrx_word' id='word_1_129' title='bbox 746 930 874 966; x_wconf 82' lang='lat' dir='ltr'>denique</span> <span class='ocrx_word' id='word_1_130' title='bbox 884 933 982 957; x_wconf 79' lang='lat' dir='ltr'>cavete</span> <span class='ocrx_word' id='word_1_131' title='bbox 994 939 1029 958; x_wconf 89' lang='lat' dir='ltr'>ne</span> 
     </span>
    </p>
   </div>
   <div class='ocr_carea' id='block_1_21' title="bbox 203 974 1028 1011">
    <p class='ocr_par' dir='ltr' id='par_1_21' title="bbox 203 974 1028 1011">
     <span class='ocr_line' id='line_1_21' title="bbox 203 974 1028 1011; baseline 0 -9"><span class='ocrx_word' id='word_1_132' title='bbox 203 975 253 1011; x_wconf 89' lang='lat' dir='ltr'>qui</span> <span class='ocrx_word' id='word_1_133' title='bbox 270 975 348 1011; x_wconf 90' lang='lat' dir='ltr'>prior</span> <span class='ocrx_word' id='word_1_134' title='bbox 363 975 481 1009; x_wconf 67' lang='lat' dir='ltr'>laeserit,</span> <span class='ocrx_word' id='word_1_135' title='bbox 497 974 570 1002; x_wconf 87' lang='lat' dir='ltr'>iram</span> <span class='ocrx_word' id='word_1_136' title='bbox 587 975 741 1002; x_wconf 80' lang='lat' dir='ltr'>occasione</span> <span class='ocrx_word' id='word_1_137' title='bbox 767 975 836 1002; x_wconf 85' lang='lat' dir='ltr'>data</span> <span class='ocrx_word' id='word_1_138' title='bbox 861 975 986 1010; x_wconf 82' lang='lat' dir='ltr'>expleat,</span> <span class='ocrx_word' id='word_1_139' title='bbox 1003 975 1028 1002; x_wconf 93' lang='lat' dir='ltr'>si</span> 
     </span>
    </p>
   </div>
   <div class='ocr_carea' id='block_1_22' title="bbox 203 1019 1031 1056">
    <p class='ocr_par' dir='ltr' id='par_1_22' title="bbox 203 1019 1031 1056">
     <span class='ocr_line' id='line_1_22' title="bbox 203 1019 1031 1056; baseline -0.001 -9"><span class='ocrx_word' id='word_1_140' title='bbox 203 1019 286 1047; x_wconf 85' lang='lat' dir='ltr'>vobis</span> <span class='ocrx_word' id='word_1_141' title='bbox 303 1019 409 1047; x_wconf 88' lang='lat' dir='ltr'>obvius</span> <span class='ocrx_word' id='word_1_142' title='bbox 432 1020 529 1047; x_wconf 83' lang='lat' dir='ltr'>fuerit.</span> <span class='ocrx_word' id='word_1_143' title='bbox 557 1019 738 1056; x_wconf 88' lang='lat' dir='ltr'>Quapropter</span> <span class='ocrx_word' id='word_1_144' title='bbox 762 1019 960 1055; x_wconf 82' lang='lat' dir='ltr'>colligendum</span> <span class='ocrx_word' id='word_1_145' title='bbox 986 1021 1031 1046; x_wconf 86' lang='lat' dir='ltr'>est</span> 
     </span>
    </p>
   </div>
   <div class='ocr_carea' id='block_1_23' title="bbox 202 1064 1029 1100">
    <p class='ocr_par' dir='ltr' id='par_1_23' title="bbox 202 1064 1029 1100">
     <span class='ocr_line' id='line_1_23' title="bbox 202 1064 1029 1100; baseline 0 -9"><span class='ocrx_word' id='word_1_146' title='bbox 202 1072 236 1092; x_wconf 85' lang='lat' dir='ltr'>ex</span> <span class='ocrx_word' id='word_1_147' title='bbox 251 1064 287 1092; x_wconf 83' lang='lat' dir='ltr'>iis</span> <span class='ocrx_word' id='word_1_148' title='bbox 303 1073 366 1100; x_wconf 66' lang='lat' dir='ltr'>quae</span> <span class='ocrx_word' id='word_1_149' title='bbox 383 1066 469 1092; x_wconf 84' lang='lat' dir='ltr'>antea</span> <span class='ocrx_word' id='word_1_150' title='bbox 485 1064 748 1096; x_wconf 76' lang='lat' dir='ltr'>consideravimus,</span> <span class='ocrx_word' id='word_1_151' title='bbox 767 1067 878 1092; x_wconf 89' lang='lat' dir='ltr'>remota</span> <span class='ocrx_word' id='word_1_152' title='bbox 893 1064 1029 1092; x_wconf 86' lang='lat' dir='ltr'>odiorum</span> 
     </span>
    </p>
   </div>
   <div class='ocr_carea' id='block_1_24' title="bbox 203 1108 1030 1145">
    <p class='ocr_par' dir='ltr' id='par_1_24' title="bbox 203 1108 1030 1145">
     <span class='ocr_line' id='line_1_24' title="bbox 203 1108 1030 1145; baseline -0.001 -8"><span class='ocrx_word' id='word_1_153' title='bbox 203 1108 341 1137; x_wconf 85' lang='lat' dir='ltr'>scandala</span> <span class='ocrx_word' id='word_1_154' title='bbox 354 1109 606 1145; x_wconf 74' lang='lat' dir='ltr'>compositumque</span> <span class='ocrx_word' id='word_1_155' title='bbox 623 1118 722 1145; x_wconf 86' lang='lat' dir='ltr'>pacem</span> <span class='ocrx_word' id='word_1_156' title='bbox 748 1117 901 1136; x_wconf 90' lang='lat' dir='ltr'>summum</span> <span class='ocrx_word' id='word_1_157' title='bbox 917 1117 981 1136; x_wconf 89' lang='lat' dir='ltr'>esse</span> <span class='ocrx_word' id='word_1_158' title='bbox 997 1116 1030 1136; x_wconf 86' lang='lat' dir='ltr'>ac</span> 
     </span>
    </p>
   </div>
   <div class='ocr_carea' id='block_1_25' title="bbox 203 1152 1030 1190">
    <p class='ocr_par' dir='ltr' id='par_1_25' title="bbox 203 1152 1030 1190">
     <span class='ocr_line' id='line_1_25' title="bbox 203 1152 1030 1190; baseline -0.002 -8"><span class='ocrx_word' id='word_1_159' title='bbox 203 1162 376 1190; x_wconf 87' lang='lat' dir='ltr'>supremum</span> <span class='ocrx_word' id='word_1_160' title='bbox 390 1154 498 1181; x_wconf 92' lang='lat' dir='ltr'>bonum</span> <span class='ocrx_word' id='word_1_161' title='bbox 511 1154 648 1181; x_wconf 79' lang='lat' dir='ltr'>clunibus</span> <span class='ocrx_word' id='word_1_162' title='bbox 660 1153 872 1187; x_wconf 86' lang='lat' dir='ltr'>bominibus,et</span> <span class='ocrx_word' id='word_1_163' title='bbox 883 1152 1030 1189; x_wconf 86' lang='lat' dir='ltr'>imprimis</span> 
     </span>
    </p>
   </div>
   <div class='ocr_carea' id='block_1_26' title="bbox 205 1198 1029 1234">
    <p class='ocr_par' dir='ltr' id='par_1_26' title="bbox 205 1198 1029 1234">
     <span class='ocr_line' id='line_1_26' title="bbox 205 1198 1029 1234; baseline -0.002 -8"><span class='ocrx_word' id='word_1_164' title='bbox 205 1198 391 1231; x_wconf 84' lang='lat' dir='ltr'>Christianis,</span> <span class='ocrx_word' id='word_1_165' title='bbox 408 1207 424 1226; x_wconf 74' lang='grc' dir='ltr'>ε.</span> <span class='ocrx_word' id='word_1_166' title='bbox 440 1198 548 1234; x_wconf 84' lang='lat' dir='ltr'>quibus</span> <span class='ocrx_word' id='word_1_167' title='bbox 572 1198 649 1226; x_wconf 85' lang='lat' dir='ltr'>Deus</span> <span class='ocrx_word' id='word_1_168' title='bbox 671 1206 766 1234; x_wconf 90' lang='lat' dir='ltr'>neque</span> <span class='ocrx_word' id='word_1_169' title='bbox 793 1199 904 1225; x_wconf 89' lang='lat' dir='ltr'>donum</span> <span class='ocrx_word' id='word_1_170' title='bbox 934 1205 1029 1233; x_wconf 86' lang='lat' dir='ltr'>neque</span> 
     </span>
    </p>
   </div>
   <div class='ocr_carea' id='block_1_27' title="bbox 206 1241 1028 1278">
    <p class='ocr_par' dir='ltr' id='par_1_27' title="bbox 206 1241 1028 1278">
     <span class='ocr_line' id='line_1_27' title="bbox 206 1241 1028 1278; baseline -0.001 -8"><span class='ocrx_word' id='word_1_171' title='bbox 206 1243 285 1271; x_wconf 89' lang='lat' dir='ltr'>aliud</span> <span class='ocrx_word' id='word_1_172' title='bbox 310 1243 472 1278; x_wconf 85' lang='lat' dir='ltr'>quidquam</span> <span class='ocrx_word' id='word_1_173' title='bbox 500 1243 604 1278; x_wconf 83' lang='lat' dir='ltr'>accipit</span> <span class='ocrx_word' id='word_1_174' title='bbox 628 1242 685 1270; x_wconf 83' lang='lat' dir='ltr'>nisi</span> <span class='ocrx_word' id='word_1_175' title='bbox 717 1242 890 1270; x_wconf 86' lang='lat' dir='ltr'>charitatem</span> <span class='ocrx_word' id='word_1_176' title='bbox 914 1241 1028 1276; x_wconf 80' lang='lat' dir='ltr'>colant;</span> 
     </span>
    </p>
   </div>
   <div class='ocr_carea' id='block_1_28' title="bbox 204 1287 850 1323">
    <p class='ocr_par' dir='ltr' id='par_1_28' title="bbox 204 1287 850 1323">
     <span class='ocr_line' id='line_1_28' title="bbox 204 1287 850 1323; baseline -0.005 -7"><span class='ocrx_word' id='word_1_177' title='bbox 204 1290 268 1316; x_wconf 86' lang='lat' dir='ltr'>tum</span> <span class='ocrx_word' id='word_1_178' title='bbox 286 1287 401 1315; x_wconf 87' lang='lat' dir='ltr'>cunctis</span> <span class='ocrx_word' id='word_1_179' title='bbox 417 1287 453 1315; x_wconf 89' lang='lat' dir='ltr'>iis</span> <span class='ocrx_word' id='word_1_180' title='bbox 469 1295 532 1323; x_wconf 67' lang='lat' dir='ltr'>quae</span> <span class='ocrx_word' id='word_1_181' title='bbox 550 1288 585 1315; x_wconf 84' lang='lat' dir='ltr'>ad</span> <span class='ocrx_word' id='word_1_182' title='bbox 601 1287 690 1314; x_wconf 85' lang='lat' dir='ltr'>vitam</span> <span class='ocrx_word' id='word_1_183' title='bbox 708 1289 850 1322; x_wconf 87' lang='lat' dir='ltr'>spectant.</span> 
     </span>
    </p>
   </div>
   <div class='ocr_carea' id='block_1_29' title="bbox 241 1339 1029 1377">
    <p class='ocr_par' dir='ltr' id='par_1_29' title="bbox 241 1339 1029 1377">
     <span class='ocr_line' id='line_1_29' title="bbox 241 1339 1029 1377; baseline -0.001 -9"><span class='ocrx_word' id='word_1_184' title='bbox 241 1341 284 1369; x_wconf 86' lang='lat'>15.</span> <span class='ocrx_word' id='word_1_185' title='bbox 310 1341 392 1373; x_wconf 84' lang='lat' dir='ltr'>Quod</span> <span class='ocrx_word' id='word_1_186' title='bbox 422 1340 543 1377; x_wconf 89' lang='lat' dir='ltr'>siquis,</span> <span class='ocrx_word' id='word_1_187' title='bbox 569 1343 724 1376; x_wconf 80' lang='lat' dir='ltr'>postquam</span> <span class='ocrx_word' id='word_1_188' title='bbox 749 1339 976 1376; x_wconf 81' lang='lat' dir='ltr'>perseveraverit</span> <span class='ocrx_word' id='word_1_189' title='bbox 999 1339 1029 1367; x_wconf 87' lang='lat' dir='ltr'>in</span> 
     </span>
    </p>
   </div>
   <div class='ocr_carea' id='block_1_30' title="bbox 205 1385 1030 1420">
    <p class='ocr_par' dir='ltr' id='par_1_30' title="bbox 205 1385 1030 1420">
     <span class='ocr_line' id='line_1_30' title="bbox 205 1385 1030 1420; baseline -0.002 -7"><span class='ocrx_word' id='word_1_190' title='bbox 205 1385 283 1420; x_wconf 91' lang='lat' dir='ltr'>odio,</span> <span class='ocrx_word' id='word_1_191' title='bbox 304 1388 333 1413; x_wconf 86' lang='lat' dir='ltr'>et</span> <span class='ocrx_word' id='word_1_192' title='bbox 356 1385 536 1413; x_wconf 81' lang='lat' dir='ltr'>lacessiverit</span> <span class='ocrx_word' id='word_1_193' title='bbox 561 1388 589 1412; x_wconf 87' lang='lat' dir='ltr'>et</span> <span class='ocrx_word' id='word_1_194' title='bbox 620 1385 757 1412; x_wconf 84' lang='lat' dir='ltr'>terruerit</span> <span class='ocrx_word' id='word_1_195' title='bbox 783 1387 811 1412; x_wconf 92' lang='lat' dir='ltr'>et</span> <span class='ocrx_word' id='word_1_196' title='bbox 836 1385 975 1419; x_wconf 88' lang='lat' dir='ltr'>nocuerit,</span> <span class='ocrx_word' id='word_1_197' title='bbox 1001 1385 1030 1412; x_wconf 89' lang='lat' dir='ltr'>et</span> 
     </span>
    </p>
   </div>
   <div class='ocr_carea' id='block_1_31' title="bbox 204 1428 1028 1466">
    <p class='ocr_par' dir='ltr' id='par_1_31' title="bbox 204 1428 1028 1466">
     <span class='ocr_line' id='line_1_31' title="bbox 204 1428 1028 1466; baseline -0.002 -9"><span class='ocrx_word' id='word_1_198' title='bbox 204 1430 320 1458; x_wconf 88' lang='lat' dir='ltr'>nullum</span> <span class='ocrx_word' id='word_1_199' title='bbox 344 1429 429 1466; x_wconf 87' lang='lat' dir='ltr'>plane</span> <span class='ocrx_word' id='word_1_200' title='bbox 453 1429 589 1458; x_wconf 65' lang='lat' dir='ltr'>amicitia:</span> <span class='ocrx_word' id='word_1_201' title='bbox 613 1429 756 1456; x_wconf 88' lang='lat' dir='ltr'>indicium</span> <span class='ocrx_word' id='word_1_202' title='bbox 787 1438 844 1465; x_wconf 86' lang='lat' dir='ltr'>prae</span> <span class='ocrx_word' id='word_1_203' title='bbox 867 1437 897 1456; x_wconf 87' lang='lat' dir='ltr'>se</span> <span class='ocrx_word' id='word_1_204' title='bbox 921 1428 1028 1463; x_wconf 82' lang='lat' dir='ltr'>tulerit,</span> 
     </span>
    </p>
   </div>
   <div class='ocr_carea' id='block_1_32' title="bbox 203 1472 1027 1511">
    <p class='ocr_par' dir='ltr' id='par_1_32' title="bbox 203 1472 1027 1511">
     <span class='ocr_line' id='line_1_32' title="bbox 203 1472 1027 1511; baseline -0.002 -9"><span class='ocrx_word' id='word_1_205' title='bbox 203 1477 304 1511; x_wconf 85' lang='lat' dir='ltr'>postea</span> <span class='ocrx_word' id='word_1_206' title='bbox 315 1475 469 1502; x_wconf 84' lang='lat' dir='ltr'>nuntietur</span> <span class='ocrx_word' id='word_1_207' title='bbox 480 1482 510 1502; x_wconf 84' lang='lat' dir='ltr'>se</span> <span class='ocrx_word' id='word_1_208' title='bbox 519 1474 721 1510; x_wconf 84' lang='lat' dir='ltr'>composuisse</span> <span class='ocrx_word' id='word_1_209' title='bbox 732 1473 761 1501; x_wconf 90' lang='lat' dir='ltr'>in</span> <span class='ocrx_word' id='word_1_210' title='bbox 775 1473 901 1501; x_wconf 85' lang='lat' dir='ltr'>amicum</span> <span class='ocrx_word' id='word_1_211' title='bbox 914 1472 1027 1500; x_wconf 77' lang='lat' dir='ltr'>fidelem</span> 
     </span>
    </p>
   </div>
   <div class='ocr_carea' id='block_1_33' title="bbox 204 1518 1028 1555">
    <p class='ocr_par' dir='ltr' id='par_1_33' title="bbox 204 1518 1028 1555">
     <span class='ocr_line' id='line_1_33' title="bbox 204 1518 1028 1555; baseline -0.002 -8"><span class='ocrx_word' id='word_1_212' title='bbox 204 1520 255 1555; x_wconf 90' lang='lat' dir='ltr'>qui</span> <span class='ocrx_word' id='word_1_213' title='bbox 274 1527 373 1554; x_wconf 86' lang='lat' dir='ltr'>pacem</span> <span class='ocrx_word' id='word_1_214' title='bbox 390 1521 557 1555; x_wconf 84' lang='lat' dir='ltr'>promoveat</span> <span class='ocrx_word' id='word_1_215' title='bbox 572 1521 600 1546; x_wconf 92' lang='lat' dir='ltr'>et</span> <span class='ocrx_word' id='word_1_216' title='bbox 622 1519 776 1554; x_wconf 82' lang='lat' dir='ltr'>paciﬁcum</span> <span class='ocrx_word' id='word_1_217' title='bbox 802 1527 833 1546; x_wconf 91' lang='lat' dir='ltr'>se</span> <span class='ocrx_word' id='word_1_218' title='bbox 857 1519 974 1546; x_wconf 87' lang='lat' dir='ltr'>dextere</span> <span class='ocrx_word' id='word_1_219' title='bbox 989 1518 1028 1545; x_wconf 91' lang='lat' dir='ltr'>si-</span> 
     </span>
    </p>
   </div>
   <div class='ocr_carea' id='block_1_34' title="bbox 206 1562 1029 1598">
    <p class='ocr_par' dir='ltr' id='par_1_34' title="bbox 206 1562 1029 1598">
     <span class='ocr_line' id='line_1_34' title="bbox 206 1562 1029 1598; baseline -0.002 -6"><span class='ocrx_word' id='word_1_220' title='bbox 206 1563 299 1592; x_wconf 88' lang='lat' dir='ltr'>mulet</span> <span class='ocrx_word' id='word_1_221' title='bbox 314 1572 321 1598; x_wconf 85' lang='lat'><strong>;</strong></span> <span class='ocrx_word' id='word_1_222' title='bbox 339 1564 390 1592; x_wconf 87' lang='lat' dir='ltr'>sed</span> <span class='ocrx_word' id='word_1_223' title='bbox 412 1563 574 1591; x_wconf 81' lang='lat' dir='ltr'>cavendum</span> <span class='ocrx_word' id='word_1_224' title='bbox 603 1566 649 1591; x_wconf 86' lang='lat' dir='ltr'>est</span> <span class='ocrx_word' id='word_1_225' title='bbox 674 1571 708 1591; x_wconf 89' lang='lat' dir='ltr'>ne</span> <span class='ocrx_word' id='word_1_226' title='bbox 735 1571 801 1590; x_wconf 89' lang='lat' dir='ltr'>cum</span> <span class='ocrx_word' id='word_1_227' title='bbox 836 1562 887 1590; x_wconf 79' lang='lat' dir='ltr'>tali</span> <span class='ocrx_word' id='word_1_228' title='bbox 911 1562 1029 1590; x_wconf 84' lang='lat' dir='ltr'>homine</span> 
     </span>
    </p>
   </div>
   <div class='ocr_carea' id='block_1_35' title="bbox 206 1606 1028 1644">
    <p class='ocr_par' dir='ltr' id='par_1_35' title="bbox 206 1606 1028 1644">
     <span class='ocr_line' id='line_1_35' title="bbox 206 1606 1028 1644; baseline -0.004 -7"><span class='ocrx_word' id='word_1_229' title='bbox 206 1609 301 1637; x_wconf 81' lang='lat' dir='ltr'>amica</span> <span class='ocrx_word' id='word_1_230' title='bbox 316 1608 439 1637; x_wconf 82' lang='lat' dir='ltr'>societas</span> <span class='ocrx_word' id='word_1_231' title='bbox 463 1607 588 1644; x_wconf 86' lang='lat' dir='ltr'>ineatur,</span> <span class='ocrx_word' id='word_1_232' title='bbox 613 1608 705 1636; x_wconf 86' lang='lat' dir='ltr'>donec</span> <span class='ocrx_word' id='word_1_233' title='bbox 725 1607 812 1640; x_wconf 71' lang='lat' dir='ltr'>(idem</span> <span class='ocrx_word' id='word_1_234' title='bbox 829 1607 857 1634; x_wconf 93' lang='lat' dir='ltr'>in</span> <span class='ocrx_word' id='word_1_235' title='bbox 874 1615 905 1634; x_wconf 89' lang='lat' dir='ltr'>se</span> <span class='ocrx_word' id='word_1_236' title='bbox 920 1606 1028 1642; x_wconf 83' lang='lat' dir='ltr'>fecerit,</span> 
     </span>
    </p>
   </div>
   <div class='ocr_carea' id='block_1_36' title="bbox 207 1651 1030 1688">
    <p class='ocr_par' dir='ltr' id='par_1_36' title="bbox 207 1651 1030 1688">
     <span class='ocr_line' id='line_1_36' title="bbox 207 1651 1030 1688; baseline -0.002 -8"><span class='ocrx_word' id='word_1_237' title='bbox 207 1661 318 1688; x_wconf 81' lang='lat' dir='ltr'>ponens</span> <span class='ocrx_word' id='word_1_238' title='bbox 334 1653 365 1680; x_wconf 85' lang='lat' dir='ltr'>in</span> <span class='ocrx_word' id='word_1_239' title='bbox 381 1652 477 1680; x_wconf 88' lang='lat' dir='ltr'>medio</span> <span class='ocrx_word' id='word_1_240' title='bbox 493 1653 597 1688; x_wconf 71' lang='lat' dir='ltr'>pignus</span> <span class='ocrx_word' id='word_1_241' title='bbox 612 1652 762 1686; x_wconf 88' lang='lat' dir='ltr'>idoneum,</span> <span class='ocrx_word' id='word_1_242' title='bbox 778 1660 829 1688; x_wconf 89' lang='lat' dir='ltr'>per</span> <span class='ocrx_word' id='word_1_243' title='bbox 853 1652 931 1688; x_wconf 91' lang='lat' dir='ltr'>quod</span> <span class='ocrx_word' id='word_1_244' title='bbox 956 1651 1030 1678; x_wconf 84' lang='lat' dir='ltr'>alter</span> 
     </span>
    </p>
   </div>
   <div class='ocr_carea' id='block_1_37' title="bbox 206 1697 1031 1734">
    <p class='ocr_par' dir='ltr' id='par_1_37' title="bbox 206 1697 1031 1734">
     <span class='ocr_line' id='line_1_37' title="bbox 206 1697 1031 1734; baseline -0.002 -8"><span class='ocrx_word' id='word_1_245' title='bbox 206 1706 274 1726; x_wconf 90' lang='lat' dir='ltr'>cum</span> <span class='ocrx_word' id='word_1_246' title='bbox 297 1698 387 1726; x_wconf 86' lang='lat' dir='ltr'>altero</span> <span class='ocrx_word' id='word_1_247' title='bbox 414 1698 620 1734; x_wconf 85' lang='lat' dir='ltr'>conjungatur,</span> <span class='ocrx_word' id='word_1_248' title='bbox 648 1707 679 1725; x_wconf 87' lang='lat' dir='ltr'>ac</span> <span class='ocrx_word' id='word_1_249' title='bbox 702 1699 759 1725; x_wconf 89' lang='lat' dir='ltr'>duo</span> <span class='ocrx_word' id='word_1_250' title='bbox 785 1698 909 1733; x_wconf 78' lang='lat' dir='ltr'>sejuncti</span> <span class='ocrx_word' id='word_1_251' title='bbox 931 1697 985 1725; x_wconf 91' lang='lat' dir='ltr'>viri</span> <span class='ocrx_word' id='word_1_252' title='bbox 1001 1697 1031 1725; x_wconf 88' lang='lat' dir='ltr'>in</span> 
     </span>
    </p>
   </div>
   <div class='ocr_carea' id='block_1_38' title="bbox 207 1741 1032 1778">
    <p class='ocr_par' dir='ltr' id='par_1_38' title="bbox 207 1741 1032 1778">
     <span class='ocr_line' id='line_1_38' title="bbox 207 1741 1032 1778; baseline -0.002 -8"><span class='ocrx_word' id='word_1_253' title='bbox 207 1742 345 1770; x_wconf 88' lang='lat' dir='ltr'>unionem</span> <span class='ocrx_word' id='word_1_254' title='bbox 358 1743 452 1770; x_wconf 85' lang='lat' dir='ltr'>sancti</span> <span class='ocrx_word' id='word_1_255' title='bbox 467 1743 593 1778; x_wconf 86' lang='lat' dir='ltr'>Spiritus</span> <span class='ocrx_word' id='word_1_256' title='bbox 605 1741 986 1778; x_wconf 73' lang='lat' dir='ltr'>ingrediantur.aliterjure</span> <span class='ocrx_word' id='word_1_257' title='bbox 998 1741 1032 1768; x_wconf 90' lang='lat' dir='ltr'>ti-</span> 
     </span>
    </p>
   </div>
   <div class='ocr_carea' id='block_1_39' title="bbox 207 1786 1032 1822">
    <p class='ocr_par' dir='ltr' id='par_1_39' title="bbox 207 1786 1032 1822">
     <span class='ocr_line' id='line_1_39' title="bbox 207 1786 1032 1822; baseline -0.001 -8"><span class='ocrx_word' id='word_1_258' title='bbox 207 1788 348 1815; x_wconf 87' lang='lat' dir='ltr'>mendum</span> <span class='ocrx_word' id='word_1_259' title='bbox 365 1787 403 1814; x_wconf 82' lang='lat' dir='ltr'>sit</span> <span class='ocrx_word' id='word_1_260' title='bbox 418 1795 453 1814; x_wconf 87' lang='lat' dir='ltr'>ne</span> <span class='ocrx_word' id='word_1_261' title='bbox 468 1787 638 1822; x_wconf 88' lang='lat' dir='ltr'>importuno</span> <span class='ocrx_word' id='word_1_262' title='bbox 655 1786 684 1813; x_wconf 87' lang='lat' dir='ltr'>in</span> <span class='ocrx_word' id='word_1_263' title='bbox 699 1794 869 1822; x_wconf 87' lang='lat' dir='ltr'>congressu,</span> <span class='ocrx_word' id='word_1_264' title='bbox 893 1786 942 1822; x_wconf 92' lang='lat' dir='ltr'>qui</span> <span class='ocrx_word' id='word_1_265' title='bbox 959 1787 1032 1813; x_wconf 90' lang='lat' dir='ltr'>ami-</span> 
     </span>
    </p>
   </div>
   <div class='ocr_carea' id='block_1_40' title="bbox 209 1830 1032 1866">
    <p class='ocr_par' dir='ltr' id='par_1_40' title="bbox 209 1830 1032 1866">
     <span class='ocr_line' id='line_1_40' title="bbox 209 1830 1032 1866; baseline -0.001 -8"><span class='ocrx_word' id='word_1_266' title='bbox 209 1831 310 1858; x_wconf 87' lang='lat' dir='ltr'>citiam</span> <span class='ocrx_word' id='word_1_267' title='bbox 336 1830 523 1866; x_wconf 83' lang='lat' dir='ltr'>respiscentis</span> <span class='ocrx_word' id='word_1_268' title='bbox 549 1838 629 1858; x_wconf 85' lang='lat' dir='ltr'>more</span> <span class='ocrx_word' id='word_1_269' title='bbox 653 1833 799 1866; x_wconf 85' lang='lat' dir='ltr'>precatur,</span> <span class='ocrx_word' id='word_1_270' title='bbox 823 1831 1032 1858; x_wconf 85' lang='lat' dir='ltr'>detrimentum</span> 
     </span>
    </p>
   </div>
   <div class='ocr_carea' id='block_1_41' title="bbox 208 1874 1033 1911">
    <p class='ocr_par' dir='ltr' id='par_1_41' title="bbox 208 1874 1033 1911">
     <span class='ocr_line' id='line_1_41' title="bbox 208 1874 1033 1911; baseline 0 -9"><span class='ocrx_word' id='word_1_271' title='bbox 208 1878 310 1903; x_wconf 84' lang='lat' dir='ltr'>contra</span> <span class='ocrx_word' id='word_1_272' title='bbox 325 1875 408 1908; x_wconf 77' lang='lat' dir='ltr'>ferat,</span> <span class='ocrx_word' id='word_1_273' title='bbox 425 1874 503 1910; x_wconf 86' lang='lat' dir='ltr'>quod</span> <span class='ocrx_word' id='word_1_274' title='bbox 519 1874 640 1902; x_wconf 88' lang='lat' dir='ltr'>minime</span> <span class='ocrx_word' id='word_1_275' title='bbox 664 1875 788 1911; x_wconf 84' lang='lat' dir='ltr'>patienti</span> <span class='ocrx_word' id='word_1_276' title='bbox 812 1874 930 1903; x_wconf 83' lang='lat' dir='ltr'>salubre</span> <span class='ocrx_word' id='word_1_277' title='bbox 954 1875 1033 1903; x_wconf 84' lang='lat' dir='ltr'>futu-</span> 
     </span>
    </p>
   </div>
   <div class='ocr_carea' id='block_1_42' title="bbox 209 1921 380 1946">
    <p class='ocr_par' dir='ltr' id='par_1_42' title="bbox 209 1921 380 1946">
     <span class='ocr_line' id='line_1_42' title="bbox 209 1921 380 1946; baseline 0 0"><span class='ocrx_word' id='word_1_278' title='bbox 209 1927 274 1946; x_wconf 89' lang='lat' dir='ltr'>rum</span> <span class='ocrx_word' id='word_1_279' title='bbox 292 1921 380 1946; x_wconf 87' lang='lat' dir='ltr'>esset.</span> 
     </span>
    </p>
   </div>
   <div class='ocr_carea' id='block_1_43' title="bbox 1045 1630 1067 1663">
    <p class='ocr_par' dir='ltr' id='par_1_43' title="bbox 1045 1630 1067 1663">
     <span class='ocr_line' id='line_1_43' title="bbox 1045 1630 1067 1663; baseline 0 0"><span class='ocrx_word' id='word_1_280' title='bbox 1045 1630 1067 1663; x_wconf 87' lang='lat' dir='ltr'>C</span> 
     </span>
    </p>
   </div>
   <div class='ocr_carea' id='block_1_44' title="bbox 246 1963 1034 2000">
    <p class='ocr_par' dir='ltr' id='par_1_44' title="bbox 246 1963 1034 2000">
     <span class='ocr_line' id='line_1_44' title="bbox 246 1963 1034 2000; baseline 0.003 -10"><span class='ocrx_word' id='word_1_281' title='bbox 246 1963 289 1990; x_wconf 87' lang='lat'>16.</span> <span class='ocrx_word' id='word_1_282' title='bbox 305 1963 387 1990; x_wconf 87' lang='lat' dir='ltr'>Idem</span> <span class='ocrx_word' id='word_1_283' title='bbox 403 1971 524 1999; x_wconf 84' lang='lat' dir='ltr'>prorsus</span> <span class='ocrx_word' id='word_1_284' title='bbox 539 1963 563 1991; x_wconf 89' lang='lat' dir='ltr'>is</span> <span class='ocrx_word' id='word_1_285' title='bbox 583 1963 786 1992; x_wconf 83' lang='lat' dir='ltr'>reformidabit</span> <span class='ocrx_word' id='word_1_286' title='bbox 807 1964 858 2000; x_wconf 88' lang='lat' dir='ltr'>qui</span> <span class='ocrx_word' id='word_1_287' title='bbox 882 1964 917 1992; x_wconf 83' lang='lat' dir='ltr'>ad</span> <span class='ocrx_word' id='word_1_288' title='bbox 933 1964 1034 1992; x_wconf 88' lang='lat' dir='ltr'>inimi-</span> 
     </span>
    </p>
   </div>
   <div class='ocr_carea' id='block_1_45' title="bbox 210 2008 1034 2046">
    <p class='ocr_par' dir='ltr' id='par_1_45' title="bbox 210 2008 1034 2046">
     <span class='ocr_line' id='line_1_45' title="bbox 210 2008 1034 2046; baseline 0.001 -10"><span class='ocrx_word' id='word_1_289' title='bbox 210 2016 277 2036; x_wconf 84' lang='lat' dir='ltr'>cum</span> <span class='ocrx_word' id='word_1_290' title='bbox 302 2008 456 2036; x_wconf 84' lang='lat' dir='ltr'>revertitur</span> <span class='ocrx_word' id='word_1_291' title='bbox 480 2017 535 2036; x_wconf 91' lang='lat' dir='ltr'>non</span> <span class='ocrx_word' id='word_1_292' title='bbox 561 2008 648 2044; x_wconf 88' lang='lat' dir='ltr'>plane</span> <span class='ocrx_word' id='word_1_293' title='bbox 679 2009 854 2045; x_wconf 89' lang='lat' dir='ltr'>simplicem,</span> <span class='ocrx_word' id='word_1_294' title='bbox 883 2010 934 2038; x_wconf 89' lang='lat' dir='ltr'>sed</span> <span class='ocrx_word' id='word_1_295' title='bbox 967 2009 1034 2046; x_wconf 86' lang='lat' dir='ltr'>plus</span> 
     </span>
    </p>
   </div>
   <div class='ocr_carea' id='block_1_46' title="bbox 210 2053 1034 2089">
    <p class='ocr_par' dir='ltr' id='par_1_46' title="bbox 210 2053 1034 2089">
     <span class='ocr_line' id='line_1_46' title="bbox 210 2053 1034 2089; baseline 0 -8"><span class='ocrx_word' id='word_1_296' title='bbox 210 2061 293 2089; x_wconf 61' lang='lat' dir='ltr'>aequo</span> <span class='ocrx_word' id='word_1_297' title='bbox 310 2053 460 2081; x_wconf 79' lang='lat' dir='ltr'>acerbum.</span> <span class='ocrx_word' id='word_1_298' title='bbox 476 2053 536 2084; x_wconf 86' lang='lat' dir='ltr'>Quo</span> <span class='ocrx_word' id='word_1_299' title='bbox 548 2053 627 2081; x_wconf 88' lang='lat' dir='ltr'>enim</span> <span class='ocrx_word' id='word_1_300' title='bbox 644 2053 787 2082; x_wconf 86' lang='lat' dir='ltr'>satisdato</span> <span class='ocrx_word' id='word_1_301' title='bbox 801 2054 906 2082; x_wconf 88' lang='lat' dir='ltr'>certior</span> <span class='ocrx_word' id='word_1_302' title='bbox 920 2054 958 2082; x_wconf 85' lang='lat' dir='ltr'>sit</span> <span class='ocrx_word' id='word_1_303' title='bbox 973 2055 1034 2089; x_wconf 85' lang='lat' dir='ltr'>qui,</span> 
     </span>
    </p>
   </div>
   <div class='ocr_carea' id='block_1_47' title="bbox 211 2098 1036 2135">
    <p class='ocr_par' dir='ltr' id='par_1_47' title="bbox 211 2098 1036 2135">
     <span class='ocr_line' id='line_1_47' title="bbox 211 2098 1036 2135; baseline 0 -9"><span class='ocrx_word' id='word_1_304' title='bbox 211 2102 330 2126; x_wconf 84' lang='lat' dir='ltr'>auctore</span> <span class='ocrx_word' id='word_1_305' title='bbox 339 2098 491 2132; x_wconf 88' lang='lat' dir='ltr'>Deo,tuam</span> <span class='ocrx_word' id='word_1_306' title='bbox 499 2099 605 2134; x_wconf 84' lang='lat' dir='ltr'>repetit</span> <span class='ocrx_word' id='word_1_307' title='bbox 616 2098 766 2127; x_wconf 84' lang='lat' dir='ltr'>studiosus</span> <span class='ocrx_word' id='word_1_308' title='bbox 775 2107 863 2134; x_wconf 88' lang='lat' dir='ltr'>quam</span> <span class='ocrx_word' id='word_1_309' title='bbox 873 2099 1036 2135; x_wconf 86' lang='lat' dir='ltr'>projecerat</span> 
     </span>
    </p>
   </div>
   <div class='ocr_carea' id='block_1_48' title="bbox 212 2142 1036 2178">
    <p class='ocr_par' dir='ltr' id='par_1_48' title="bbox 212 2142 1036 2178">
     <span class='ocr_line' id='line_1_48' title="bbox 212 2142 1036 2178; baseline 0 -8"><span class='ocrx_word' id='word_1_310' title='bbox 212 2142 382 2176; x_wconf 77' lang='lat' dir='ltr'>amicitiam,</span> <span class='ocrx_word' id='word_1_311' title='bbox 406 2143 467 2170; x_wconf 86' lang='lat' dir='ltr'>fore</span> <span class='ocrx_word' id='word_1_312' title='bbox 490 2146 521 2170; x_wconf 90' lang='lat' dir='ltr'>ut</span> <span class='ocrx_word' id='word_1_313' title='bbox 545 2143 607 2178; x_wconf 90' lang='lat' dir='ltr'>ipse</span> <span class='ocrx_word' id='word_1_314' title='bbox 632 2143 785 2171; x_wconf 86' lang='lat' dir='ltr'>conveniat</span> <span class='ocrx_word' id='word_1_315' title='bbox 809 2143 962 2171; x_wconf 87' lang='lat' dir='ltr'>inimicum</span> <span class='ocrx_word' id='word_1_316' title='bbox 978 2144 1036 2171; x_wconf 88' lang='lat' dir='ltr'>cito</span> 
     </span>
    </p>
   </div>
   <div class='ocr_carea' id='block_1_49' title="bbox 211 2186 1038 2224">
    <p class='ocr_par' dir='ltr' id='par_1_49' title="bbox 211 2186 1038 2224">
     <span class='ocr_line' id='line_1_49' title="bbox 211 2186 1038 2224; baseline 0.001 -10"><span class='ocrx_word' id='word_1_317' title='bbox 211 2186 451 2223; x_wconf 85' lang='lat' dir='ltr'>placabilem,qui</span> <span class='ocrx_word' id='word_1_318' title='bbox 464 2187 685 2222; x_wconf 85' lang='lat' dir='ltr'>resipiscentem</span> <span class='ocrx_word' id='word_1_319' title='bbox 698 2188 826 2215; x_wconf 86' lang='lat' dir='ltr'>amicum</span> <span class='ocrx_word' id='word_1_320' title='bbox 843 2188 1038 2224; x_wconf 83' lang='lat' dir='ltr'>amplectatur</span> 
     </span>
    </p>
   </div>
   <div class='ocr_carea' id='block_1_50' title="bbox 212 2232 1037 2265">
    <p class='ocr_par' dir='ltr' id='par_1_50' title="bbox 212 2232 1037 2265">
     <span class='ocr_line' id='line_1_50' title="bbox 212 2232 1037 2265; baseline 0.001 -6"><span class='ocrx_word' id='word_1_321' title='bbox 212 2234 240 2259; x_wconf 91' lang='lat' dir='ltr'>et</span> <span class='ocrx_word' id='word_1_322' title='bbox 253 2232 414 2265; x_wconf 84' lang='lat' dir='ltr'>osculetur,</span> <span class='ocrx_word' id='word_1_323' title='bbox 432 2240 488 2259; x_wconf 91' lang='lat' dir='ltr'>non</span> <span class='ocrx_word' id='word_1_324' title='bbox 504 2232 617 2259; x_wconf 87' lang='lat' dir='ltr'>occidat</span> <span class='ocrx_word' id='word_1_325' title='bbox 632 2234 661 2260; x_wconf 89' lang='lat' dir='ltr'>et</span> <span class='ocrx_word' id='word_1_326' title='bbox 679 2232 797 2260; x_wconf 86' lang='lat' dir='ltr'>devoret</span> <span class='ocrx_word' id='word_1_327' title='bbox 818 2233 924 2260; x_wconf 86' lang='lat' dir='ltr'>misere</span> <span class='ocrx_word' id='word_1_328' title='bbox 945 2233 1037 2260; x_wconf 87' lang='lat' dir='ltr'>truci-</span> 
     </span>
    </p>
   </div>
   <div class='ocr_carea' id='block_1_51' title="bbox 212 2276 1036 2313">
    <p class='ocr_par' dir='ltr' id='par_1_51' title="bbox 212 2276 1036 2313">
     <span class='ocr_line' id='line_1_51' title="bbox 212 2276 1036 2313; baseline 0.001 -10"><span class='ocrx_word' id='word_1_329' title='bbox 212 2276 313 2304; x_wconf 83' lang='lat' dir='ltr'>datum</span> <span class='ocrx_word' id='word_1_330' title='bbox 324 2276 338 2303; x_wconf 84' lang='lat'><strong>?</strong></span> <span class='ocrx_word' id='word_1_331' title='bbox 351 2276 478 2312; x_wconf 80' lang='lat' dir='ltr'>Contigit</span> <span class='ocrx_word' id='word_1_332' title='bbox 493 2276 522 2303; x_wconf 91' lang='lat' dir='ltr'>in</span> <span class='ocrx_word' id='word_1_333' title='bbox 539 2277 671 2312; x_wconf 86' lang='lat' dir='ltr'>exemplo</span> <span class='ocrx_word' id='word_1_334' title='bbox 693 2285 783 2312; x_wconf 83' lang='lat' dir='ltr'>supra</span> <span class='ocrx_word' id='word_1_335' title='bbox 806 2276 923 2305; x_wconf 86' lang='lat' dir='ltr'>laudato</span> <span class='ocrx_word' id='word_1_336' title='bbox 940 2280 971 2305; x_wconf 93' lang='lat' dir='ltr'>ut</span> <span class='ocrx_word' id='word_1_337' title='bbox 986 2277 1036 2313; x_wconf 88' lang='lat' dir='ltr'>qui</span> 
     </span>
    </p>
   </div>
   <div class='ocr_carea' id='block_1_52' title="bbox 213 2320 1038 2358">
    <p class='ocr_par' dir='ltr' id='par_1_52' title="bbox 213 2320 1038 2358">
     <span class='ocr_line' id='line_1_52' title="bbox 213 2320 1038 2358; baseline 0.002 -10"><span class='ocrx_word' id='word_1_338' title='bbox 213 2320 340 2348; x_wconf 87' lang='lat' dir='ltr'>reditum</span> <span class='ocrx_word' id='word_1_339' title='bbox 356 2320 385 2347; x_wconf 93' lang='lat' dir='ltr'>in</span> <span class='ocrx_word' id='word_1_340' title='bbox 402 2320 562 2349; x_wconf 85' lang='lat' dir='ltr'>amicitiam</span> <span class='ocrx_word' id='word_1_341' title='bbox 577 2320 760 2356; x_wconf 66' lang='lat' dir='ltr'>quaesivisset</span> <span class='ocrx_word' id='word_1_342' title='bbox 778 2321 916 2358; x_wconf 78' lang='lat' dir='ltr'>martyrio</span> <span class='ocrx_word' id='word_1_343' title='bbox 942 2322 1038 2350; x_wconf 82' lang='lat' dir='ltr'>salva-</span> 
     </span>
    </p>
   </div>
   <div class='ocr_carea' id='block_1_53' title="bbox 214 2364 1040 2402">
    <p class='ocr_par' dir='ltr' id='par_1_53' title="bbox 214 2364 1040 2402">
     <span class='ocr_line' id='line_1_53' title="bbox 214 2364 1040 2402; baseline 0.002 -10"><span class='ocrx_word' id='word_1_344' title='bbox 214 2367 304 2399; x_wconf 87' lang='lat' dir='ltr'>retur,</span> <span class='ocrx_word' id='word_1_345' title='bbox 321 2364 429 2400; x_wconf 89' lang='lat' dir='ltr'>quique</span> <span class='ocrx_word' id='word_1_346' title='bbox 446 2365 616 2392; x_wconf 86' lang='lat' dir='ltr'>redeuntem</span> <span class='ocrx_word' id='word_1_347' title='bbox 633 2367 785 2393; x_wconf 85' lang='lat' dir='ltr'>aversatus</span> <span class='ocrx_word' id='word_1_348' title='bbox 798 2370 874 2393; x_wconf 74' lang='lat' dir='ltr'>esset</span> <span class='ocrx_word' id='word_1_349' title='bbox 889 2375 940 2402; x_wconf 89' lang='lat' dir='ltr'>per</span> <span class='ocrx_word' id='word_1_350' title='bbox 955 2367 1040 2394; x_wconf 84' lang='lat' dir='ltr'>Sata-</span> 
     </span>
    </p>
   </div>
   <div class='ocr_carea' id='block_1_54' title="bbox 214 2407 1041 2445">
    <p class='ocr_par' dir='ltr' id='par_1_54' title="bbox 214 2407 1041 2445">
     <span class='ocr_line' id='line_1_54' title="bbox 214 2407 1041 2445; baseline 0.004 -9"><span class='ocrx_word' id='word_1_351' title='bbox 214 2417 283 2436; x_wconf 81' lang='lat' dir='ltr'>nam</span> <span class='ocrx_word' id='word_1_352' title='bbox 301 2407 418 2444; x_wconf 87' lang='lat' dir='ltr'>periret.</span> <span class='ocrx_word' id='word_1_353' title='bbox 433 2409 525 2445; x_wconf 82' lang='lat' dir='ltr'>Atque</span> <span class='ocrx_word' id='word_1_354' title='bbox 550 2417 666 2445; x_wconf 82' lang='lat' dir='ltr'>semper</span> <span class='ocrx_word' id='word_1_355' title='bbox 695 2410 796 2437; x_wconf 89' lang='lat' dir='ltr'>eodem</span> <span class='ocrx_word' id='word_1_356' title='bbox 824 2410 909 2438; x_wconf 89' lang='lat' dir='ltr'>modo</span> <span class='ocrx_word' id='word_1_357' title='bbox 938 2419 969 2439; x_wconf 86' lang='lat' dir='ltr'>se</span> <span class='ocrx_word' id='word_1_358' title='bbox 994 2419 1041 2439; x_wconf 89' lang='lat' dir='ltr'>res</span> 
     </span>
    </p>
   </div>
   <div class='ocr_carea' id='block_1_55' title="bbox 214 2452 1041 2492">
    <p class='ocr_par' dir='ltr' id='par_1_55' title="bbox 214 2452 1041 2492">
     <span class='ocr_line' id='line_1_55' title="bbox 214 2452 1041 2492; baseline 0.004 -11"><span class='ocrx_word' id='word_1_359' title='bbox 214 2452 313 2486; x_wconf 84' lang='lat' dir='ltr'>habet,</span> <span class='ocrx_word' id='word_1_360' title='bbox 331 2460 383 2480; x_wconf 88' lang='lat' dir='ltr'>nec</span> <span class='ocrx_word' id='word_1_361' title='bbox 408 2456 522 2489; x_wconf 87' lang='lat' dir='ltr'>oportet</span> <span class='ocrx_word' id='word_1_362' title='bbox 540 2454 687 2482; x_wconf 81' lang='lat' dir='ltr'>conﬁdere</span> <span class='ocrx_word' id='word_1_363' title='bbox 712 2462 765 2482; x_wconf 89' lang='lat' dir='ltr'>nos</span> <span class='ocrx_word' id='word_1_364' title='bbox 781 2454 822 2483; x_wconf 86' lang='lat' dir='ltr'>ita</span> <span class='ocrx_word' id='word_1_365' title='bbox 848 2455 984 2492; x_wconf 82' lang='lat' dir='ltr'>delapsos</span> <span class='ocrx_word' id='word_1_366' title='bbox 999 2456 1041 2484; x_wconf 87' lang='lat' dir='ltr'>ita</span> 
     </span>
    </p>
   </div>
   <div class='ocr_carea' id='block_1_56' title="bbox 215 2497 1041 2536">
    <p class='ocr_par' dir='ltr' id='par_1_56' title="bbox 215 2497 1041 2536">
     <span class='ocr_line' id='line_1_56' title="bbox 215 2497 1041 2536; baseline 0.005 -11"><span class='ocrx_word' id='word_1_367' title='bbox 215 2497 361 2526; x_wconf 81' lang='lat' dir='ltr'>salvatum</span> <span class='ocrx_word' id='word_1_368' title='bbox 383 2498 429 2525; x_wconf 90' lang='lat' dir='ltr'>iri.</span> <span class='ocrx_word' id='word_1_369' title='bbox 458 2498 591 2534; x_wconf 86' lang='lat' dir='ltr'>Namque</span> <span class='ocrx_word' id='word_1_370' title='bbox 617 2498 690 2526; x_wconf 90' lang='lat' dir='ltr'>illud</span> <span class='ocrx_word' id='word_1_371' title='bbox 713 2507 831 2535; x_wconf 85' lang='lat' dir='ltr'>perraro</span> <span class='ocrx_word' id='word_1_372' title='bbox 854 2500 959 2536; x_wconf 82' lang='lat' dir='ltr'>evenit,</span> <span class='ocrx_word' id='word_1_373' title='bbox 989 2509 1041 2529; x_wconf 87' lang='lat' dir='ltr'>nec</span> 
     </span>
    </p>
   </div>
   <div class='ocr_carea' id='block_1_57' title="bbox 217 2541 1041 2580">
    <p class='ocr_par' dir='ltr' id='par_1_57' title="bbox 217 2541 1041 2580">
     <span class='ocr_line' id='line_1_57' title="bbox 217 2541 1041 2580; baseline 0.004 -10"><span class='ocrx_word' id='word_1_374' title='bbox 217 2541 287 2570; x_wconf 90' lang='lat' dir='ltr'>alibi</span> <span class='ocrx_word' id='word_1_375' title='bbox 302 2542 359 2570; x_wconf 87' lang='lat' dir='ltr'>tale</span> <span class='ocrx_word' id='word_1_376' title='bbox 375 2543 535 2580; x_wconf 85' lang='lat' dir='ltr'>quidquam</span> <span class='ocrx_word' id='word_1_377' title='bbox 560 2544 734 2580; x_wconf 88' lang='lat' dir='ltr'>reperiatur.</span> <span class='ocrx_word' id='word_1_378' title='bbox 766 2544 873 2573; x_wconf 89' lang='lat' dir='ltr'>Omitto</span> <span class='ocrx_word' id='word_1_379' title='bbox 902 2545 996 2574; x_wconf 88' lang='lat' dir='ltr'>dicere</span> <span class='ocrx_word' id='word_1_380' title='bbox 1012 2546 1041 2573; x_wconf 88' lang='lat' dir='ltr'>id</span> 
     </span>
    </p>
   </div>
   <div class='ocr_carea' id='block_1_58' title="bbox 215 2587 1042 2627">
    <p class='ocr_par' dir='ltr' id='par_1_58' title="bbox 215 2587 1042 2627">
     <span class='ocr_line' id='line_1_58' title="bbox 215 2587 1042 2627; baseline 0.005 -12"><span class='ocrx_word' id='word_1_381' title='bbox 215 2587 389 2616; x_wconf 83' lang='lat' dir='ltr'>naturaliter</span> <span class='ocrx_word' id='word_1_382' title='bbox 403 2597 435 2616; x_wconf 87' lang='lat' dir='ltr'>ac</span> <span class='ocrx_word' id='word_1_383' title='bbox 449 2589 535 2626; x_wconf 85' lang='lat' dir='ltr'>vulgo</span> <span class='ocrx_word' id='word_1_384' title='bbox 551 2589 613 2617; x_wconf 84' lang='lat' dir='ltr'>ﬁeri</span> <span class='ocrx_word' id='word_1_385' title='bbox 627 2591 659 2617; x_wconf 91' lang='lat' dir='ltr'>ut</span> <span class='ocrx_word' id='word_1_386' title='bbox 670 2590 756 2617; x_wconf 87' lang='lat' dir='ltr'>ambo</span> <span class='ocrx_word' id='word_1_387' title='bbox 774 2598 829 2617; x_wconf 81' lang='lat' dir='ltr'>una</span> <span class='ocrx_word' id='word_1_388' title='bbox 845 2590 956 2627; x_wconf 73' lang='lat' dir='ltr'>delapsi</span> <span class='ocrx_word' id='word_1_389' title='bbox 982 2599 1042 2619; x_wconf 88' lang='lat' dir='ltr'>una</span> 
     </span>
    </p>
   </div>
   <div class='ocr_carea' id='block_1_59' title="bbox 214 2634 1043 2670">
    <p class='ocr_par' dir='ltr' id='par_1_59' title="bbox 214 2634 1043 2670">
     <span class='ocr_line' id='line_1_59' title="bbox 214 2634 1043 2670; baseline 0.004 -9"><span class='ocrx_word' id='word_1_390' title='bbox 214 2635 346 2669; x_wconf 86' lang='lat' dir='ltr'>pereant,</span> <span class='ocrx_word' id='word_1_391' title='bbox 363 2641 422 2669; x_wconf 84' lang='lat' dir='ltr'>qua</span> <span class='ocrx_word' id='word_1_392' title='bbox 436 2642 471 2662; x_wconf 87' lang='lat' dir='ltr'>ex</span> <span class='ocrx_word' id='word_1_393' title='bbox 486 2642 517 2662; x_wconf 91' lang='lat' dir='ltr'>re</span> <span class='ocrx_word' id='word_1_394' title='bbox 532 2634 630 2669; x_wconf 86' lang='lat' dir='ltr'>majus</span> <span class='ocrx_word' id='word_1_395' title='bbox 646 2634 759 2662; x_wconf 82' lang='lat' dir='ltr'>dzemon</span> <span class='ocrx_word' id='word_1_396' title='bbox 785 2635 926 2670; x_wconf 84' lang='lat' dir='ltr'>gaudium</span> <span class='ocrx_word' id='word_1_397' title='bbox 952 2636 1043 2664; x_wconf 81' lang='lat' dir='ltr'>susci-</span> 
     </span>
    </p>
   </div>
   <div class='ocr_carea' id='block_1_60' title="bbox 215 2678 291 2715">
    <p class='ocr_par' dir='ltr' id='par_1_60' title="bbox 215 2678 291 2715">
     <span class='ocr_line' id='line_1_60' title="bbox 215 2678 291 2715; baseline -0.013 -9"><span class='ocrx_word' id='word_1_398' title='bbox 215 2678 291 2715; x_wconf 83' lang='lat' dir='ltr'>piat.</span> 
     </span>
    </p>
   </div>
   <div class='ocr_carea' id='block_1_61' title="bbox 251 2722 1044 2762">
    <p class='ocr_par' dir='ltr' id='par_1_61' title="bbox 251 2722 1044 2762">
     <span class='ocr_line' id='line_1_61' title="bbox 251 2722 1044 2762; baseline 0.004 -11"><span class='ocrx_word' id='word_1_399' title='bbox 251 2722 295 2751; x_wconf 89' lang='lat'>17.</span> <span class='ocrx_word' id='word_1_400' title='bbox 328 2723 497 2752; x_wconf 85' lang='lat' dir='ltr'>Cavendum</span> <span class='ocrx_word' id='word_1_401' title='bbox 517 2725 562 2752; x_wconf 88' lang='lat' dir='ltr'>est</span> <span class='ocrx_word' id='word_1_402' title='bbox 593 2723 684 2760; x_wconf 88' lang='lat' dir='ltr'>igitur</span> <span class='ocrx_word' id='word_1_403' title='bbox 711 2723 741 2751; x_wconf 90' lang='lat' dir='ltr'>in</span> <span class='ocrx_word' id='word_1_404' title='bbox 766 2732 797 2752; x_wconf 90' lang='lat' dir='ltr'>re</span> <span class='ocrx_word' id='word_1_405' title='bbox 827 2725 878 2754; x_wconf 86' lang='lat' dir='ltr'>tali</span> <span class='ocrx_word' id='word_1_406' title='bbox 901 2728 930 2754; x_wconf 88' lang='lat' dir='ltr'>et</span> <span class='ocrx_word' id='word_1_407' title='bbox 955 2734 1044 2762; x_wconf 89' lang='lat' dir='ltr'>quam</span> 
     </span>
    </p>
   </div>
   <div class='ocr_carea' id='block_1_62' title="bbox 218 2767 1044 2799">
    <p class='ocr_par' dir='ltr' id='par_1_62' title="bbox 218 2767 1044 2799">
     <span class='ocr_line' id='line_1_62' title="bbox 218 2767 1044 2799; baseline 0.005 -4"><span class='ocrx_word' id='word_1_408' title='bbox 218 2767 346 2796; x_wconf 79' lang='lat' dir='ltr'>maxime</span> <span class='ocrx_word' id='word_1_409' title='bbox 360 2767 673 2798; x_wconf 85' lang='lat' dir='ltr'>attendendum.Multi</span> <span class='ocrx_word' id='word_1_410' title='bbox 688 2768 766 2797; x_wconf 88' lang='lat' dir='ltr'>enim</span> <span class='ocrx_word' id='word_1_411' title='bbox 782 2769 861 2799; x_wconf 85' lang='lat' dir='ltr'>mala</span> <span class='ocrx_word' id='word_1_412' title='bbox 873 2771 1044 2799; x_wconf 87' lang='lat' dir='ltr'>machinan-</span> 
     </span>
    </p>
   </div>
   <div class='ocr_carea' id='block_1_63' title="bbox 220 2812 1044 2852">
    <p class='ocr_par' dir='ltr' id='par_1_63' title="bbox 220 2812 1044 2852">
     <span class='ocr_line' id='line_1_63' title="bbox 220 2812 1044 2852; baseline 0.007 -12"><span class='ocrx_word' id='word_1_413' title='bbox 220 2814 280 2844; x_wconf 90' lang='lat' dir='ltr'>tur,</span> <span class='ocrx_word' id='word_1_414' title='bbox 297 2812 410 2842; x_wconf 87' lang='lat' dir='ltr'>scilicet</span> <span class='ocrx_word' id='word_1_415' title='bbox 424 2814 444 2841; x_wconf 88' lang='lat' dir='ltr'>ii</span> <span class='ocrx_word' id='word_1_416' title='bbox 461 2821 588 2850; x_wconf 88' lang='lat' dir='ltr'>quorum</span> <span class='ocrx_word' id='word_1_417' title='bbox 605 2813 641 2842; x_wconf 85' lang='lat' dir='ltr'>ad</span> <span class='ocrx_word' id='word_1_418' title='bbox 661 2815 767 2843; x_wconf 87' lang='lat' dir='ltr'>nutum</span> <span class='ocrx_word' id='word_1_419' title='bbox 782 2823 829 2844; x_wconf 85' lang='lat' dir='ltr'>res</span> <span class='ocrx_word' id='word_1_420' title='bbox 851 2824 908 2844; x_wconf 89' lang='lat' dir='ltr'>non</span> <span class='ocrx_word' id='word_1_421' title='bbox 929 2817 1044 2852; x_wconf 86' lang='lat' dir='ltr'>coeunt,</span> 
     </span>
    </p>
   </div>
   <div class='ocr_carea' id='block_1_64' title="bbox 222 2856 1047 2892">
    <p class='ocr_par' dir='ltr' id='par_1_64' title="bbox 222 2856 1047 2892">
     <span class='ocr_line' id='line_1_64' title="bbox 222 2856 1047 2892; baseline 0.008 -8"><span class='ocrx_word' id='word_1_422' title='bbox 222 2856 258 2884; x_wconf 76' lang='lat' dir='ltr'>de</span> <span class='ocrx_word' id='word_1_423' title='bbox 271 2857 379 2892; x_wconf 86' lang='lat' dir='ltr'>quibus</span> <span class='ocrx_word' id='word_1_424' title='bbox 395 2858 508 2888; x_wconf 86' lang='lat' dir='ltr'>dictum</span> <span class='ocrx_word' id='word_1_425' title='bbox 524 2859 569 2887; x_wconf 85' lang='lat' dir='ltr'>est</span> <span class='ocrx_word' id='word_1_426' title='bbox 587 2867 595 2889; x_wconf 82' lang='grc' dir='ltr'>ς</span> <span class='ocrx_word' id='word_1_427' title='bbox 612 2868 627 2884; x_wconf 82' lang='grc'><em>‹‹</em></span> <span class='ocrx_word' id='word_1_428' title='bbox 641 2858 706 2888; x_wconf 88' lang='lat' dir='ltr'>Non</span> <span class='ocrx_word' id='word_1_429' title='bbox 721 2861 812 2889; x_wconf 85' lang='lat' dir='ltr'>estut</span> <span class='ocrx_word' id='word_1_430' title='bbox 826 2861 974 2892; x_wconf 80' lang='lat' dir='ltr'>dormiant</span> <span class='ocrx_word' id='word_1_431' title='bbox 989 2861 1047 2891; x_wconf 81' lang='lat' dir='ltr'>nisi</span> 
     </span>
    </p>
   </div>
   <div class='ocr_carea' id='block_1_65' title="bbox 1086 295 1917 335">
    <p class='ocr_par' dir='ltr' id='par_1_65' title="bbox 1086 295 1917 335">
     <span class='ocr_line' id='line_1_65' title="bbox 1086 295 1917 335; baseline 0 -11"><span class='ocrx_word' id='word_1_432' title='bbox 1086 295 1157 324; x_wconf 70' lang='grc' dir='ltr'>οὕτω</span> <span class='ocrx_word' id='word_1_433' title='bbox 1186 296 1232 324; x_wconf 83' lang='grc' dir='ltr'>καὶ</span> <span class='ocrx_word' id='word_1_434' title='bbox 1260 295 1378 333; x_wconf 82' lang='grc' dir='ltr'>τοιούτῳ</span> <span class='ocrx_word' id='word_1_435' title='bbox 1405 296 1499 334; x_wconf 66' lang='grc' dir='ltr'>ἰχϐρῷ</span> <span class='ocrx_word' id='word_1_436' title='bbox 1535 297 1686 334; x_wconf 79' lang='grc' dir='ltr'>προσμίξαι</span> <span class='ocrx_word' id='word_1_437' title='bbox 1728 295 1771 327; x_wconf 76' lang='grc' dir='ltr'>εἷς</span> <span class='ocrx_word' id='word_1_438' title='bbox 1799 306 1917 335; x_wconf 70' lang='grc' dir='ltr'>πραγμα-</span> 
     </span>
    </p>
   </div>
   <div class='ocr_carea' id='block_1_66' title="bbox 1084 340 1917 380">
    <p class='ocr_par' dir='ltr' id='par_1_66' title="bbox 1084 340 1917 380">
     <span class='ocr_line' id='line_1_66' title="bbox 1084 340 1917 380; baseline 0.001 -12"><span class='ocrx_word' id='word_1_439' title='bbox 1084 351 1155 369; x_wconf 80' lang='grc' dir='ltr'>τιιαν</span> <span class='ocrx_word' id='word_1_440' title='bbox 1187 340 1280 380; x_wconf 75' lang='grc' dir='ltr'>φιλίας</span> <span class='ocrx_word' id='word_1_441' title='bbox 1301 345 1351 376; x_wconf 81' lang='grc' dir='ltr'>τῆς</span> <span class='ocrx_word' id='word_1_442' title='bbox 1376 341 1446 379; x_wconf 84' lang='grc' dir='ltr'>πρὸς</span> <span class='ocrx_word' id='word_1_443' title='bbox 1470 340 1614 379; x_wconf 79' lang='grc' dir='ltr'>ὀρθότητα,</span> <span class='ocrx_word' id='word_1_444' title='bbox 1634 341 1683 369; x_wconf 81' lang='grc' dir='ltr'>καὶ</span> <span class='ocrx_word' id='word_1_445' title='bbox 1713 341 1917 378; x_wconf 74' lang='grc' dir='ltr'>προερχόμενον</span> 
     </span>
    </p>
   </div>
   <div class='ocr_carea' id='block_1_67' title="bbox 1085 384 1919 425">
    <p class='ocr_par' dir='ltr' id='par_1_67' title="bbox 1085 384 1919 425">
     <span class='ocr_line' id='line_1_67' title="bbox 1085 384 1919 425; baseline 0 -12"><span class='ocrx_word' id='word_1_446' title='bbox 1085 384 1114 413; x_wconf 75' lang='grc' dir='ltr'>δὶ</span> <span class='ocrx_word' id='word_1_447' title='bbox 1129 386 1166 417; x_wconf 81' lang='grc' dir='ltr'>ὡς</span> <span class='ocrx_word' id='word_1_448' title='bbox 1181 387 1319 424; x_wconf 79' lang='grc' dir='ltr'>ἀγαπῆσαι</span> <span class='ocrx_word' id='word_1_449' title='bbox 1344 386 1452 425; x_wconf 77' lang='grc' dir='ltr'>φεύγειν</span> <span class='ocrx_word' id='word_1_450' title='bbox 1474 386 1539 414; x_wconf 84' lang='grc' dir='ltr'>ὡσεὶ</span> <span class='ocrx_word' id='word_1_451' title='bbox 1563 387 1608 414; x_wconf 78' lang='grc' dir='ltr'>καὶ</span> <span class='ocrx_word' id='word_1_452' title='bbox 1630 388 1700 425; x_wconf 78' lang='grc' dir='ltr'>πῦρ,</span> <span class='ocrx_word' id='word_1_453' title='bbox 1731 386 1748 413; x_wconf 80' lang='grc' dir='ltr'>’ὀ</span> <span class='ocrx_word' id='word_1_454' title='bbox 1770 385 1867 424; x_wconf 75' lang='grc' dir='ltr'>φλέγει</span> <span class='ocrx_word' id='word_1_455' title='bbox 1891 388 1919 414; x_wconf 67' lang='grc' dir='ltr'>τὰ</span> 
     </span>
    </p>
   </div>
   <div class='ocr_carea' id='block_1_68' title="bbox 1085 429 1916 468">
    <p class='ocr_par' dir='ltr' id='par_1_68' title="bbox 1085 429 1916 468">
     <span class='ocr_line' id='line_1_68' title="bbox 1085 429 1916 468; baseline 0.001 -11"><span class='ocrx_word' id='word_1_456' title='bbox 1085 429 1112 457; x_wconf 72' lang='grc' dir='ltr'>ἐν</span> <span class='ocrx_word' id='word_1_457' title='bbox 1141 429 1232 459; x_wconf 89' lang='grc' dir='ltr'>ποσίν.</span> <span class='ocrx_word' id='word_1_458' title='bbox 1261 431 1374 467; x_wconf 84' lang='grc' dir='ltr'>Ὅμοιον</span> <span class='ocrx_word' id='word_1_459' title='bbox 1397 431 1461 468; x_wconf 79' lang='grc' dir='ltr'>γὰρ,</span> <span class='ocrx_word' id='word_1_460' title='bbox 1483 431 1516 458; x_wconf 79' lang='grc' dir='ltr'>τά</span> <span class='ocrx_word' id='word_1_461' title='bbox 1539 441 1571 468; x_wconf 84' lang='grc' dir='ltr'>γε</span> <span class='ocrx_word' id='word_1_462' title='bbox 1594 429 1633 462; x_wconf 74' lang='grc' dir='ltr'>εἷς</span> <span class='ocrx_word' id='word_1_463' title='bbox 1657 430 1764 468; x_wconf 77' lang='grc' dir='ltr'>ψυχῆς</span> <span class='ocrx_word' id='word_1_464' title='bbox 1787 430 1916 468; x_wconf 70' lang='grc' dir='ltr'>τάραχον,</span> 
     </span>
    </p>
   </div>
   <div class='ocr_carea' id='block_1_69' title="bbox 1085 473 1915 514">
    <p class='ocr_par' dir='ltr' id='par_1_69' title="bbox 1085 473 1915 514">
     <span class='ocr_line' id='line_1_69' title="bbox 1085 473 1915 514; baseline -0.001 -12"><span class='ocrx_word' id='word_1_465' title='bbox 1085 474 1236 512; x_wconf 64' lang='grc' dir='ltr'>ἐπιτρέχειν</span> <span class='ocrx_word' id='word_1_466' title='bbox 1261 485 1290 502; x_wconf 89' lang='grc' dir='ltr'>τε</span> <span class='ocrx_word' id='word_1_467' title='bbox 1314 474 1476 514; x_wconf 78' lang='grc' dir='ltr'>ἀφυλάκτως</span> <span class='ocrx_word' id='word_1_468' title='bbox 1499 475 1649 514; x_wconf 79' lang='grc' dir='ltr'>πράγματι,</span> <span class='ocrx_word' id='word_1_469' title='bbox 1676 475 1693 502; x_wconf 84' lang='grc' dir='ltr'>ὃ</span> <span class='ocrx_word' id='word_1_470' title='bbox 1729 473 1805 512; x_wconf 68' lang='grc' dir='ltr'>μετὰ</span> <span class='ocrx_word' id='word_1_471' title='bbox 1827 477 1915 513; x_wconf 82' lang='grc' dir='ltr'>πεῖραν</span> 
     </span>
    </p>
   </div>
   <div class='ocr_carea' id='block_1_70' title="bbox 1084 519 1920 559">
    <p class='ocr_par' dir='ltr' id='par_1_70' title="bbox 1084 519 1920 559">
     <span class='ocr_line' id='line_1_70' title="bbox 1084 519 1920 559; baseline -0.001 -12"><span class='ocrx_word' id='word_1_472' title='bbox 1084 519 1260 556; x_wconf 80' lang='grc' dir='ltr'>πτοούμεθα,</span> <span class='ocrx_word' id='word_1_473' title='bbox 1299 519 1345 548; x_wconf 80' lang='grc' dir='ltr'>καὶ</span> <span class='ocrx_word' id='word_1_474' title='bbox 1389 520 1499 558; x_wconf 79' lang='grc' dir='ltr'>βλέπειν</span> <span class='ocrx_word' id='word_1_475' title='bbox 1542 519 1629 548; x_wconf 69' lang='grc' dir='ltr'>ἐκεῖνο</span> <span class='ocrx_word' id='word_1_476' title='bbox 1675 520 1848 559; x_wconf 78' lang='grc' dir='ltr'>προφθάνον</span> <span class='ocrx_word' id='word_1_477' title='bbox 1888 519 1920 550; x_wconf 80' lang='grc' dir='ltr'>εἷς</span> 
     </span>
    </p>
   </div>
   <div class='ocr_carea' id='block_1_71' title="bbox 1084 565 1171 600">
    <p class='ocr_par' dir='ltr' id='par_1_71' title="bbox 1084 565 1171 600">
     <span class='ocr_line' id='line_1_71' title="bbox 1084 565 1171 600; baseline 0.011 -1"><span class='ocrx_word' id='word_1_478' title='bbox 1084 565 1171 600; x_wconf 75' lang='grc' dir='ltr'>ἡμᾶς·</span> 
     </span>
    </p>
   </div>
   <div class='ocr_carea' id='block_1_72' title="bbox 1122 705 1918 745">
    <p class='ocr_par' dir='ltr' id='par_1_72' title="bbox 1122 705 1918 745">
     <span class='ocr_line' id='line_1_72' title="bbox 1122 705 1918 745; baseline -0.001 -11"><span class='ocrx_word' id='word_1_479' title='bbox 1122 705 1163 736; x_wconf 82' lang='grc' dir='ltr'>ιδ’.</span> <span class='ocrx_word' id='word_1_480' title='bbox 1180 708 1241 745; x_wconf 83' lang='grc' dir='ltr'>Χρὴ</span> <span class='ocrx_word' id='word_1_481' title='bbox 1258 705 1306 734; x_wconf 79' lang='grc' dir='ltr'>οὗν</span> <span class='ocrx_word' id='word_1_482' title='bbox 1322 705 1462 745; x_wconf 68' lang='grc' dir='ltr'>εὔχεσθαι,</span> <span class='ocrx_word' id='word_1_483' title='bbox 1479 707 1516 738; x_wconf 85' lang='grc' dir='ltr'>ὡς</span> <span class='ocrx_word' id='word_1_484' title='bbox 1531 705 1617 734; x_wconf 74' lang='grc' dir='ltr'>ἔοικεν</span> <span class='ocrx_word' id='word_1_485' title='bbox 1644 706 1670 735; x_wconf 70' lang='grc' dir='ltr'>ἐν</span> <span class='ocrx_word' id='word_1_486' title='bbox 1694 708 1764 737; x_wconf 84' lang='grc' dir='ltr'>τοῖς</span> <span class='ocrx_word' id='word_1_487' title='bbox 1790 705 1863 743; x_wconf 75' lang='grc' dir='ltr'>ἄρτι,</span> <span class='ocrx_word' id='word_1_488' title='bbox 1887 707 1918 743; x_wconf 80' lang='grc' dir='ltr'>μὴ</span> 
     </span>
    </p>
   </div>
   <div class='ocr_carea' id='block_1_73' title="bbox 1085 749 1919 790">
    <p class='ocr_par' dir='ltr' id='par_1_73' title="bbox 1085 749 1919 790">
     <span class='ocr_line' id='line_1_73' title="bbox 1085 749 1919 790; baseline -0.002 -11"><span class='ocrx_word' id='word_1_489' title='bbox 1085 751 1206 789; x_wconf 69' lang='grc' dir='ltr'>εὑρέσθαι</span> <span class='ocrx_word' id='word_1_490' title='bbox 1247 752 1310 789; x_wconf 86' lang='grc' dir='ltr'>ὑμῖν</span> <span class='ocrx_word' id='word_1_491' title='bbox 1349 752 1437 790; x_wconf 79' lang='grc' dir='ltr'>ἀρχὴν</span> <span class='ocrx_word' id='word_1_492' title='bbox 1478 753 1658 788; x_wconf 80' lang='grc' dir='ltr'>πεισματικοῦ</span> <span class='ocrx_word' id='word_1_493' title='bbox 1695 750 1816 788; x_wconf 79' lang='grc' dir='ltr'>μίσους·</span> <span class='ocrx_word' id='word_1_494' title='bbox 1853 750 1874 778; x_wconf 81' lang='grc' dir='ltr'>εἷ</span> <span class='ocrx_word' id='word_1_495' title='bbox 1897 749 1919 778; x_wconf 77' lang='grc' dir='ltr'>δὲ</span> 
     </span>
    </p>
   </div>
   <div class='ocr_carea' id='block_1_74' title="bbox 1083 794 1916 834">
    <p class='ocr_par' dir='ltr' id='par_1_74' title="bbox 1083 794 1916 834">
     <span class='ocr_line' id='line_1_74' title="bbox 1083 794 1916 834; baseline -0.004 -9"><span class='ocrx_word' id='word_1_496' title='bbox 1083 808 1123 828; x_wconf 78' lang='grc' dir='ltr'>τις</span> <span class='ocrx_word' id='word_1_497' title='bbox 1150 796 1262 834; x_wconf 74' lang='grc' dir='ltr'>ἐμπέσοι</span> <span class='ocrx_word' id='word_1_498' title='bbox 1291 798 1367 833; x_wconf 83' lang='grc' dir='ltr'>κακῷ</span> <span class='ocrx_word' id='word_1_499' title='bbox 1386 796 1515 832; x_wconf 80' lang='grc' dir='ltr'>τοιούτῳ,</span> <span class='ocrx_word' id='word_1_500' title='bbox 1545 795 1618 824; x_wconf 70' lang='grc' dir='ltr'>ἀλλὰ</span> <span class='ocrx_word' id='word_1_501' title='bbox 1639 796 1705 824; x_wconf 85' lang='grc' dir='ltr'>τότε</span> <span class='ocrx_word' id='word_1_502' title='bbox 1728 794 1916 831; x_wconf 72' lang='grc' dir='ltr'>κατακάμπτε-</span> 
     </span>
    </p>
   </div>
   <div class='ocr_carea' id='block_1_75' title="bbox 1085 840 1917 879">
    <p class='ocr_par' dir='ltr' id='par_1_75' title="bbox 1085 840 1917 879">
     <span class='ocr_line' id='line_1_75' title="bbox 1085 840 1917 879; baseline -0.001 -11"><span class='ocrx_word' id='word_1_503' title='bbox 1085 848 1144 874; x_wconf 84' lang='grc' dir='ltr'>σθαι</span> <span class='ocrx_word' id='word_1_504' title='bbox 1181 842 1226 868; x_wconf 84' lang='grc' dir='ltr'>καὶ</span> <span class='ocrx_word' id='word_1_505' title='bbox 1265 842 1356 879; x_wconf 71' lang='grc' dir='ltr'>ἡσυχῆ</span> <span class='ocrx_word' id='word_1_506' title='bbox 1397 841 1592 875; x_wconf 79' lang='grc' dir='ltr'>κατακλᾶσθαι,</span> <span class='ocrx_word' id='word_1_507' title='bbox 1631 840 1851 879; x_wconf 72' lang='grc' dir='ltr'>προσπίπτοντα</span> <span class='ocrx_word' id='word_1_508' title='bbox 1883 842 1917 876; x_wconf 75' lang='grc' dir='ltr'>τῷ</span> 
     </span>
    </p>
   </div>
   <div class='ocr_carea' id='block_1_76' title="bbox 1084 883 1914 924">
    <p class='ocr_par' dir='ltr' id='par_1_76' title="bbox 1084 883 1914 924">
     <span class='ocr_line' id='line_1_76' title="bbox 1084 883 1914 924; baseline -0.004 -10"><span class='ocrx_word' id='word_1_509' title='bbox 1084 888 1168 922; x_wconf 81' lang='grc' dir='ltr'>κοινῷ</span> <span class='ocrx_word' id='word_1_510' title='bbox 1197 886 1281 924; x_wconf 84' lang='grc' dir='ltr'>βυθῷ,</span> <span class='ocrx_word' id='word_1_511' title='bbox 1312 887 1389 921; x_wconf 80' lang='grc' dir='ltr'>Θεῷ,</span> <span class='ocrx_word' id='word_1_512' title='bbox 1418 885 1463 913; x_wconf 82' lang='grc' dir='ltr'>καὶ</span> <span class='ocrx_word' id='word_1_513' title='bbox 1492 885 1672 923; x_wconf 83' lang='grc' dir='ltr'>γουνούμενον</span> <span class='ocrx_word' id='word_1_514' title='bbox 1707 883 1914 919; x_wconf 67' lang='grc' dir='ltr'>συστέλλεσθαι,</span> 
     </span>
    </p>
   </div>
   <div class='ocr_carea' id='block_1_77' title="bbox 1084 928 1917 968">
    <p class='ocr_par' dir='ltr' id='par_1_77' title="bbox 1084 928 1917 968">
     <span class='ocr_line' id='line_1_77' title="bbox 1084 928 1917 968; baseline -0.004 -10"><span class='ocrx_word' id='word_1_515' title='bbox 1084 931 1128 958; x_wconf 77' lang='grc' dir='ltr'>καὶ</span> <span class='ocrx_word' id='word_1_516' title='bbox 1159 929 1319 958; x_wconf 77' lang='grc' dir='ltr'>ὑποπτεύειν</span> <span class='ocrx_word' id='word_1_517' title='bbox 1339 929 1385 957; x_wconf 81' lang='grc' dir='ltr'>τὸν</span> <span class='ocrx_word' id='word_1_518' title='bbox 1406 930 1581 968; x_wconf 66' lang='grc' dir='ltr'>κατάρξαντα,</span> <span class='ocrx_word' id='word_1_519' title='bbox 1613 931 1725 966; x_wconf 74' lang='grc' dir='ltr'>μήποτε</span> <span class='ocrx_word' id='word_1_520' title='bbox 1757 928 1855 966; x_wconf 86' lang='grc' dir='ltr'>καιρὸν</span> <span class='ocrx_word' id='word_1_521' title='bbox 1882 929 1917 956; x_wconf 76' lang='grc' dir='ltr'>εὗ-</span> 
     </span>
    </p>
   </div>
   <div class='ocr_carea' id='block_1_78' title="bbox 1084 974 1913 1013">
    <p class='ocr_par' dir='ltr' id='par_1_78' title="bbox 1084 974 1913 1013">
     <span class='ocr_line' id='line_1_78' title="bbox 1084 974 1913 1013; baseline -0.002 -11"><span class='ocrx_word' id='word_1_522' title='bbox 1084 976 1176 1013; x_wconf 82' lang='grc' dir='ltr'>ρηκὼς</span> <span class='ocrx_word' id='word_1_523' title='bbox 1190 974 1339 1012; x_wconf 76' lang='grc' dir='ltr'>ἀποπλήσῃ</span> <span class='ocrx_word' id='word_1_524' title='bbox 1366 975 1412 1002; x_wconf 83' lang='grc' dir='ltr'>τὸν</span> <span class='ocrx_word' id='word_1_525' title='bbox 1439 975 1524 1012; x_wconf 87' lang='grc' dir='ltr'>θυμὸν</span> <span class='ocrx_word' id='word_1_526' title='bbox 1551 974 1633 1002; x_wconf 76' lang='grc' dir='ltr'>αὐτοῦ</span> <span class='ocrx_word' id='word_1_527' title='bbox 1662 974 1688 1002; x_wconf 85' lang='grc' dir='ltr'>ἐν</span> <span class='ocrx_word' id='word_1_528' title='bbox 1717 976 1763 1010; x_wconf 81' lang='grc' dir='ltr'>τῷ</span> <span class='ocrx_word' id='word_1_529' title='bbox 1780 976 1913 1010; x_wconf 74' lang='grc' dir='ltr'>συντυχεῖν</span> 
     </span>
    </p>
   </div>
   <div class='ocr_carea' id='block_1_79' title="bbox 1084 1017 1914 1056">
    <p class='ocr_par' dir='ltr' id='par_1_79' title="bbox 1084 1017 1914 1056">
     <span class='ocr_line' id='line_1_79' title="bbox 1084 1017 1914 1056; baseline -0.005 -8"><span class='ocrx_word' id='word_1_530' title='bbox 1084 1021 1135 1048; x_wconf 80' lang='grc' dir='ltr'>ὑπὸ</span> <span class='ocrx_word' id='word_1_531' title='bbox 1149 1021 1251 1056; x_wconf 71' lang='grc' dir='ltr'>τουτῳὶ</span> <span class='ocrx_word' id='word_1_532' title='bbox 1274 1022 1313 1056; x_wconf 81' lang='grc' dir='ltr'>τῷ</span> <span class='ocrx_word' id='word_1_533' title='bbox 1340 1020 1506 1056; x_wconf 74' lang='grc' dir='ltr'>μισουμὲνῳ.</span> <span class='ocrx_word' id='word_1_534' title='bbox 1538 1019 1587 1046; x_wconf 78' lang='grc' dir='ltr'>Καὶ</span> <span class='ocrx_word' id='word_1_535' title='bbox 1606 1019 1699 1047; x_wconf 79' lang='grc' dir='ltr'>τοίνυν</span> <span class='ocrx_word' id='word_1_536' title='bbox 1716 1017 1867 1056; x_wconf 67' lang='grc' dir='ltr'>ποριστὶον</span> <span class='ocrx_word' id='word_1_537' title='bbox 1890 1017 1914 1045; x_wconf 81' lang='grc' dir='ltr'>ἐκ</span> 
     </span>
    </p>
   </div>
   <div class='ocr_carea' id='block_1_80' title="bbox 1081 1062 1912 1102">
    <p class='ocr_par' dir='ltr' id='par_1_80' title="bbox 1081 1062 1912 1102">
     <span class='ocr_line' id='line_1_80' title="bbox 1081 1062 1912 1102; baseline -0.004 -10"><span class='ocrx_word' id='word_1_538' title='bbox 1081 1067 1135 1092; x_wconf 77' lang='grc' dir='ltr'>τῶν</span> <span class='ocrx_word' id='word_1_539' title='bbox 1166 1064 1225 1102; x_wconf 80' lang='grc' dir='ltr'>ἄρτι</span> <span class='ocrx_word' id='word_1_540' title='bbox 1256 1063 1475 1101; x_wconf 69' lang='grc' dir='ltr'>ὶπεσκεμμὲνων,</span> <span class='ocrx_word' id='word_1_541' title='bbox 1507 1063 1549 1091; x_wconf 73' lang='grc' dir='ltr'>ὅτι</span> <span class='ocrx_word' id='word_1_542' title='bbox 1581 1066 1736 1102; x_wconf 71' lang='grc' dir='ltr'>περιαιρεῖν</span> <span class='ocrx_word' id='word_1_543' title='bbox 1771 1063 1821 1100; x_wconf 72' lang='grc' dir='ltr'>μὶν</span> <span class='ocrx_word' id='word_1_544' title='bbox 1847 1062 1912 1089; x_wconf 72' lang='grc' dir='ltr'>σκάν-</span> 
     </span>
    </p>
   </div>
   <div class='ocr_carea' id='block_1_81' title="bbox 1083 1106 1910 1148">
    <p class='ocr_par' dir='ltr' id='par_1_81' title="bbox 1083 1106 1910 1148">
     <span class='ocr_line' id='line_1_81' title="bbox 1083 1106 1910 1148; baseline -0.005 -11"><span class='ocrx_word' id='word_1_545' title='bbox 1083 1109 1153 1137; x_wconf 84' lang='grc' dir='ltr'>δαλα</span> <span class='ocrx_word' id='word_1_546' title='bbox 1176 1109 1361 1148; x_wconf 68' lang='grc' dir='ltr'>ἐχθροποιῶν,</span> <span class='ocrx_word' id='word_1_547' title='bbox 1385 1109 1430 1136; x_wconf 74' lang='grc' dir='ltr'>καὶ</span> <span class='ocrx_word' id='word_1_548' title='bbox 1454 1108 1689 1146; x_wconf 68' lang='grc' dir='ltr'>πραγματεύεσθαι</span> <span class='ocrx_word' id='word_1_549' title='bbox 1709 1107 1830 1144; x_wconf 73' lang='grc' dir='ltr'>εἰρήνην</span> <span class='ocrx_word' id='word_1_550' title='bbox 1860 1106 1910 1144; x_wconf 81' lang='grc' dir='ltr'>ἄρι-</span> 
     </span>
    </p>
   </div>
   <div class='ocr_carea' id='block_1_82' title="bbox 1084 1150 1909 1190">
    <p class='ocr_par' dir='ltr' id='par_1_82' title="bbox 1084 1150 1909 1190">
     <span class='ocr_line' id='line_1_82' title="bbox 1084 1150 1909 1190; baseline -0.006 -9"><span class='ocrx_word' id='word_1_551' title='bbox 1084 1153 1144 1181; x_wconf 85' lang='grc' dir='ltr'>στόν</span> <span class='ocrx_word' id='word_1_552' title='bbox 1174 1154 1229 1181; x_wconf 74' lang='grc' dir='ltr'>ἔστι</span> <span class='ocrx_word' id='word_1_553' title='bbox 1257 1154 1344 1188; x_wconf 80' lang='grc' dir='ltr'>πάντη</span> <span class='ocrx_word' id='word_1_554' title='bbox 1374 1153 1418 1180; x_wconf 82' lang='grc' dir='ltr'>καὶ</span> <span class='ocrx_word' id='word_1_555' title='bbox 1447 1153 1556 1184; x_wconf 71' lang='grc' dir='ltr'>πάντως</span> <span class='ocrx_word' id='word_1_556' title='bbox 1585 1152 1758 1190; x_wconf 69' lang='grc' dir='ltr'>ἀνθριιῖιποιτεγ</span> <span class='ocrx_word' id='word_1_557' title='bbox 1776 1151 1816 1189; x_wconf 80' lang='grc' dir='ltr'>μὴ</span> <span class='ocrx_word' id='word_1_558' title='bbox 1833 1150 1871 1177; x_wconf 81' lang='grc' dir='ltr'>ὅτι</span> <span class='ocrx_word' id='word_1_559' title='bbox 1886 1160 1909 1187; x_wconf 74' lang='grc' dir='ltr'>γε</span> 
     </span>
    </p>
   </div>
   <div class='ocr_carea' id='block_1_83' title="bbox 1083 1193 1908 1236">
    <p class='ocr_par' dir='ltr' id='par_1_83' title="bbox 1083 1193 1908 1236">
     <span class='ocr_line' id='line_1_83' title="bbox 1083 1193 1908 1236; baseline -0.006 -10"><span class='ocrx_word' id='word_1_560' title='bbox 1083 1200 1266 1236; x_wconf 83' lang='grc' dir='ltr'>Χριστιανοῖς,</span> <span class='ocrx_word' id='word_1_561' title='bbox 1306 1198 1342 1225; x_wconf 85' lang='grc' dir='ltr'>ὤν</span> <span class='ocrx_word' id='word_1_562' title='bbox 1368 1196 1430 1225; x_wconf 70' lang='grc' dir='ltr'>οὔτι</span> <span class='ocrx_word' id='word_1_563' title='bbox 1463 1195 1536 1235; x_wconf 80' lang='grc' dir='ltr'>δῶρα</span> <span class='ocrx_word' id='word_1_564' title='bbox 1561 1196 1668 1235; x_wconf 67' lang='grc' dir='ltr'>δέχεται</span> <span class='ocrx_word' id='word_1_565' title='bbox 1699 1197 1715 1224; x_wconf 84' lang='grc' dir='ltr'>ὁ</span> <span class='ocrx_word' id='word_1_566' title='bbox 1745 1196 1825 1231; x_wconf 73' lang='grc' dir='ltr'>Θεὸς,</span> <span class='ocrx_word' id='word_1_567' title='bbox 1855 1193 1908 1221; x_wconf 58' lang='grc' dir='ltr'>οὔτε</span> 
     </span>
    </p>
   </div>
   <div class='ocr_carea' id='block_1_84' title="bbox 1082 1241 1907 1281">
    <p class='ocr_par' dir='ltr' id='par_1_84' title="bbox 1082 1241 1907 1281">
     <span class='ocr_line' id='line_1_84' title="bbox 1082 1241 1907 1281; baseline -0.006 -11"><span class='ocrx_word' id='word_1_568' title='bbox 1082 1243 1235 1281; x_wconf 73' lang='grc' dir='ltr'>προσένεξιν</span> <span class='ocrx_word' id='word_1_569' title='bbox 1252 1242 1383 1280; x_wconf 76' lang='grc' dir='ltr'>ἓτεροίαν,</span> <span class='ocrx_word' id='word_1_570' title='bbox 1401 1242 1422 1269; x_wconf 78' lang='grc' dir='ltr'>εἶ</span> <span class='ocrx_word' id='word_1_571' title='bbox 1441 1242 1478 1278; x_wconf 81' lang='grc' dir='ltr'>μὴ</span> <span class='ocrx_word' id='word_1_572' title='bbox 1496 1242 1580 1273; x_wconf 72' lang='grc' dir='ltr'>οὕτως</span> <span class='ocrx_word' id='word_1_573' title='bbox 1602 1242 1790 1280; x_wconf 82' lang='grc' dir='ltr'>ἀγαπητικῶς</span> <span class='ocrx_word' id='word_1_574' title='bbox 1820 1241 1907 1267; x_wconf 76' lang='grc' dir='ltr'>ποιοῦ-</span> 
     </span>
    </p>
   </div>
   <div class='ocr_carea' id='block_1_85' title="bbox 1083 1286 1583 1324">
    <p class='ocr_par' dir='ltr' id='par_1_85' title="bbox 1083 1286 1583 1324">
     <span class='ocr_line' id='line_1_85' title="bbox 1083 1286 1583 1324; baseline -0.004 -9"><span class='ocrx_word' id='word_1_575' title='bbox 1083 1298 1135 1323; x_wconf 82' lang='grc' dir='ltr'>σιν,</span> <span class='ocrx_word' id='word_1_576' title='bbox 1152 1287 1224 1315; x_wconf 69' lang='grc' dir='ltr'>ἀλλὰ</span> <span class='ocrx_word' id='word_1_577' title='bbox 1238 1288 1282 1314; x_wconf 78' lang='grc' dir='ltr'>καὶ</span> <span class='ocrx_word' id='word_1_578' title='bbox 1297 1288 1379 1314; x_wconf 78' lang='grc' dir='ltr'>ἅπασι</span> <span class='ocrx_word' id='word_1_579' title='bbox 1393 1289 1450 1318; x_wconf 84' lang='grc' dir='ltr'>τοῖς</span> <span class='ocrx_word' id='word_1_580' title='bbox 1466 1286 1493 1314; x_wconf 82' lang='grc' dir='ltr'>ἐν</span> <span class='ocrx_word' id='word_1_581' title='bbox 1519 1286 1583 1324; x_wconf 87' lang='grc' dir='ltr'>βίῳ.</span> 
     </span>
    </p>
   </div>
   <div class='ocr_carea' id='block_1_86' title="bbox 1120 1336 1904 1378">
    <p class='ocr_par' dir='ltr' id='par_1_86' title="bbox 1120 1336 1904 1378">
     <span class='ocr_line' id='line_1_86' title="bbox 1120 1336 1904 1378; baseline -0.005 -10"><span class='ocrx_word' id='word_1_582' title='bbox 1120 1344 1158 1368; x_wconf 90' lang='grc' dir='ltr'>ιε’.</span> <span class='ocrx_word' id='word_1_583' title='bbox 1188 1341 1251 1369; x_wconf 70' lang='lat' dir='ltr'>“Ou</span> <span class='ocrx_word' id='word_1_584' title='bbox 1267 1339 1296 1368; x_wconf 68' lang='grc' dir='ltr'>δέ</span> <span class='ocrx_word' id='word_1_585' title='bbox 1310 1351 1351 1371; x_wconf 85' lang='grc' dir='ltr'>τις</span> <span class='ocrx_word' id='word_1_586' title='bbox 1367 1340 1436 1378; x_wconf 85' lang='grc' dir='ltr'>πρὸς</span> <span class='ocrx_word' id='word_1_587' title='bbox 1452 1338 1572 1367; x_wconf 68' lang='grc' dir='ltr'>ἔνστασιν</span> <span class='ocrx_word' id='word_1_588' title='bbox 1591 1339 1757 1376; x_wconf 80' lang='grc' dir='ltr'>μεμισηκὼς</span> <span class='ocrx_word' id='word_1_589' title='bbox 1779 1338 1824 1365; x_wconf 85' lang='grc' dir='ltr'>καὶ</span> <span class='ocrx_word' id='word_1_590' title='bbox 1841 1336 1904 1372; x_wconf 76' lang='grc' dir='ltr'>ἐπεξ-</span> 
     </span>
    </p>
   </div>
   <div class='ocr_carea' id='block_1_87' title="bbox 1084 1382 1906 1422">
    <p class='ocr_par' dir='ltr' id='par_1_87' title="bbox 1084 1382 1906 1422">
     <span class='ocr_line' id='line_1_87' title="bbox 1084 1382 1906 1422; baseline -0.004 -10"><span class='ocrx_word' id='word_1_591' title='bbox 1084 1385 1169 1417; x_wconf 85' lang='grc' dir='ltr'>ελθὼν</span> <span class='ocrx_word' id='word_1_592' title='bbox 1192 1385 1236 1412; x_wconf 81' lang='grc' dir='ltr'>καὶ</span> <span class='ocrx_word' id='word_1_593' title='bbox 1252 1384 1405 1422; x_wconf 70' lang='grc' dir='ltr'>ἐκφοϐήσας</span> <span class='ocrx_word' id='word_1_594' title='bbox 1424 1384 1469 1412; x_wconf 88' lang='grc' dir='ltr'>καὶ</span> <span class='ocrx_word' id='word_1_595' title='bbox 1496 1383 1602 1422; x_wconf 78' lang='grc' dir='ltr'>βλάψας</span> <span class='ocrx_word' id='word_1_596' title='bbox 1623 1383 1668 1411; x_wconf 76' lang='grc' dir='ltr'>καὶ</span> <span class='ocrx_word' id='word_1_597' title='bbox 1692 1382 1783 1420; x_wconf 73' lang='grc' dir='ltr'>μηδὲν</span> <span class='ocrx_word' id='word_1_598' title='bbox 1810 1393 1836 1409; x_wconf 85' lang='grc' dir='ltr'>τι</span> <span class='ocrx_word' id='word_1_599' title='bbox 1861 1392 1906 1417; x_wconf 84' lang='grc' dir='ltr'>μη-</span> 
     </span>
    </p>
   </div>
   <div class='ocr_carea' id='block_1_88' title="bbox 1085 1425 1906 1467">
    <p class='ocr_par' dir='ltr' id='par_1_88' title="bbox 1085 1425 1906 1467">
     <span class='ocr_line' id='line_1_88' title="bbox 1085 1425 1906 1467; baseline -0.006 -10"><span class='ocrx_word' id='word_1_600' title='bbox 1085 1429 1175 1460; x_wconf 85' lang='grc' dir='ltr'>δόλως</span> <span class='ocrx_word' id='word_1_601' title='bbox 1199 1428 1383 1466; x_wconf 76' lang='grc' dir='ltr'>ἐνδειξάμενος</span> <span class='ocrx_word' id='word_1_602' title='bbox 1413 1429 1519 1466; x_wconf 78' lang='grc' dir='ltr'>ἀγάπης</span> <span class='ocrx_word' id='word_1_603' title='bbox 1541 1429 1702 1467; x_wconf 84' lang='grc' dir='ltr'>τεκμήριον,</span> <span class='ocrx_word' id='word_1_604' title='bbox 1735 1429 1795 1455; x_wconf 73' lang='grc' dir='ltr'>εἶτα</span> <span class='ocrx_word' id='word_1_605' title='bbox 1819 1425 1906 1454; x_wconf 77' lang='grc' dir='ltr'>εἶκονῖ-</span> 
     </span>
    </p>
   </div>
   <div class='ocr_carea' id='block_1_89' title="bbox 1087 1470 1906 1512">
    <p class='ocr_par' dir='ltr' id='par_1_89' title="bbox 1087 1470 1906 1512">
     <span class='ocr_line' id='line_1_89' title="bbox 1087 1470 1906 1512; baseline -0.006 -10"><span class='ocrx_word' id='word_1_606' title='bbox 1087 1477 1139 1510; x_wconf 84' lang='grc' dir='ltr'>ζειν</span> <span class='ocrx_word' id='word_1_607' title='bbox 1177 1472 1372 1512; x_wconf 72' lang='grc' dir='ltr'>ἐπαγγέλλεται</span> <span class='ocrx_word' id='word_1_608' title='bbox 1405 1473 1485 1511; x_wconf 81' lang='grc' dir='ltr'>φίλον</span> <span class='ocrx_word' id='word_1_609' title='bbox 1513 1471 1626 1511; x_wconf 79' lang='grc' dir='ltr'>ἀκριϐῆ,</span> <span class='ocrx_word' id='word_1_610' title='bbox 1655 1473 1818 1510; x_wconf 81' lang='grc' dir='ltr'>προκεντῶν</span> <span class='ocrx_word' id='word_1_611' title='bbox 1843 1470 1906 1507; x_wconf 79' lang='grc' dir='ltr'>εἰρη-</span> 
     </span>
    </p>
   </div>
   <div class='ocr_carea' id='block_1_90' title="bbox 1084 1515 1906 1557">
    <p class='ocr_par' dir='ltr' id='par_1_90' title="bbox 1084 1515 1906 1557">
     <span class='ocr_line' id='line_1_90' title="bbox 1084 1515 1906 1557; baseline -0.006 -11"><span class='ocrx_word' id='word_1_612' title='bbox 1084 1521 1147 1546; x_wconf 86' lang='grc' dir='ltr'>ναῖά</span> <span class='ocrx_word' id='word_1_613' title='bbox 1171 1529 1232 1546; x_wconf 82' lang='grc' dir='ltr'>τινα</span> <span class='ocrx_word' id='word_1_614' title='bbox 1249 1517 1294 1545; x_wconf 74' lang='grc' dir='ltr'>καί</span> <span class='ocrx_word' id='word_1_615' title='bbox 1323 1520 1493 1557; x_wconf 77' lang='grc' dir='ltr'>σκιαγραιρῶν</span> <span class='ocrx_word' id='word_1_616' title='bbox 1526 1517 1630 1554; x_wconf 77' lang='grc' dir='ltr'>δεξιῶς,</span> <span class='ocrx_word' id='word_1_617' title='bbox 1655 1516 1720 1544; x_wconf 76' lang='grc' dir='ltr'>ἀλλ’</span> <span class='ocrx_word' id='word_1_618' title='bbox 1752 1515 1848 1551; x_wconf 78' lang='grc' dir='ltr'>ἐκείνῳ</span> <span class='ocrx_word' id='word_1_619' title='bbox 1873 1516 1906 1549; x_wconf 83' lang='grc' dir='ltr'>τῷ</span> 
     </span>
    </p>
   </div>
   <div class='ocr_carea' id='block_1_91' title="bbox 1086 1559 1904 1601">
    <p class='ocr_par' dir='ltr' id='par_1_91' title="bbox 1086 1559 1904 1601">
     <span class='ocr_line' id='line_1_91' title="bbox 1086 1559 1904 1601; baseline -0.005 -11"><span class='ocrx_word' id='word_1_620' title='bbox 1086 1564 1221 1601; x_wconf 82' lang='grc' dir='ltr'>ἀνθρώπῳ</span> <span class='ocrx_word' id='word_1_621' title='bbox 1261 1560 1426 1597; x_wconf 72' lang='grc' dir='ltr'>εὐλαϐητέον</span> <span class='ocrx_word' id='word_1_622' title='bbox 1463 1563 1500 1594; x_wconf 80' lang='grc' dir='ltr'>εἷς</span> <span class='ocrx_word' id='word_1_623' title='bbox 1540 1563 1637 1589; x_wconf 82' lang='grc' dir='ltr'>ταυτὸν</span> <span class='ocrx_word' id='word_1_624' title='bbox 1672 1561 1790 1598; x_wconf 80' lang='grc' dir='ltr'>ὁμιλίας</span> <span class='ocrx_word' id='word_1_625' title='bbox 1827 1559 1904 1590; x_wconf 70' lang='grc' dir='ltr'>ἐλθεῖν</span> 
     </span>
    </p>
   </div>
   <div class='ocr_carea' id='block_1_92' title="bbox 1086 1603 1907 1647">
    <p class='ocr_par' dir='ltr' id='par_1_92' title="bbox 1086 1603 1907 1647">
     <span class='ocr_line' id='line_1_92' title="bbox 1086 1603 1907 1647; baseline -0.006 -12"><span class='ocrx_word' id='word_1_626' title='bbox 1086 1608 1208 1647; x_wconf 76' lang='grc' dir='ltr'>φιλικῆς,</span> <span class='ocrx_word' id='word_1_627' title='bbox 1220 1606 1273 1638; x_wconf 61' lang='grc' dir='ltr'>ἕως</span> <span class='ocrx_word' id='word_1_628' title='bbox 1288 1607 1317 1634; x_wconf 70' lang='grc' dir='ltr'>ἂν</span> <span class='ocrx_word' id='word_1_629' title='bbox 1338 1607 1560 1644; x_wconf 83' lang='grc' dir='ltr'>τεκμηριώσηται</span> <span class='ocrx_word' id='word_1_630' title='bbox 1585 1605 1687 1634; x_wconf 86' lang='grc' dir='ltr'>κόλλαν</span> <span class='ocrx_word' id='word_1_631' title='bbox 1718 1606 1747 1633; x_wconf 78' lang='grc' dir='ltr'>ἐν</span> <span class='ocrx_word' id='word_1_632' title='bbox 1773 1607 1814 1641; x_wconf 83' lang='grc' dir='ltr'>τῷ</span> <span class='ocrx_word' id='word_1_633' title='bbox 1842 1603 1907 1640; x_wconf 74' lang='grc' dir='ltr'>μέσῳ</span> 
     </span>
    </p>
   </div>
   <div class='ocr_carea' id='block_1_93' title="bbox 1085 1648 1904 1689">
    <p class='ocr_par' dir='ltr' id='par_1_93' title="bbox 1085 1648 1904 1689">
     <span class='ocr_line' id='line_1_93' title="bbox 1085 1648 1904 1689; baseline -0.004 -9"><span class='ocrx_word' id='word_1_634' title='bbox 1085 1656 1218 1685; x_wconf 77' lang='grc' dir='ltr'>τεθεῖσθαι</span> <span class='ocrx_word' id='word_1_635' title='bbox 1244 1651 1399 1689; x_wconf 74' lang='grc' dir='ltr'>ἀξιόλογον,</span> <span class='ocrx_word' id='word_1_636' title='bbox 1421 1650 1457 1679; x_wconf 86' lang='grc' dir='ltr'>δι’</span> <span class='ocrx_word' id='word_1_637' title='bbox 1479 1653 1512 1686; x_wconf 74' lang='grc' dir='ltr'>ἧς</span> <span class='ocrx_word' id='word_1_638' title='bbox 1527 1650 1664 1686; x_wconf 71' lang='grc' dir='ltr'>ἀλλήλοις</span> <span class='ocrx_word' id='word_1_639' title='bbox 1692 1648 1904 1688; x_wconf 78' lang='grc' dir='ltr'>προσκολληθῆ-</span> 
     </span>
    </p>
   </div>
   <div class='ocr_carea' id='block_1_94' title="bbox 1087 1690 1903 1733">
    <p class='ocr_par' dir='ltr' id='par_1_94' title="bbox 1087 1690 1903 1733">
     <span class='ocr_line' id='line_1_94' title="bbox 1087 1690 1903 1733; baseline -0.006 -8"><span class='ocrx_word' id='word_1_640' title='bbox 1087 1708 1188 1732; x_wconf 82' lang='grc' dir='ltr'>σονται,</span> <span class='ocrx_word' id='word_1_641' title='bbox 1214 1697 1260 1724; x_wconf 87' lang='grc' dir='ltr'>καὶ</span> <span class='ocrx_word' id='word_1_642' title='bbox 1289 1697 1326 1727; x_wconf 72' lang='grc' dir='ltr'>εἷς</span> <span class='ocrx_word' id='word_1_643' title='bbox 1353 1697 1537 1733; x_wconf 73' lang='grc' dir='ltr'>πνευματικὴν</span> <span class='ocrx_word' id='word_1_644' title='bbox 1568 1697 1593 1723; x_wconf 78' lang='grc' dir='ltr'>οἱ</span> <span class='ocrx_word' id='word_1_645' title='bbox 1623 1695 1768 1726; x_wconf 78' lang='grc' dir='ltr'>διεστῶτες</span> <span class='ocrx_word' id='word_1_646' title='bbox 1798 1690 1903 1724; x_wconf 70' lang='grc' dir='ltr'>ἔλθωσιν</span> 
     </span>
    </p>
   </div>
   <div class='ocr_carea' id='block_1_95' title="bbox 1087 1736 1903 1778">
    <p class='ocr_par' dir='ltr' id='par_1_95' title="bbox 1087 1736 1903 1778">
     <span class='ocr_line' id='line_1_95' title="bbox 1087 1736 1903 1778; baseline -0.005 -10"><span class='ocrx_word' id='word_1_647' title='bbox 1087 1740 1192 1769; x_wconf 70' lang='grc' dir='ltr'>ἕνωσιν.</span> <span class='ocrx_word' id='word_1_648' title='bbox 1209 1742 1274 1772; x_wconf 72' lang='grc' dir='ltr'>Δέος</span> <span class='ocrx_word' id='word_1_649' title='bbox 1290 1742 1341 1778; x_wconf 73' lang='grc' dir='ltr'>γὰρ</span> <span class='ocrx_word' id='word_1_650' title='bbox 1358 1741 1408 1768; x_wconf 84' lang='grc' dir='ltr'>οὐκ</span> <span class='ocrx_word' id='word_1_651' title='bbox 1422 1740 1583 1778; x_wconf 76' lang='grc' dir='ltr'>ἀνέλλογον,</span> <span class='ocrx_word' id='word_1_652' title='bbox 1611 1741 1648 1777; x_wconf 82' lang='grc' dir='ltr'>μή</span> <span class='ocrx_word' id='word_1_653' title='bbox 1665 1750 1732 1767; x_wconf 88' lang='grc' dir='ltr'>ποτε</span> <span class='ocrx_word' id='word_1_654' title='bbox 1747 1741 1782 1777; x_wconf 78' lang='grc' dir='ltr'>τῇ</span> <span class='ocrx_word' id='word_1_655' title='bbox 1809 1736 1903 1774; x_wconf 73' lang='grc' dir='ltr'>ἀκαίρῳ</span> 
     </span>
    </p>
   </div>
   <div class='ocr_carea' id='block_1_96' title="bbox 1088 1781 1903 1823">
    <p class='ocr_par' dir='ltr' id='par_1_96' title="bbox 1088 1781 1903 1823">
     <span class='ocr_line' id='line_1_96' title="bbox 1088 1781 1903 1823; baseline -0.002 -10"><span class='ocrx_word' id='word_1_656' title='bbox 1088 1785 1239 1814; x_wconf 85' lang='grc' dir='ltr'>συνελεύσει</span> <span class='ocrx_word' id='word_1_657' title='bbox 1256 1786 1269 1813; x_wconf 90' lang='grc' dir='ltr'>ὁ</span> <span class='ocrx_word' id='word_1_658' title='bbox 1285 1785 1442 1823; x_wconf 86' lang='grc' dir='ltr'>προςελθὼν</span> <span class='ocrx_word' id='word_1_659' title='bbox 1466 1785 1557 1823; x_wconf 76' lang='grc' dir='ltr'>βλάψῃ</span> <span class='ocrx_word' id='word_1_660' title='bbox 1587 1784 1694 1821; x_wconf 83' lang='grc' dir='ltr'>μεθόδῳ</span> <span class='ocrx_word' id='word_1_661' title='bbox 1725 1783 1840 1819; x_wconf 78' lang='grc' dir='ltr'>ὑπούλῳ</span> <span class='ocrx_word' id='word_1_662' title='bbox 1866 1781 1903 1823; x_wconf 50' lang='lat' dir='ltr'>Ti“</span> 
     </span>
    </p>
   </div>
   <div class='ocr_carea' id='block_1_97' title="bbox 1087 1821 1901 1869">
    <p class='ocr_par' dir='ltr' id='par_1_97' title="bbox 1087 1821 1901 1869">
     <span class='ocr_line' id='line_1_97' title="bbox 1087 1821 1901 1869; baseline -0.005 -11"><span class='ocrx_word' id='word_1_663' title='bbox 1087 1829 1182 1869; x_wconf 70' lang='grc' dir='ltr'>ἄνδρα,</span> <span class='ocrx_word' id='word_1_664' title='bbox 1199 1830 1229 1858; x_wconf 85' lang='grc' dir='ltr'>οὗ</span> <span class='ocrx_word' id='word_1_665' title='bbox 1240 1831 1289 1865; x_wconf 80' lang='grc' dir='ltr'>τὴν</span> <span class='ocrx_word' id='word_1_666' title='bbox 1305 1821 1398 1869; x_wconf 58' lang='grc' dir='ltr'>φιλίαν</span> <span class='ocrx_word' id='word_1_667' title='bbox 1415 1821 1492 1865; x_wconf 79' lang='grc' dir='ltr'>ζητεῖ</span> <span class='ocrx_word' id='word_1_668' title='bbox 1504 1821 1710 1867; x_wconf 82' lang='grc' dir='ltr'>ἀνακαμπικῶς,</span> <span class='ocrx_word' id='word_1_669' title='bbox 1725 1829 1773 1857; x_wconf 83' lang='grc' dir='ltr'>καὶ</span> <span class='ocrx_word' id='word_1_670' title='bbox 1789 1830 1806 1863; x_wconf 84' lang='grc' dir='ltr'><strong>ἡ</strong></span> <span class='ocrx_word' id='word_1_671' title='bbox 1823 1821 1901 1865; x_wconf 69' lang='grc' dir='ltr'>βλάϐη</span> 
     </span>
    </p>
   </div>
   <div class='ocr_carea' id='block_1_98' title="bbox 1089 1874 1591 1912">
    <p class='ocr_par' dir='ltr' id='par_1_98' title="bbox 1089 1874 1591 1912">
     <span class='ocr_line' id='line_1_98' title="bbox 1089 1874 1591 1912; baseline 0 -9"><span class='ocrx_word' id='word_1_672' title='bbox 1089 1875 1163 1903; x_wconf 66' lang='grc' dir='ltr'>ἔσται</span> <span class='ocrx_word' id='word_1_673' title='bbox 1180 1875 1218 1906; x_wconf 84' lang='grc' dir='ltr'>εἷς</span> <span class='ocrx_word' id='word_1_674' title='bbox 1234 1874 1310 1902; x_wconf 60' lang='grc' dir='ltr'>οὐδὲν</span> <span class='ocrx_word' id='word_1_675' title='bbox 1328 1875 1401 1912; x_wconf 70' lang='grc' dir='ltr'>ὑγιὲς</span> <span class='ocrx_word' id='word_1_676' title='bbox 1415 1877 1454 1910; x_wconf 87' lang='grc' dir='ltr'>τῷ</span> <span class='ocrx_word' id='word_1_677' title='bbox 1470 1874 1591 1903; x_wconf 78' lang='grc' dir='ltr'>παθόντι.</span> 
     </span>
    </p>
   </div>
   <div class='ocr_carea' id='block_1_99' title="bbox 1127 1961 1902 2001">
    <p class='ocr_par' dir='ltr' id='par_1_99' title="bbox 1127 1961 1902 2001">
     <span class='ocr_line' id='line_1_99' title="bbox 1127 1961 1902 2001; baseline -0.006 -9"><span class='ocrx_word' id='word_1_678' title='bbox 1127 1966 1168 1997; x_wconf 86' lang='grc' dir='ltr'>ις’.</span> <span class='ocrx_word' id='word_1_679' title='bbox 1193 1964 1232 1992; x_wconf 79' lang='grc' dir='ltr'>Τὸ</span> <span class='ocrx_word' id='word_1_680' title='bbox 1248 1963 1277 1991; x_wconf 76' lang='grc' dir='ltr'>δὲ</span> <span class='ocrx_word' id='word_1_681' title='bbox 1292 1963 1388 2001; x_wconf 77' lang='grc' dir='ltr'>ὅμοιον</span> <span class='ocrx_word' id='word_1_682' title='bbox 1412 1965 1559 2000; x_wconf 77' lang='grc' dir='ltr'>πτοήοεται</span> <span class='ocrx_word' id='word_1_683' title='bbox 1583 1963 1691 1994; x_wconf 83' lang='grc' dir='ltr'>πάντως</span> <span class='ocrx_word' id='word_1_684' title='bbox 1717 1963 1763 1990; x_wconf 79' lang='grc' dir='ltr'>καὶ</span> <span class='ocrx_word' id='word_1_685' title='bbox 1789 1961 1803 1989; x_wconf 82' lang='grc' dir='ltr'><strong>ὁ</strong></span> <span class='ocrx_word' id='word_1_686' title='bbox 1829 1968 1902 1996; x_wconf 84' lang='grc' dir='ltr'>προσ-</span> 
     </span>
    </p>
   </div>
   <div class='ocr_carea' id='block_1_100' title="bbox 1090 2000 1903 2048">
    <p class='ocr_par' dir='ltr' id='par_1_100' title="bbox 1090 2000 1903 2048">
     <span class='ocr_line' id='line_1_100' title="bbox 1090 2000 1903 2048; baseline -0.007 -11"><span class='ocrx_word' id='word_1_687' title='bbox 1090 2009 1268 2048; x_wconf 81' lang='grc' dir='ltr'>ρυϊσκόμευος</span> <span class='ocrx_word' id='word_1_688' title='bbox 1284 2009 1385 2047; x_wconf 67' lang='grc' dir='ltr'>ἰχθρῷ,</span> <span class='ocrx_word' id='word_1_689' title='bbox 1403 2009 1433 2036; x_wconf 85' lang='grc' dir='ltr'>οὐ</span> <span class='ocrx_word' id='word_1_690' title='bbox 1448 2011 1488 2044; x_wconf 87' lang='grc' dir='ltr'>τῷ</span> <span class='ocrx_word' id='word_1_691' title='bbox 1504 2008 1599 2040; x_wconf 80' lang='grc' dir='ltr'>ἁπλῶς</span> <span class='ocrx_word' id='word_1_692' title='bbox 1617 2007 1642 2035; x_wconf 77' lang='grc' dir='ltr'>ἐν</span> <span class='ocrx_word' id='word_1_693' title='bbox 1671 2006 1818 2042; x_wconf 75' lang='grc' dir='ltr'>ἁπλότητι,</span> <span class='ocrx_word' id='word_1_694' title='bbox 1842 2000 1903 2048; x_wconf 62' lang='grc' dir='ltr'>ἀλήᾶ</span> 
     </span>
    </p>
   </div>
   <div class='ocr_carea' id='block_1_101' title="bbox 1089 2045 1902 2090">
    <p class='ocr_par' dir='ltr' id='par_1_101' title="bbox 1089 2045 1902 2090">
     <span class='ocr_line' id='line_1_101' title="bbox 1089 2045 1902 2090; baseline -0.004 -8"><span class='ocrx_word' id='word_1_695' title='bbox 1089 2045 1157 2090; x_wconf 72' lang='grc' dir='ltr'>πρὸς</span> <span class='ocrx_word' id='word_1_696' title='bbox 1179 2045 1415 2090; x_wconf 70' lang='grc' dir='ltr'>ὐπερϐιϐληκυῖαν</span> <span class='ocrx_word' id='word_1_697' title='bbox 1437 2052 1622 2090; x_wconf 82' lang='grc' dir='ltr'>σγληρότητα.</span> <span class='ocrx_word' id='word_1_698' title='bbox 1647 2052 1730 2080; x_wconf 79' lang='grc' dir='ltr'>Πόθεν</span> <span class='ocrx_word' id='word_1_699' title='bbox 1755 2051 1806 2089; x_wconf 85' lang='grc' dir='ltr'>γὰρ</span> <span class='ocrx_word' id='word_1_700' title='bbox 1829 2045 1902 2085; x_wconf 76' lang='grc' dir='ltr'>ἐγγύη</span> 
     </span>
    </p>
   </div>
   <div class='ocr_carea' id='block_1_102' title="bbox 1091 2089 1904 2136">
    <p class='ocr_par' dir='ltr' id='par_1_102' title="bbox 1091 2089 1904 2136">
     <span class='ocr_line' id='line_1_102' title="bbox 1091 2089 1904 2136; baseline -0.002 -10"><span class='ocrx_word' id='word_1_701' title='bbox 1091 2098 1245 2134; x_wconf 80' lang='grc' dir='ltr'>δοθήσεται,</span> <span class='ocrx_word' id='word_1_702' title='bbox 1260 2098 1298 2129; x_wconf 86' lang='grc' dir='ltr'>ὡς</span> <span class='ocrx_word' id='word_1_703' title='bbox 1319 2098 1333 2125; x_wconf 80' lang='grc' dir='ltr'>ὁ</span> <span class='ocrx_word' id='word_1_704' title='bbox 1356 2097 1425 2125; x_wconf 77' lang='grc' dir='ltr'>κατὰ</span> <span class='ocrx_word' id='word_1_705' title='bbox 1448 2089 1515 2124; x_wconf 80' lang='grc' dir='ltr'>Θεὸν</span> <span class='ocrx_word' id='word_1_706' title='bbox 1536 2096 1757 2136; x_wconf 72' lang='grc' dir='ltr'>φιλυπόστροφος</span> <span class='ocrx_word' id='word_1_707' title='bbox 1788 2094 1825 2124; x_wconf 81' lang='grc' dir='ltr'>εὶς</span> <span class='ocrx_word' id='word_1_708' title='bbox 1847 2089 1904 2136; x_wconf 63' lang='grc' dir='ltr'>ἀγάξ</span> 
     </span>
    </p>
   </div>
   <div class='ocr_carea' id='block_1_103' title="bbox 1090 2135 1902 2181">
    <p class='ocr_par' dir='ltr' id='par_1_103' title="bbox 1090 2135 1902 2181">
     <span class='ocr_line' id='line_1_103' title="bbox 1090 2135 1902 2181; baseline -0.007 -11"><span class='ocrx_word' id='word_1_709' title='bbox 1090 2154 1144 2179; x_wconf 86' lang='grc' dir='ltr'>πην</span> <span class='ocrx_word' id='word_1_710' title='bbox 1177 2143 1365 2181; x_wconf 75' lang='grc' dir='ltr'>ἀποιχομένην</span> <span class='ocrx_word' id='word_1_711' title='bbox 1407 2143 1529 2179; x_wconf 86' lang='grc' dir='ltr'>στρεπτῷ</span> <span class='ocrx_word' id='word_1_712' title='bbox 1562 2141 1661 2172; x_wconf 72' lang='grc' dir='ltr'>εὐθέως</span> <span class='ocrx_word' id='word_1_713' title='bbox 1702 2139 1845 2175; x_wconf 76' lang='grc' dir='ltr'>ἐντεύξεται</span> 
     </span>
    </p>
   </div>
   <div class='ocr_carea' id='block_1_104' title="bbox 1091 2179 1901 2226">
    <p class='ocr_par' dir='ltr' id='par_1_104' title="bbox 1091 2179 1901 2226">
     <span class='ocr_line' id='line_1_104' title="bbox 1091 2179 1901 2226; baseline -0.009 -11"><span class='ocrx_word' id='word_1_714' title='bbox 1091 2188 1183 2226; x_wconf 71' lang='grc' dir='ltr'>ἰχθρῷ</span> <span class='ocrx_word' id='word_1_715' title='bbox 1205 2179 1264 2215; x_wconf 43' lang='grc' dir='ltr'>καί</span> <span class='ocrx_word' id='word_1_716' title='bbox 1280 2186 1383 2224; x_wconf 67' lang='grc' dir='ltr'>ἑτοίμῳ</span> <span class='ocrx_word' id='word_1_717' title='bbox 1412 2186 1637 2224; x_wconf 71' lang='grc' dir='ltr'>ἑγκολπώσασθαι</span> <span class='ocrx_word' id='word_1_718' title='bbox 1674 2186 1718 2213; x_wconf 77' lang='grc' dir='ltr'>καὶ</span> <span class='ocrx_word' id='word_1_719' title='bbox 1749 2179 1901 2226; x_wconf 47' lang='grc' dir='ltr'>ἀσπάσασθαι</span> 
     </span>
    </p>
   </div>
   <div class='ocr_carea' id='block_1_105' title="bbox 1091 2222 1900 2269">
    <p class='ocr_par' dir='ltr' id='par_1_105' title="bbox 1091 2222 1900 2269">
     <span class='ocr_line' id='line_1_105' title="bbox 1091 2222 1900 2269; baseline -0.007 -9"><span class='ocrx_word' id='word_1_720' title='bbox 1091 2222 1354 2268; x_wconf 37' lang='grc' dir='ltr'>τον-ὄινακάμψαντα</span> <span class='ocrx_word' id='word_1_721' title='bbox 1370 2222 1471 2269; x_wconf 49' lang='grc' dir='ltr'>’φιλέω</span> <span class='ocrx_word' id='word_1_722' title='bbox 1497 2230 1527 2258; x_wconf 83' lang='grc' dir='ltr'>οὐ</span> <span class='ocrx_word' id='word_1_723' title='bbox 1555 2231 1609 2267; x_wconf 73' lang='grc' dir='ltr'>μὴν</span> <span class='ocrx_word' id='word_1_724' title='bbox 1637 2222 1900 2269; x_wconf 40' lang='grc' dir='ltr'>διαχειρίσασθαιηὼς</span> 
     </span>
    </p>
   </div>
   <div class='ocr_carea' id='block_1_106' title="bbox 1092 2268 1897 2315">
    <p class='ocr_par' dir='ltr' id='par_1_106' title="bbox 1092 2268 1897 2315">
     <span class='ocr_line' id='line_1_106' title="bbox 1092 2268 1897 2315; baseline -0.006 -10"><span class='ocrx_word' id='word_1_725' title='bbox 1092 2277 1136 2305; x_wconf 83' lang='grc' dir='ltr'>καὶ</span> <span class='ocrx_word' id='word_1_726' title='bbox 1163 2279 1325 2315; x_wconf 78' lang='grc' dir='ltr'>καταφαγεῖν</span> <span class='ocrx_word' id='word_1_727' title='bbox 1351 2275 1511 2312; x_wconf 81' lang='grc' dir='ltr'>ὲξολωλότα</span> <span class='ocrx_word' id='word_1_728' title='bbox 1533 2277 1644 2310; x_wconf 84' lang='grc' dir='ltr'>κακῶς;</span> <span class='ocrx_word' id='word_1_729' title='bbox 1673 2274 1712 2303; x_wconf 82' lang='grc' dir='ltr'>Οὐ</span> <span class='ocrx_word' id='word_1_730' title='bbox 1742 2273 1828 2309; x_wconf 83' lang='grc' dir='ltr'>δήπου</span> <span class='ocrx_word' id='word_1_731' title='bbox 1846 2268 1897 2315; x_wconf 52' lang='grc' dir='ltr'>γάρ,</span> 
     </span>
    </p>
   </div>
   <div class='ocr_carea' id='block_1_107' title="bbox 1093 2311 1900 2359">
    <p class='ocr_par' dir='ltr' id='par_1_107' title="bbox 1093 2311 1900 2359">
     <span class='ocr_line' id='line_1_107' title="bbox 1093 2311 1900 2359; baseline -0.005 -10"><span class='ocrx_word' id='word_1_732' title='bbox 1093 2323 1130 2353; x_wconf 83' lang='grc' dir='ltr'>ὡς</span> <span class='ocrx_word' id='word_1_733' title='bbox 1145 2321 1188 2349; x_wconf 73' lang='grc' dir='ltr'>ἐπὶ</span> <span class='ocrx_word' id='word_1_734' title='bbox 1206 2311 1255 2348; x_wconf 54' lang='grc' dir='ltr'>του</span> <span class='ocrx_word' id='word_1_735' title='bbox 1271 2311 1452 2359; x_wconf 68' lang='grc' dir='ltr'>προκειμένου</span> <span class='ocrx_word' id='word_1_736' title='bbox 1466 2320 1479 2347; x_wconf 77' lang='grc' dir='ltr'>ὁ</span> <span class='ocrx_word' id='word_1_737' title='bbox 1503 2320 1551 2357; x_wconf 77' lang='grc' dir='ltr'>μὲν</span> <span class='ocrx_word' id='word_1_738' title='bbox 1575 2320 1694 2355; x_wconf 86' lang='grc' dir='ltr'>ζητήσας</span> <span class='ocrx_word' id='word_1_739' title='bbox 1708 2316 1834 2346; x_wconf 83' lang='grc' dir='ltr'>ἐπάνοδον</span> <span class='ocrx_word' id='word_1_740' title='bbox 1848 2311 1900 2359; x_wconf 68' lang='grc' dir='ltr'>ᾅγά-</span> 
     </span>
    </p>
   </div>
   <div class='ocr_carea' id='block_1_108' title="bbox 1094 2358 1901 2403">
    <p class='ocr_par' dir='ltr' id='par_1_108' title="bbox 1094 2358 1901 2403">
     <span class='ocr_line' id='line_1_108' title="bbox 1094 2358 1901 2403; baseline -0.009 -9"><span class='ocrx_word' id='word_1_741' title='bbox 1094 2377 1148 2402; x_wconf 87' lang='grc' dir='ltr'>πης</span> <span class='ocrx_word' id='word_1_742' title='bbox 1164 2366 1252 2401; x_wconf 68' lang='grc' dir='ltr'>ἒσώθη</span> <span class='ocrx_word' id='word_1_743' title='bbox 1271 2358 1499 2403; x_wconf 63' lang='grc' dir='ltr'>μεμαρτυρηκὼς,</span> <span class='ocrx_word' id='word_1_744' title='bbox 1516 2365 1530 2392; x_wconf 82' lang='grc' dir='ltr'>ὁ</span> <span class='ocrx_word' id='word_1_745' title='bbox 1547 2363 1576 2392; x_wconf 72' lang='grc' dir='ltr'>δὲ</span> <span class='ocrx_word' id='word_1_746' title='bbox 1598 2363 1769 2398; x_wconf 77' lang='grc' dir='ltr'>δυσωπηθεὶς</span> <span class='ocrx_word' id='word_1_747' title='bbox 1792 2358 1901 2403; x_wconf 45' lang='lat' dir='ltr'>audiit?</span> 
     </span>
    </p>
   </div>
   <div class='ocr_carea' id='block_1_109' title="bbox 1095 2399 1901 2447">
    <p class='ocr_par' dir='ltr' id='par_1_109' title="bbox 1095 2399 1901 2447">
     <span class='ocr_line' id='line_1_109' title="bbox 1095 2399 1901 2447; baseline -0.005 -8"><span class='ocrx_word' id='word_1_748' title='bbox 1095 2413 1255 2447; x_wconf 77' lang='grc' dir='ltr'>σατανικῶς,</span> <span class='ocrx_word' id='word_1_749' title='bbox 1273 2410 1359 2441; x_wconf 69' lang='grc' dir='ltr'>οὕτως</span> <span class='ocrx_word' id='word_1_750' title='bbox 1375 2408 1448 2437; x_wconf 74' lang='grc' dir='ltr'>ἔσται</span> <span class='ocrx_word' id='word_1_751' title='bbox 1464 2409 1508 2437; x_wconf 89' lang='grc' dir='ltr'>καὶ</span> <span class='ocrx_word' id='word_1_752' title='bbox 1524 2409 1567 2437; x_wconf 79' lang='grc' dir='ltr'>ἐπὶ</span> <span class='ocrx_word' id='word_1_753' title='bbox 1582 2408 1689 2437; x_wconf 82' lang='grc' dir='ltr'>πάντων</span> <span class='ocrx_word' id='word_1_754' title='bbox 1713 2408 1836 2446; x_wconf 80' lang='grc' dir='ltr'>γίνεσθαι·</span> <span class='ocrx_word' id='word_1_755' title='bbox 1852 2399 1901 2430; x_wconf 57' lang='grc' dir='ltr'>οὐδὲ</span> 
     </span>
    </p>
   </div>
   <div class='ocr_carea' id='block_1_110' title="bbox 1095 2446 1901 2493">
    <p class='ocr_par' dir='ltr' id='par_1_110' title="bbox 1095 2446 1901 2493">
     <span class='ocr_line' id='line_1_110' title="bbox 1095 2446 1901 2493; baseline -0.004 -10"><span class='ocrx_word' id='word_1_756' title='bbox 1095 2455 1254 2493; x_wconf 71' lang='grc' dir='ltr'>Θαρῥητὲον,</span> <span class='ocrx_word' id='word_1_757' title='bbox 1270 2454 1308 2485; x_wconf 84' lang='grc' dir='ltr'>ὡς</span> <span class='ocrx_word' id='word_1_758' title='bbox 1323 2454 1429 2490; x_wconf 70' lang='grc' dir='ltr'>πάντες⁹</span> <span class='ocrx_word' id='word_1_759' title='bbox 1448 2453 1470 2482; x_wconf 74' lang='lat' dir='ltr'>ei</span> <span class='ocrx_word' id='word_1_760' title='bbox 1486 2453 1557 2481; x_wconf 70' lang='grc' dir='ltr'>οὕτω</span> <span class='ocrx_word' id='word_1_761' title='bbox 1573 2453 1737 2490; x_wconf 77' lang='grc' dir='ltr'>πεσούμεθα,</span> <span class='ocrx_word' id='word_1_762' title='bbox 1761 2446 1901 2485; x_wconf 68' lang='grc' dir='ltr'>σωθησόμε·</span> 
     </span>
    </p>
   </div>
   <div class='ocr_carea' id='block_1_111' title="bbox 1096 2492 1899 2537">
    <p class='ocr_par' dir='ltr' id='par_1_111' title="bbox 1096 2492 1899 2537">
     <span class='ocr_line' id='line_1_111' title="bbox 1096 2492 1899 2537; baseline -0.011 -9"><span class='ocrx_word' id='word_1_763' title='bbox 1096 2492 1137 2528; x_wconf 58' lang='grc' dir='ltr'>Θαξ</span> <span class='ocrx_word' id='word_1_764' title='bbox 1155 2501 1216 2528; x_wconf 81' lang='grc' dir='ltr'>Τῶν</span> <span class='ocrx_word' id='word_1_765' title='bbox 1231 2499 1282 2537; x_wconf 81' lang='grc' dir='ltr'>γὰρ</span> <span class='ocrx_word' id='word_1_766' title='bbox 1299 2499 1368 2527; x_wconf 88' lang='grc' dir='ltr'>πάνυ</span> <span class='ocrx_word' id='word_1_767' title='bbox 1384 2498 1502 2527; x_wconf 85' lang='grc' dir='ltr'>σπανίων</span> <span class='ocrx_word' id='word_1_768' title='bbox 1516 2498 1560 2526; x_wconf 76' lang='grc' dir='ltr'>καὶ</span> <span class='ocrx_word' id='word_1_769' title='bbox 1578 2497 1726 2537; x_wconf 80' lang='grc' dir='ltr'>ἀνευρέτων</span> <span class='ocrx_word' id='word_1_770' title='bbox 1742 2497 1825 2525; x_wconf 73' lang='grc' dir='ltr'>ἐκεῖνο</span> <span class='ocrx_word' id='word_1_771' title='bbox 1835 2492 1899 2520; x_wconf 83' lang='grc' dir='ltr'>ἐστιν’</span> 
     </span>
    </p>
   </div>
   <div class='ocr_carea' id='block_1_112' title="bbox 1097 2538 1902 2583">
    <p class='ocr_par' dir='ltr' id='par_1_112' title="bbox 1097 2538 1902 2583">
     <span class='ocr_line' id='line_1_112' title="bbox 1097 2538 1902 2583; baseline -0.001 -12"><span class='ocrx_word' id='word_1_772' title='bbox 1097 2544 1132 2572; x_wconf 74' lang='grc' dir='ltr'>ἐῶ</span> <span class='ocrx_word' id='word_1_773' title='bbox 1148 2543 1247 2582; x_wconf 69' lang='grc' dir='ltr'>λέγειν,</span> <span class='ocrx_word' id='word_1_774' title='bbox 1264 2544 1300 2575; x_wconf 88' lang='grc' dir='ltr'>ὡς</span> <span class='ocrx_word' id='word_1_775' title='bbox 1316 2543 1388 2576; x_wconf 84' lang='grc' dir='ltr'>εἰκός</span> <span class='ocrx_word' id='word_1_776' title='bbox 1402 2554 1468 2572; x_wconf 77' lang='grc' dir='ltr'>ποτε</span> <span class='ocrx_word' id='word_1_777' title='bbox 1483 2544 1528 2571; x_wconf 81' lang='grc' dir='ltr'>καὶ</span> <span class='ocrx_word' id='word_1_778' title='bbox 1544 2542 1715 2583; x_wconf 75' lang='grc' dir='ltr'>ἀμφοτέρους</span> <span class='ocrx_word' id='word_1_779' title='bbox 1739 2541 1778 2573; x_wconf 79' lang='grc' dir='ltr'>εἰς</span> <span class='ocrx_word' id='word_1_780' title='bbox 1800 2538 1823 2569; x_wconf 78' lang='grc' dir='ltr'>ἔν</span> <span class='ocrx_word' id='word_1_781' title='bbox 1849 2544 1902 2583; x_wconf 54' lang='grc' dir='ltr'>σςδμθ</span> 
     </span>
    </p>
   </div>
   <div class='ocr_carea' id='block_1_113' title="bbox 1097 2579 1900 2627">
    <p class='ocr_par' dir='ltr' id='par_1_113' title="bbox 1097 2579 1900 2627">
     <span class='ocr_line' id='line_1_113' title="bbox 1097 2579 1900 2627; baseline -0.015 -9"><span class='ocrx_word' id='word_1_782' title='bbox 1097 2589 1226 2621; x_wconf 85' lang='grc' dir='ltr'>πετόντας</span> <span class='ocrx_word' id='word_1_783' title='bbox 1240 2589 1402 2627; x_wconf 74' lang='grc' dir='ltr'>ἀπολέσθαι,</span> <span class='ocrx_word' id='word_1_784' title='bbox 1418 2590 1456 2622; x_wconf 87' lang='grc' dir='ltr'>ὡς</span> <span class='ocrx_word' id='word_1_785' title='bbox 1471 2579 1568 2618; x_wconf 81' lang='grc' dir='ltr'>πλεῖον</span> <span class='ocrx_word' id='word_1_786' title='bbox 1584 2579 1656 2617; x_wconf 73' lang='grc' dir='ltr'>οὕτῴ</span> <span class='ocrx_word' id='word_1_787' title='bbox 1670 2587 1791 2627; x_wconf 73' lang='grc' dir='ltr'>γενέσθαι</span> <span class='ocrx_word' id='word_1_788' title='bbox 1805 2584 1833 2613; x_wconf 81' lang='grc' dir='ltr'>τὸ</span> <span class='ocrx_word' id='word_1_789' title='bbox 1854 2579 1900 2608; x_wconf 85' lang='grc' dir='ltr'>δαι-</span> 
     </span>
    </p>
   </div>
   <div class='ocr_carea' id='block_1_114' title="bbox 1100 2634 1377 2674">
    <p class='ocr_par' dir='ltr' id='par_1_114' title="bbox 1100 2634 1377 2674">
     <span class='ocr_line' id='line_1_114' title="bbox 1100 2634 1377 2674; baseline 0.007 -12"><span class='ocrx_word' id='word_1_790' title='bbox 1100 2635 1211 2672; x_wconf 79' lang='grc' dir='ltr'>μονικὸν</span> <span class='ocrx_word' id='word_1_791' title='bbox 1225 2634 1377 2674; x_wconf 75' lang='grc' dir='ltr'>ἐπίχαρμα.</span> 
     </span>
    </p>
   </div>
   <div class='ocr_carea' id='block_1_115' title="bbox 1136 2710 1900 2761">
    <p class='ocr_par' dir='ltr' id='par_1_115' title="bbox 1136 2710 1900 2761">
     <span class='ocr_line' id='line_1_115' title="bbox 1136 2710 1900 2761; baseline -0.005 -7"><span class='ocrx_word' id='word_1_792' title='bbox 1136 2726 1177 2761; x_wconf 87' lang='grc' dir='ltr'>ιζ’.</span> <span class='ocrx_word' id='word_1_793' title='bbox 1222 2725 1326 2756; x_wconf 69' lang='grc' dir='ltr'>Οὐκοῦν</span> <span class='ocrx_word' id='word_1_794' title='bbox 1357 2723 1521 2761; x_wconf 73' lang='grc' dir='ltr'>εὐλαϐητέον</span> <span class='ocrx_word' id='word_1_795' title='bbox 1558 2723 1584 2752; x_wconf 82' lang='grc' dir='ltr'>ἐν</span> <span class='ocrx_word' id='word_1_796' title='bbox 1613 2726 1671 2755; x_wconf 87' lang='grc' dir='ltr'>τοῖς</span> <span class='ocrx_word' id='word_1_797' title='bbox 1705 2722 1843 2753; x_wconf 77' lang='grc' dir='ltr'>τοιούτοις,</span> <span class='ocrx_word' id='word_1_798' title='bbox 1866 2710 1900 2743; x_wconf 61' lang='grc' dir='ltr'>καὶ</span> 
     </span>
    </p>
   </div>
   <div class='ocr_carea' id='block_1_116' title="bbox 1099 2766 1901 2810">
    <p class='ocr_par' dir='ltr' id='par_1_116' title="bbox 1099 2766 1901 2810">
     <span class='ocr_line' id='line_1_116' title="bbox 1099 2766 1901 2810; baseline -0.005 -12"><span class='ocrx_word' id='word_1_799' title='bbox 1099 2771 1260 2810; x_wconf 74' lang='grc' dir='ltr'>προσεκτέον</span> <span class='ocrx_word' id='word_1_800' title='bbox 1278 2770 1319 2799; x_wconf 70' lang='grc' dir='ltr'>ὅτι</span> <span class='ocrx_word' id='word_1_801' title='bbox 1337 2771 1465 2808; x_wconf 83' lang='grc' dir='ltr'>μάλιστα.</span> <span class='ocrx_word' id='word_1_802' title='bbox 1491 2768 1598 2798; x_wconf 85' lang='grc' dir='ltr'>Πολλοὶ</span> <span class='ocrx_word' id='word_1_803' title='bbox 1620 2769 1670 2807; x_wconf 79' lang='grc' dir='ltr'>γὰρ</span> <span class='ocrx_word' id='word_1_804' title='bbox 1697 2779 1710 2795; x_wconf 86' lang='grc' dir='ltr'>κ</span> <span class='ocrx_word' id='word_1_805' title='bbox 1736 2766 1803 2796; x_wconf 75' lang='grc' dir='ltr'>κακὰ</span> <span class='ocrx_word' id='word_1_806' title='bbox 1825 2767 1901 2802; x_wconf 76' lang='grc' dir='ltr'>μηχα-</span> 
     </span>
    </p>
   </div>
   <div class='ocr_carea' id='block_1_117' title="bbox 1098 2809 1901 2849">
    <p class='ocr_par' dir='ltr' id='par_1_117' title="bbox 1098 2809 1901 2849">
     <span class='ocr_line' id='line_1_117' title="bbox 1098 2809 1901 2849; baseline -0.007 -5"><span class='ocrx_word' id='word_1_807' title='bbox 1098 2809 1199 2844; x_wconf 73' lang='grc' dir='ltr'>νῶνται</span> <span class='ocrx_word' id='word_1_808' title='bbox 1226 2827 1241 2843; x_wconf 90' lang='lat'>»</span> <span class='ocrx_word' id='word_1_809' title='bbox 1269 2816 1338 2844; x_wconf 79' lang='grc' dir='ltr'>κατὰ</span> <span class='ocrx_word' id='word_1_810' title='bbox 1360 2815 1406 2843; x_wconf 84' lang='grc' dir='ltr'>τὸν</span> <span class='ocrx_word' id='word_1_811' title='bbox 1423 2814 1509 2847; x_wconf 76' lang='grc' dir='ltr'>οὕτως</span> <span class='ocrx_word' id='word_1_812' title='bbox 1538 2813 1658 2849; x_wconf 74' lang='grc' dir='ltr'>εἰπόντα,</span> <span class='ocrx_word' id='word_1_813' title='bbox 1689 2814 1730 2845; x_wconf 80' lang='grc' dir='ltr'>οἷς</span> <span class='ocrx_word' id='word_1_814' title='bbox 1746 2812 1776 2841; x_wconf 84' lang='grc' dir='ltr'>οὐ</span> <span class='ocrx_word' id='word_1_815' title='bbox 1802 2809 1863 2839; x_wconf 79' lang='grc' dir='ltr'>πάνυ</span> <span class='ocrx_word' id='word_1_816' title='bbox 1880 2809 1901 2849; x_wconf 64' lang='grc' dir='ltr'>τξ</span> 
     </span>
    </p>
   </div>
   <div class='ocr_carea' id='block_1_118' title="bbox 1100 2844 1902 2900">
    <p class='ocr_par' dir='ltr' id='par_1_118' title="bbox 1100 2844 1902 2900">
     <span class='ocr_line' id='line_1_118' title="bbox 1100 2844 1902 2900; baseline -0.007 -10"><span class='ocrx_word' id='word_1_817' title='bbox 1100 2860 1317 2900; x_wconf 82' lang='grc' dir='ltr'>προσαρμόττειν</span> <span class='ocrx_word' id='word_1_818' title='bbox 1340 2859 1437 2898; x_wconf 70' lang='grc' dir='ltr'>ἐθέλει,</span> <span class='ocrx_word' id='word_1_819' title='bbox 1466 2844 1508 2888; x_wconf 31' lang='grc' dir='ltr'>τὸ.</span> <span class='ocrx_word' id='word_1_820' title='bbox 1529 2871 1543 2887; x_wconf 75' lang='grc' dir='ltr'>ι</span> <span class='ocrx_word' id='word_1_821' title='bbox 1571 2858 1610 2888; x_wconf 80' lang='grc' dir='ltr'>οὗ</span> <span class='ocrx_word' id='word_1_822' title='bbox 1640 2844 1678 2896; x_wconf 74' lang='grc' dir='ltr'>μὴ</span> <span class='ocrx_word' id='word_1_823' title='bbox 1707 2844 1864 2888; x_wconf 57' lang='lat' dir='ltr'>muscum,</span> <span class='ocrx_word' id='word_1_824' title='bbox 1884 2844 1902 2874; x_wconf 65' lang='grc' dir='ltr'>εί</span> 
     </span>
    </p>
   </div>
  </div>
