2021 3176
138 173 200 203 877

666 170 707 202 ΙΝ
729 170 763 202 S.
787 168 1134 207 QUADRAGESIMAM
1155 170 1302 203 ORATIO
1323 171 1350 203 l.

1786 174 1848 206 5'18

141 239 180 276 μὴ
207 237 448 274 κακοποιήσουσιν,
472 248 488 264 ››
510 235 584 265 ἀλλὰ
613 235 732 274 μᾶλλον,
749 236 788 268 ὡς
812 247 827 262 ‹‹
852 235 892 264 Οὐ
926 236 964 272 μὴ

1035 237 1176 266 nocuerint
1188 238 1210 272 ⁸,
1230 249 1240 263 ι
1254 237 1297 266 vel
1313 237 1431 274 potius:
1449 249 1464 265 «
1479 239 1541 268 Non
1556 241 1601 267 est
1629 241 1663 268 ut
1677 240 1774 268 vivant
1789 240 1848 270 nisi

140 283 273 318 ζήσωσιν,
289 282 311 310 εί
329 284 368 319 μὴ
385 281 569 322 φονεύσουσιν·
587 293 601 307 υ
613 281 627 308 ’ὁ
643 280 675 316 δὴ
694 279 812 317 μάλιστα
827 279 964 315 ἐζήλωσεν

140 328 155 356 ὁ
181 328 341 366 Σαπρίκιος.
367 328 442 356 Ἔστι
468 325 496 354 δὲ
520 325 701 359 ἀπείπασθαι,
727 325 770 352 καὶ
800 325 837 356 ὡς
864 323 920 352 οὐδ’
936 323 967 352 οὐ

143 374 183 410 μή
209 372 417 407 ἀναπνεύσωσιν,
448 371 471 399 el
502 372 539 408 μή
569 381 629 398 τινα
656 370 835 404 καταπίωσιν,
857 368 911 401 εἷ’θι
940 367 969 396 δὲ

143 417 183 454 μὴ
208 417 362 454 ἄνθρωπον,
379 415 451 444 ἀλλά
478 426 538 443 τινα
569 417 648 452 μυῖαν
680 413 814 452 δακνηρᾶν
842 414 869 441 αἱ
895 412 970 441 κυνό-

144 461 293 499 μυιαι’”ίνα
321 461 365 489 καὶ
382 460 420 492 εἲς
435 457 605 495 Βιελζεϐοὺλ
634 459 775 497 ἁνάγοιντο
803 459 846 486 καὶ
878 457 968 494 αὐτοὶ,

142 508 172 539 ὂς
203 507 254 535 ὑπὸ
281 509 336 535 τῶν
364 507 397 534 τὰ
421 509 478 539 θεῖα
508 508 599 545 σοφῶν
629 516 643 531 ι(
668 504 821 533 καταπίνων
853 506 933 542 μυῖαν
953 514 967 529 n

144 551 172 590 ἀρ
178 551 332 588 μηνιύιται.

183 597 229 632 ιη’.
255 595 324 624 Ἰδοὺ
348 596 438 624 τοίνυν
472 595 502 624 ἐκ
533 594 641 623 τοιοῦδε
675 596 776 634 φάκτου
805 596 848 622 καὶ
878 593 969 632 ἓτερον

143 643 235 670 τοῦτο.
263 639 378 678 Δὲνδρον
417 642 486 677 ἡμῖν
529 640 704 677 ἐντεθύμηται
747 639 908 673 ἀλλόκοτον,
939 639 970 666 οὗ

147 687 258 723 μνήμην
285 685 335 713 οὐκ
369 685 481 721 eomes
518 686 676 724 φθάσαντες,
701 685 766 722 ὅπερ
806 683 883 715 οἵους
922 683 970 720 μὲν

145 731 247 769 φθάσαν
279 728 356 767 ἕφερι
375 729 507 768 καρποὺς,
522 729 571 757 οὐκ
600 728 711 765 οἷ’δαμεν
740 726 847 767 ἀκριϐεῖ
872 729 969 767 γνώσει

144 772 360 811 παραλαϐόντες.
387 775 491 802 Ἐκεῖνο
523 773 552 801 δὲ
587 771 765 812 ἀκριϐέστατα
793 773 970 809 ἐπιστάμεθα,

145 819 198 853 ὅτι,
214 820 273 846 καθ’
289 819 317 846 ὃν
333 819 426 856 καιρὸν
442 817 557 855 ἔμελλεν
571 818 636 846 αὐτὸ
650 818 694 854 (ἦν
722 817 750 845 ’ὀὶ
773 818 787 845 ὁ
811 818 971 855 Σαπρίκιος)

146 863 285 901 ἆξαρτύσαι
321 865 388 891 Θεοῦ
411 864 546 901 τράπεζαν
576 862 621 890 διὰ
655 862 839 902 καρποφονίας
874 862 972 899 εὐγενε-

146 907 256 944 στάτης,
287 907 444 945 ἀπετμήθη,
467 908 504 939 ὡς
545 907 667 945 γενέσθαι
695 907 896 958 πυρίκαυστον
926 906 971 958 τεέν
990 925 1013 958 Β

145 953 196 991 γὰρ
226 952 337 990 φοίνικα
368 954 416 979 τοῦ
452 953 520 979 Θεοῦ
555 951 800 989 καταγευσάμινος,
831 950 872 978 ὅτι
904 949 974 987 μηδὲ

146 996 204 1034 εἶχε
219 996 276 1023 κατ’
291 995 392 1023 ἐκεῖνον
415 994 492 1033 λόγῳ
519 996 635 1033 φυσικῆς
664 994 774 1032 εὐφυΐας
803 993 905 1032 γλυκὺν
931 993 974 1032 ἐγ-

146 1038 275 1078 κέφαλον,
291 1039 433 1077 ἀπετάχθη
451 1039 489 1070 εἷς
503 1041 556 1077 πῦρ
576 1039 698 1068 αἰώνιον.

185 1128 227 1160 ιθ’.
244 1127 276 1156 Εἰ
293 1126 322 1155 δέ
348 1138 373 1155 τι
399 1128 455 1166 χρὴ
473 1128 535 1165 (οὐκ
562 1126 591 1155 ἃν
616 1126 645 1155 δί
670 1127 796 1159 ἀπεοικὸς
812 1127 867 1164 εῗίη)
880 1126 974 1155 δυάσαι

147 1173 197 1206 τὴν
226 1171 368 1210 δενδρικήν
410 1172 522 1209 Θεωρίαν
560 1171 672 1207 ταύτην,
697 1170 753 1200 ἔστι
783 1171 974 1208 διανοήσασθαι

148 1217 222 1252 ἡμᾶς
247 1216 360 1248 ἐνταῦθα
383 1216 432 1243 οὐκ
454 1216 619 1256 ἀπροσφυῶς
652 1216 698 1244 καὶ
727 1215 851 1254 δεύτερον
880 1217 976 1244 αὐτίκα

150 1259 260 1298 δένδρον
286 1259 509 1297 παράδοξον,τὸν
537 1261 612 1299 ἅγιον
641 1261 812 1300 Νικηφόρον,
829 1260 895 1298 ἄχρι
927 1262 973 1298 μὲν

148 1308 200 1339 τῆς
225 1304 345 1342 ἐκτομῆς
375 1307 423 1332 τοῦ
453 1305 567 1342 ἀχρείου
595 1305 645 1339 τήν
660 1304 770 1343 καρδίαν
788 1303 910 1342 δένδρου,
926 1307 975 1332 τοῦ

153 1347 333 1388 μισαδέλφου,
349 1349 394 1376 καὶ
419 1348 490 1376 οὕτω
511 1350 670 1384 (Δαυϊτικῶς
693 1348 816 1385 καλέσαι)
839 1349 976 1387 βαρυκαρ-

151 1392 223 1428 δίουΙ
239 1393 283 1420 οἷα
310 1393 354 1420 καὶ
379 1391 570 1431 ἀγαπήσαντος
597 1393 778 1431 ¹ματαιότητα,
808 1393 862 1431 οὐχ
888 1393 975 1424 οὕτως

150 1437 287 1476 ιριθηλὶς,
322 1436 385 1465 οὐδὶ
423 1439 479 1465 οἷον
514 1437 665 1476 μιγαλιίως
705 1437 908 1477 προφαίνεσθαι,
937 1438 975 1469 ὡς

150 1481 234 1520 λόγον
251 1481 293 1510 ἀπ’
307 1481 381 1518 αὐτῷ
407 1482 473 1509 εἶναι
495 1481 593 1510 πολύν.
607 1484 669 1510 ’Ότε
697 1483 789 1519 μέντοι
812 1484 861 1510 τοῦ
889 1481 976 1509 καλοῦ

149 1528 194 1554 καὶ
220 1528 323 1564 σαπροῦ
354 1526 379 1554 ἐν
409 1528 471 1564 χρῷ
497 1526 603 1565 γέγονιν
628 1527 646 1561 ἡ
662 1525 749 1562 ἀξίνη,
770 1527 891 1563 αὐθωρὸν
921 1528 975 1553 τῶν

153 1571 241 1608 ὑψὲων
257 1573 305 1598 τοῦ
329 1571 447 1609 οὐρανοῦ
470 1571 674 1609 παραψάμενον,
690 1571 735 1598 καὶ
762 1569 828 1606 ἄνθη
853 1568 977 1609 προϐαλ-

153 1615 284 1652 λόμενον,
312 1615 358 1643 καὶ
396 1618 620 1654 καρποφορῆσαν,
650 1615 687 1646 ὡς
712 1615 776 1646 Θεὸς
805 1615 907 1653 ἀγαπᾷ,
933 1615 977 1642 καὶ

155 1661 190 1696 τῇ
219 1658 322 1687 ἐκείνου
351 1659 505 1693 ἀπιλευσει,
533 1660 592 1691 καθ’
619 1660 652 1694 ἣν
697 1659 841 1696 ἀπετμήθη
875 1660 905 1687 ἐκ
931 1662 980 1687 τοῦ

156 1706 224 1732 Θεοῦ
250 1704 293 1731 καὶ
321 1706 369 1731 τοῦ
394 1704 452 1731 κατ’
471 1703 550 1731 αὐτὸν
571 1703 747 1741 παραδείσου,
763 1704 890 1743 ὶκφανθὲν
916 1704 980 1732 αὐτὸ

155 1748 194 1780 είς
210 1749 291 1788 φυτὸν
307 1750 374 1776 Θιοῦ
387 1748 540 1787 ἀξιόλογον,
551 1747 596 1776 ’ίνα
614 1759 673 1780 πως
688 1748 822 1781 κάνταῦθα
848 1750 866 1784 ἡ
893 1747 981 1777 ἄλλου

156 1793 246 1831 φθορὰ
259 1790 300 1828 εἴη
317 1791 406 1821 ἄλλου
421 1793 535 1832 γένεσις.

191 1882 225 1912 κ’.
242 1882 294 1911 Καὶ
316 1881 375 1909 ἰδοὺ
405 1880 453 1910 δύο
481 1883 549 1919 ἡμῖν
576 1880 636 1920 ἄρτι
669 1882 835 1921 ἀναπέφηνεν
869 1883 980 1921 ἱστορη-

159 1927 225 1963 μένα
254 1925 360 1964 δὲνδρα,
381 1927 517 1963 θαύματος
545 1926 590 1954 καί
619 1926 774 1962 ἐκπλήξεως
803 1926 871 1962 ἄξια*
888 1928 924 1955 ὧν
949 1929 980 1956 τὸ

160 1972 206 2009 μὶν
232 1970 339 2009 τάχιον,
355 1971 373 2006 ἢ
399 1971 530 2008 ἀναμῦσαί
555 1982 625 2008 τινα,
642 1972 656 1999 ’ὸ
682 1970 715 2006 δὴ
745 1971 864 2009 λέγεται,
889 1972 981 2005 αὐτοῖς

157 2018 281 2053 καρποῖς,
313 2017 355 2047 οἷς
379 2014 482 2054 ἔφερεν,
509 2016 545 2046 ὡς
569 2016 616 2053 μὶν
647 2015 740 2047 ἄλλως
768 2015 865 2049 εἲπεῖν,
889 2027 979 2056 τυφω-

157 2063 226 2098 νικῷ
252 2060 409 2097 ἐξέσπαοται
432 2060 565 2096 πνεύματι
593 2060 637 2087 καὶ
666 2060 808 2097 Ἀρπυίαις
837 2060 980 2096 ἐλήλαται,

158 2104 373 2143 προσφυὲστερον
403 2102 431 2130 δὲ
465 2105 556 2142 φάναι,
585 2103 763 2131 κατίσπασται
800 2103 839 2134 εἷς
880 2105 980 2142 φθορὰν

158 2150 280 2187 χάσματι
303 2151 364 2186 γῆς.
380 2148 416 2175 Τὸ
429 2147 458 2175 δὲ
482 2146 572 2186 ἕτερον
596 2147 729 2186 δεύτερον,
748 2147 784 2179 ὡς
810 2148 854 2175 οἷα
880 2149 925 2175 καὶ
954 2148 983 2176 ἐκ

160 2195 198 2230 μή
223 2191 299 2225 ὄντος
322 2193 444 2232 ἀναφυὲν,
469 2191 640 2231 ἐξεφάνηκαὶ
669 2191 884 2231 ἐπληροφορήθη
914 2194 981 2231 πρὸς

158 2238 204 2266 καὶ
234 2237 423 2273 ἐντελιστάτην
458 2235 541 2273 αὔξην
572 2238 616 2265 καὶ
655 2236 795 2275 κάρπωσιν
830 2238 981 2275 θιάρεστονυ

1023 281 1229 316 occiderint‘,s
1242 283 1332 318 (quod
1348 283 1377 311 in
1394 283 1498 319 primis
1508 284 1663 319 appetebat
1676 284 1848 321 Sapricius),

1023 325 1067 354 vel
1091 326 1180 354 etiam
1223 327 1338 355 acutius
1360 335 1366 354 :
1395 327 1456 356 Non
1486 330 1530 356 est
1555 330 1587 355 ut
1610 329 1765 364 respirent,
1792 329 1849 366 nisi

1024 370 1199 406 sanguinem
1215 371 1413 405 exhauserint,
1435 380 1494 400 non
1523 372 1588 400 dico
1604 372 1738 401 homines
1755 374 1851 402 homi-

1024 423 1103 448 nem,
1124 416 1174 444 sed
1205 416 1287 443 ricini
1318 424 1451 444 muscam
1481 417 1659 451 mordacem,
1685 418 1776 446 donec
1794 419 1851 454 ipsi

1025 459 1061 487 ad
1078 459 1250 488 Beelzebuth
1266 461 1474 496 perducantur,
1490 461 1575 497 cujus
1603 470 1709 489 nomen
1735 463 1852 498 signiﬁ-

1025 506 1081 541 cat,
1098 513 1250 535 sacrorum
1266 505 1417 535 doctorum
1433 505 1683 545 interpretatione,
1701 517 1712 531 ι
1729 506 1851 545 quimu-

1025 559 1092 579 scas
1105 553 1230 588 exsugit.
1243 564 1259 578 »

1061 596 1105 624 48.
1119 597 1190 624 Ecce
1206 597 1284 625 aliud
1307 597 1412 626 iisdem
1434 599 1595 635 praemissis
1609 602 1851 635 consentaneum,

1025 640 1166 668 Arborem
1182 642 1211 668 in
1228 643 1371 679 principio
1395 643 1575 679 singularem
1590 644 1853 673 animadvertimus

1027 685 1111 720 cujus
1129 686 1260 714 nondum
1271 687 1463 722 deposuimus
1481 688 1663 716 memoriam.
1679 688 1786 721 Quales
1803 698 1854 716 au-

1026 731 1085 757 tem
1102 729 1161 757 hec
1174 730 1262 758 arbor
1286 731 1398 766 priores
1425 731 1538 760 fructus
1559 732 1693 766 ediderit,
1709 733 1853 760 incertum

1027 776 1082 806 est,
1100 782 1152 801 nec
1169 775 1242 802 satis
1258 778 1359 802 exacta
1374 776 1540 811 cognitione
1556 777 1707 804 traditum.
1724 779 1761 804 At
1781 777 1853 805 illud

1028 818 1161 853 apprime
1191 819 1337 853 novimus,
1367 820 1500 847 eamdem
1521 821 1561 855 (id
1594 823 1639 848 est
1666 821 1852 857 Sepricium),

1028 871 1094 890 cum
1107 863 1170 898 jam
1187 863 1291 891 divinas
1317 872 1423 892 mensae
1451 865 1563 892 fructus
1588 873 1745 901 generosos
1770 866 1856 894 mini-

1028 910 1158 935 stratura
1173 910 1260 942 esset,
1277 916 1310 937 eo
1326 909 1455 936 excisam
1467 909 1557 938 fuisse
1573 912 1605 937 ut
1619 910 1686 946 igne
1702 911 1855 939 combure-

1029 953 1117 978 retur.
1136 951 1280 983 Quoniam
1297 953 1376 980 enim
1392 953 1498 981 collata
1513 962 1580 981 cum
1605 954 1702 990 palma
1719 955 1767 982 Dei
1796 964 1854 983 non

1028 995 1165 1031 habebat,
1182 998 1214 1023 ut
1230 997 1315 1032 quasi
1329 997 1363 1024 de
1379 1005 1517 1033 corporea
1528 1001 1633 1026 natura
1648 999 1761 1035 loquar,
1774 1008 1856 1035 atque

1030 1048 1150 1067 suavem
1166 1040 1266 1075 gustui
1283 1040 1453 1075 medullam,
1477 1043 1606 1077 seposita
1629 1046 1674 1071 est
1701 1043 1731 1070 iu
1756 1044 1854 1080 ignem

1029 1086 1183 1112 aeternum.

1067 1128 1109 1155 19.
1139 1129 1190 1156 Sin
1216 1131 1313 1157 autem
1343 1131 1473 1164 oporteat
1498 1130 1563 1166 (nec
1597 1131 1651 1159 abs
1695 1140 1726 1159 re
1755 1134 1854 1169 esset),

1029 1172 1135 1199 harum
1152 1172 1290 1200 arborum
1307 1173 1429 1201 alteram
1446 1174 1565 1208 intueri,
1589 1175 1616 1202 id
1631 1176 1857 1212 perspiciamus,

1030 1217 1108 1252 quod
1125 1225 1142 1244 a
1162 1217 1310 1252 praedictis
1341 1225 1399 1245 non
1428 1218 1575 1253 abhorret,
1606 1220 1797 1255 posteriorem
1825 1230 1859 1249 ex

1030 1260 1077 1288 his
1088 1260 1202 1288 duobus
1214 1260 1297 1289 miris
1313 1262 1477 1295 arboribus,
1499 1262 1528 1290 id
1554 1265 1598 1291 est
1621 1266 1757 1292 sanctum
1774 1265 1858 1293 Nice-

1030 1304 1167 1341 phorum,
1184 1313 1217 1332 eo
1232 1313 1327 1341 usque
1340 1306 1409 1333 dum
1422 1310 1604 1335 resecarelur
1614 1308 1665 1336 illa
1680 1309 1859 1345 prior,cujus

1030 1357 1080 1377 cor
1094 1349 1194 1377 sterile
1215 1352 1289 1383 erat,
1311 1350 1382 1386 quia
1407 1351 1512 1379 fratres
1540 1352 1650 1388 oderat,
1680 1356 1731 1382 aut
1760 1355 1858 1390 potius

1030 1402 1117 1430 grave
1132 1395 1194 1421 erat
1206 1395 1252 1428 (ut
1266 1394 1385 1423 Davidis
1400 1396 1488 1423 verba
1517 1398 1680 1433 usurpem),
1692 1399 1763 1434 quis.
1773 1399 1858 1426 vani-

1030 1440 1120 1466 tatem
1145 1438 1296 1474 diligebat,
1321 1447 1379 1468 non
1409 1440 1450 1468 ita
1478 1440 1599 1469 viridem
1625 1444 1676 1470 aut
1697 1442 1802 1471 elatam
1827 1452 1858 1472 se

1031 1482 1202 1518 prastitisse
1218 1485 1249 1510 ut
1260 1483 1371 1511 multus
1387 1484 1422 1511 de
1437 1492 1471 1512 ea
1491 1493 1587 1513 sermo
1616 1485 1782 1515 haberetur.
1808 1488 1859 1515 Po-

1031 1529 1094 1555 stea
1133 1535 1200 1554 vero
1225 1536 1292 1554 cum
1324 1529 1436 1556 securis
1476 1529 1609 1558 corticem
1649 1532 1859 1567 penetravisset

1035 1570 1158 1606 hujusce
1185 1571 1312 1606 pulchrae
1328 1580 1360 1599 ac
1380 1572 1502 1608 putrida:
1523 1574 1647 1608 arboris,
1677 1575 1859 1612 Nicephorus

993 1606 1016 1640 α
1035 1615 1111 1642 horse
1127 1617 1275 1643 momento
1288 1615 1369 1643 visus
1381 1606 1545 1646 estexcelsa
1559 1618 1624 1646 omli
1639 1606 1859 1655 tangere,ﬂores

1037 1659 1222 1695 profundere,
1244 1660 1415 1696 fructusque
1442 1662 1516 1689 ferre
1542 1663 1650 1698 quibus
1682 1664 1756 1692 Deus
1781 1665 1859 1693 dele-

1036 1705 1142 1731 ctatur.
1159 1703 1282 1739 Sapricii
1298 1705 1434 1739 recessio,
1447 1708 1565 1742 propter
1579 1716 1666 1743 quam
1680 1716 1714 1736 ex
1741 1709 1799 1737 Deo
1815 1712 1858 1737 at-

1036 1756 1094 1784 que
1107 1749 1171 1783 ejus
1187 1748 1324 1784 paradiso
1347 1752 1499 1786 exemptus
1528 1753 1584 1784 est,
1612 1760 1703 1780 causa
1730 1753 1786 1781 fuit
1809 1762 1860 1782 cur

1035 1792 1218 1828 Nieephorus
1233 1792 1365 1829 plantam
1388 1794 1444 1822 Deo
1457 1795 1616 1830 pretiosam
1645 1805 1676 1825 se
1700 1797 1858 1834 exhiberet,

1037 1837 1140 1873 sicque
1155 1845 1189 1864 ex
1205 1836 1292 1864 unius
1303 1837 1389 1865 exitio
1406 1838 1527 1867 alterius
1538 1840 1620 1868 salus
1635 1841 1770 1870 oriretur.

1070 1882 1116 1909 20.
1133 1882 1204 1909 Ecce
1219 1882 1277 1909 duo
1293 1881 1356 1910 ista:
1372 1883 1500 1917 arbores,
1522 1893 1595 1920 quas
1611 1886 1858 1921 memoravimus;

1035 1926 1229 1954 admiratione
1257 1928 1285 1955 et
1314 1930 1433 1963 stupore
1455 1928 1560 1965 dignas
1582 1930 1667 1959 nobis
1696 1939 1790 1967 nuper
1829 1940 1860 1960 se

1036 1971 1235 1999 ostenderunt.
1251 1971 1381 1999 Alteram
1408 1973 1496 2007 enim,
1519 1974 1689 2010 priusquam
1721 1976 1798 2012 quis,
1828 1979 1861 2004 ut

1037 2015 1129 2048 aiunt,
1152 2015 1320 2048 nictaretur,
1347 2016 1524 2052 typhonicus
1553 2021 1668 2053 ventus,
1692 2022 1724 2047 ut
1752 2023 1860 2049 temere

1036 2058 1150 2094 loquar,
1167 2058 1347 2094 exstirpavit,
1363 2067 1431 2088 cum
1462 2061 1605 2089 fructibus
1635 2071 1709 2098 quos
1738 2064 1859 2098 ferebat,

1036 2102 1225 2138 Harpyiaeque
1252 2102 1436 2131 abduxerunt
1460 2113 1467 2138 ;
1491 2104 1535 2132 vel
1566 2106 1673 2141 potius,
1717 2108 1750 2134 ut
1791 2115 1861 2135 con-

1038 2149 1174 2183 gruenter
1190 2147 1296 2179 dicam,
1313 2146 1444 2174 avulsam
1462 2150 1489 2176 et
1503 2149 1539 2176 ad
1552 2150 1711 2184 perniciem
1728 2155 1861 2179 ruentem

1037 2194 1114 2219 terra
1125 2190 1211 2218 hians
1223 2191 1385 2220 absorbuit.
1399 2191 1497 2220 Altera
1522 2196 1633 2227 autem,
1663 2195 1747 2230 quasi
1763 2204 1797 2222 ex
1811 2196 1862 2223 illa

1039 2236 1193 2263 demortua
1217 2235 1385 2271 prodiisset,
1413 2236 1511 2264 statim
1546 2239 1692 2273 apparuit,
1720 2239 1864 2275 implevit-

161 2283 226 2310 αὐτὸ
257 2283 304 2319 μὶν
336 2282 405 2320 πρὸς
433 2282 516 2310 αὐτοῦ
541 2283 589 2309 τοῦ
617 2283 683 2309 Θεοῦ
707 2282 751 2309 καὶ
778 2282 911 2321 προφανὲν
938 2293 971 2309 κα

1040 2281 1218 2317 quejustum
1235 2279 1460 2316 incrementum,
1477 2281 1604 2318 tulitque
1619 2283 1730 2316 fructus
1746 2284 1803 2312 Deo
1815 2285 1867 2319 ju-

161 2326 296 2364 θεοφιλῶς
311 2326 521 2366 τελεσφαρηθὲν,
538 2326 624 2354 ἐκεῖνο
649 2325 678 2353 δὲ
702 2325 747 2354 διὰ
771 2328 819 2354 τοῦ
847 2326 986 2365 παγκάκου

161 2370 298 2407 πολεμίου
326 2375 375 2406 τῆς
411 2371 580 2409 ἀνθρωπίνου
616 2370 720 2410 φύσεως
757 2369 911 2407 ἐξολωλός·
941 2370 987 2399 ’ίνα

161 2415 206 2442 καὶ
239 2414 268 2442 ιε
291 2415 393 2442 τούτων
421 2417 560 2452 μάθωμεν,
577 2416 620 2443 οἷα
652 2416 698 2453 μὲν
722 2416 736 2443 ὁ
757 2415 858 2454 Κύριος
886 2417 986 2453 θαυμα-

161 2461 283 2497 τουργεῖ,
297 2460 378 2486 ὁποῖα
401 2459 429 2487 δὲ
449 2461 463 2487 ὁ
479 2460 632 2496 ἀποστάτης
662 2459 760 2492 δοῦλος
790 2459 954 2500 ῥᾳδιουργεῖ,
972 2462 986 2489 ὁ

165 2502 270 2542 μηδένα
293 2502 381 2543 φιλῶν
402 2502 553 2542 ἄνθρωπον,
568 2505 616 2532 κᾶν
641 2505 666 2533 e’c
686 2505 731 2533 καὶ
757 2506 795 2537 εἰς
820 2505 984 2534 οἲκειότατον

163 2549 242 2578 αὐτὸν
265 2548 442 2588 ἐγγράφηται,
467 2548 540 2578 ἀλλᾶ
564 2550 628 2581 τοὺς
652 2549 735 2582 ὅλους
763 2550 863 2583 ἐθέλων
891 2562 988 2579 κοινω-

162 2594 224 2626 νοὺς
254 2593 328 2630 αὖτῷ
350 2593 471 2633 γενεσθαι
492 2597 542 2629 τῆς
566 2594 716 2631 κολάσεως,
736 2595 894 2627 ἀπεναντίας
923 2597 988 2624 πάν-

162 2649 217 2671 τως
232 2640 271 2675 τῷ
283 2637 382 2670 πάντας
398 2637 518 2666 ἐθέλοντι
534 2639 675 2674 σώζεσθαι.

197 2683 250 2713 κα’.
275 2683 393 2719 Οὐκοῦν,
418 2682 459 2721 ἐφ’
489 2684 530 2715 οἷς
559 2683 620 2720 ἄρτι
649 2685 747 2723 φαμὲν,
777 2685 987 2722 κομψευόμενος

165 2725 237 2757 sine;
261 2729 292 2757 ἄν
314 2738 367 2764 τις,
384 2727 432 2756 δύο
455 2727 568 2761 τούτους
592 2727 746 2765 ἀλήθοντας
773 2730 816 2761 οἷς
841 2728 919 2768 ἔζων,
943 2731 988 2760 καὶ

201 2837 213 2858 ⁸
227 2837 307 2868 Prov.
322 2845 360 2873 tv,
376 2837 422 2868 16.
436 2837 448 2856 ⁸
463 2837 538 2868 ibid.

1040 2325 1162 2353 cundos.
1179 2324 1230 2352 Hic
1247 2324 1345 2360 ipsum
1362 2325 1439 2361 apud
1453 2326 1543 2354 Deum
1557 2327 1638 2355 visus
1653 2330 1708 2363 est,
1724 2336 1781 2364 quo
1797 2336 1866 2357 eum

1040 2369 1157 2398 divinus
1177 2377 1260 2396 amor
1273 2369 1524 2405 perduxerat;ille
1548 2379 1601 2407 per
1623 2373 1787 2408 pessimum
1816 2381 1867 2409 ge-

1041 2415 1120 2442 neris
1158 2413 1280 2441 humani
1314 2413 1426 2442 hostem
1456 2415 1550 2451 periit,
1586 2424 1644 2452 quo
1685 2417 1867 2446 disceremus

1042 2461 1154 2496 quanta
1169 2459 1229 2486 sint
1248 2467 1316 2486 cum
1346 2458 1493 2488 mirabilia
1508 2460 1636 2494 Domini,
1667 2463 1729 2490 tum
1755 2463 1868 2491 nefaria

1042 2505 1116 2533 servi
1145 2503 1232 2532 istius
1257 2502 1385 2538 rebellis,
1406 2503 1457 2540 qui
1489 2504 1604 2533 nullum
1634 2514 1668 2534 ex
1697 2506 1867 2536 hominibus

1042 2551 1131 2584 amat,
1154 2557 1192 2577 ne
1213 2548 1266 2576 hos
1290 2548 1411 2584 quidem
1441 2557 1515 2585 quos
1530 2552 1563 2578 ut
1593 2550 1662 2585 sibi,
1679 2550 1868 2580 ﬁdelissimos

1042 2593 1229 2631 conscripsit,
1245 2593 1296 2621 sed
1310 2593 1373 2621 vult
1387 2596 1508 2622 cunctos
1525 2595 1587 2623 ﬁeri
1601 2604 1690 2632 paenae
1702 2605 1761 2624 sua:
1777 2597 1867 2632 parti-

1043 2641 1132 2677 cipes,
1148 2639 1234 2674 longe
1251 2645 1335 2666 secus
1352 2646 1385 2666 ac
1401 2638 1479 2666 Deus
1502 2640 1554 2675 qui
1573 2639 1670 2669 salvos
1683 2649 1784 2670 omnes
1795 2641 1867 2669 vult.

1077 2685 1123 2712 21.
1139 2683 1189 2712 His
1213 2691 1277 2719 quas
1302 2683 1388 2711 modo
1415 2683 1554 2720 diximus,
1584 2685 1671 2722 adjici
1696 2687 1796 2722 posset
1820 2694 1869 2714 or-

1043 2729 1133 2760 nandi
1149 2736 1249 2762 cause,
1265 2727 1323 2756 duo
1339 2727 1405 2757 illos
1425 2728 1504 2759 viros
1523 2737 1591 2759 cum
1615 2730 1678 2760 suis
1703 2729 1868 2766 aequalibus
