2030 3167
234 168 294 198 579

618 160 830 194 EUSTATHII
850 159 1239 192 THESSALONICENSIS
1261 160 1553 195 METROPOLITIE

1876 170 1922 201 580

234 235 263 262 in
279 232 402 270 pistrino
418 230 587 266 fuisse,vite
602 229 680 257 mola
695 230 853 264 utrumque
864 226 966 254 tritum
980 233 1046 254 esse

1112 225 1194 271 αὐτοῖ
1216 225 1278 264 περὶ
1304 227 1366 264 βίου
1388 228 1491 266 τροχὸν
1521 229 1689 268 ιῖλούμινοι,
1715 231 1763 258 τὸν
1791 233 1836 268 μὲν
1857 244 1924 271 παρα.

233 288 267 307 ex
281 278 328 306 his
352 279 447 305 autem
463 275 599 309 alterum,
616 274 726 302 scilicet
749 272 945 308 Nicephorum
959 279 1057 308 accep-

233 326 295 352 tum
308 323 395 350 fuisse
411 321 579 358 pistrinario
595 322 623 347 et
639 318 800 352 sublatum,
817 317 943 345 alterum
958 319 1056 344 autem

226 369 357 405 jacuisse
372 368 494 396 Tartaro
510 365 654 393 relictum.
666 363 747 392 Unde
761 363 840 390 aliud
855 363 942 390 etiam
959 361 1056 398 colligi

231 416 328 450 queat.
346 413 418 440 Cum
434 411 512 439 enim
529 411 557 438 in
575 410 670 437 locum
687 408 800 436 arboris
827 407 928 435 excisis
957 408 1056 441 utpote

232 456 357 492 inutilis,
375 463 499 490 magnus
523 453 570 481 ille
587 453 777 489 Nicephorus,
795 451 859 479 vitae
874 451 972 483 arbor,
989 451 1057 478 sub-

231 502 308 536 ierit,
338 502 541 536 argumentum
570 498 624 526 fuit
653 497 829 534 Sapricium,
871 495 1056 523 maledictum

231 549 318 582 atque
333 545 460 574 excisam
477 544 621 578 arborem,
647 550 704 570 non
722 541 768 569 hic
784 541 949 578 plantatum
966 540 1056 567 fuisse

232 591 280 619 ubi
298 589 629 627 praeterlabunturaquaa
647 586 817 623 Dei,quippe
833 585 950 621 quinon
967 585 1055 612 vitam

231 635 322 672 egerit
337 635 455 671 dignam
471 632 659 661 sanctissimo
690 631 877 667 baptismate,
902 630 987 664 cujus
1002 637 1056 665 ope

231 683 274 708 tot
289 681 402 708 fructus
418 680 542 706 daturus
556 679 618 705 erat
646 677 674 704 in
692 678 821 712 tempore
853 682 909 710 quo
934 673 1057 702 debebat

229 727 258 753 et
273 726 397 761 poterat.

263 779 309 806 22.
325 778 426 814 Itaque
440 777 495 804 hoc
519 784 534 804 ο
558 784 647 811 supra
667 774 752 802 dictis
777 773 974 809 colligendum
999 774 1054 809 est,

229 831 346 851 summa
361 821 444 850 nobis
460 829 533 857 opus
548 828 612 848 esse
622 818 790 855 prudentia,
807 826 874 845 cum
891 817 1055 845 dirimenti-

228 869 285 895 bus
297 868 382 902 juxta
397 865 585 902 Evangelium
601 862 817 897 scandala,tum
833 861 1004 890 caventibus
1021 869 1055 888 ne

229 911 377 948 congressi
393 918 460 938 cum
477 909 682 938 scandalizatis
698 908 798 943 iniquo
814 905 1055 941 tempore,detri-

230 961 359 985 mentum
373 956 415 984 vel
432 955 487 991 ipsi
500 955 655 991 patiamur,
681 953 724 980 vel
748 952 814 980 aliis
837 952 999 979 inferamus
1019 951 1055 978 ad

228 1010 301 1038 quos
311 1003 417 1029 sanctas
435 1000 514 1036 pacis
531 1007 620 1027 causa
636 1007 688 1026 nos
702 996 997 1025 contulerimus.Non
1012 996 1056 1023 est

227 1047 306 1074 enim
323 1049 354 1073 ut
368 1045 488 1073 omnino
517 1044 699 1071 conﬁdamus
729 1050 791 1075 nos,
818 1041 842 1069 si
871 1040 1055 1075 delabamur,

226 1090 322 1118 salvos
337 1089 445 1118 factum
459 1089 505 1116 iri.
521 1088 603 1120 Quod
620 1087 743 1123 contigit
759 1094 865 1122 magno
877 1084 1054 1120 martyriNi-

227 1135 424 1171 cephoro,non
441 1133 574 1167 casu,sed
582 1132 676 1168 gratia
689 1131 800 1167 Dei,qui
816 1138 882 1158 cum
896 1129 1055 1157 amovisset

226 1179 468 1208 molestissimum
483 1186 571 1206 suum
583 1177 816 1210 sacerdotem,ut
834 1174 989 1210 indignum
1006 1182 1053 1201 re-

226 1233 283 1260 gno
313 1223 462 1257 caelorum,
493 1222 616 1250 comiter
651 1221 756 1256 accipit
778 1221 914 1247 sanctum
943 1218 1052 1246 laicum

225 1269 370 1297 hmredem
387 1270 475 1296 tantas
491 1267 650 1295 felicitatis.
666 1266 766 1301 Neque
782 1264 857 1292 hanc
873 1263 920 1291 ille
937 1262 1052 1298 neglec-

224 1317 295 1345 tam,
311 1315 343 1340 ut
358 1313 451 1345 aiunt,
463 1311 588 1348 reperit;
607 1318 674 1338 nam
703 1309 809 1337 salutis
833 1316 907 1344 opus
935 1310 996 1334 arte
1017 1314 1051 1334 ao

225 1358 363 1386 methodo
380 1358 594 1394 procuraverat.
615 1354 730 1383 Scilicet
756 1361 815 1381 non
832 1360 900 1380 eum
917 1351 1051 1387 fugiebat

225 1411 266 1436 se,
279 1403 303 1431 si
319 1402 398 1430 haud
423 1401 524 1429 insciis
548 1401 662 1428 Satanas
687 1398 840 1430 ministris,
866 1397 896 1424 in
923 1395 1048 1432 gratiam

225 1456 293 1475 cum
309 1449 436 1482 martyre
449 1445 566 1478 rediret,
583 1445 749 1479 correptum
765 1445 794 1470 et
810 1441 970 1470 abductum
984 1447 1049 1475 gra-

225 1500 273 1520 ves
283 1500 333 1527 pro
345 1490 509 1518 Christiana
523 1489 580 1517 fide
594 1496 694 1524 pmnas
723 1488 871 1515 daturum.
898 1485 951 1513 Sed
980 1492 1049 1512 cum

224 1536 294 1564 talia
309 1534 500 1572 prasvidisset,
515 1541 615 1562 secum
632 1531 777 1568 reputavit
792 1530 958 1559 necessario
977 1528 1048 1557 alte-

223 1584 336 1609 rutrum
348 1579 458 1608 factum
476 1579 522 1612 iri,
538 1579 581 1606 vel
598 1581 629 1606 ut
651 1576 810 1605 amicitiam
824 1576 881 1604 sibi
893 1582 1048 1610 compara-

218 1628 273 1659 ret,
286 1633 424 1653 converso
448 1624 478 1651 in
503 1623 630 1652 amicum
659 1621 790 1657 inimico,
821 1621 922 1657 sicque
947 1626 1047 1657 preces

218 1670 368 1706 martyris,
395 1668 519 1697 heredis
543 1668 670 1701 nomine,
700 1666 860 1694 obtineret:
878 1665 922 1693 vel
946 1667 979 1693 ut
995 1672 1048 1700 spe

218 1715 376 1743 destitutus
391 1713 448 1741 alio
466 1714 551 1741 modo
567 1713 658 1740 missa
669 1720 686 1739 ιι
696 1711 753 1739 Deo
769 1710 890 1738 subiret.
903 1709 1047 1745 Nicepho-

219 1768 250 1787 ro
267 1759 358 1795 igitur
374 1759 409 1786 ad
427 1766 528 1794 pacem
547 1757 587 1784 ita
603 1758 770 1791 comparato
786 1762 926 1790 magnum
942 1753 1049 1789 obtigit

218 1812 252 1832 ex
267 1806 322 1831 Deo
338 1802 526 1834 beneﬁcium,
537 1809 643 1836 nempe
663 1808 799 1827 coronam
825 1798 947 1834 Sapricii
964 1801 1045 1826 tran-

219 1847 331 1875 seundo
347 1846 487 1881 suscepit,
517 1845 586 1881 quia
603 1844 694 1880 pluris
710 1852 798 1880 quam
827 1843 882 1871 iste
905 1843 1045 1879 indignus

218 1891 262 1918 vir
274 1891 367 1918 factus
378 1892 450 1917 erat.

247 1988 293 2015 23.
310 1987 504 2021 Quamobrem
521 1987 704 2023 Nicephorus
735 1986 882 2023 duplicem
903 1994 1042 2014 coronam

212 2032 341 2065 sustulit,
373 2031 495 2060 alteram
520 2040 570 2068 pro
595 2031 746 2064 obaritate,
774 2031 844 2067 quia
859 2031 918 2058 odii
934 2030 1042 2059 oblitus

211 2080 283 2112 erat,
301 2077 423 2105 alteram
436 2085 487 2112 pro
504 2076 652 2113 martyrio.
670 2076 798 2112 Utraque
827 2078 925 2104 autem
954 2076 1042 2112 capiti

212 2123 332 2157 institit,
349 2130 406 2158 quo
423 2124 554 2157 tempore
567 2121 646 2149 ensis
659 2121 764 2157 jugulo
788 2122 960 2156 suppositus
984 2122 1039 2148 est.

213 2167 325 2195 Etenim
343 2167 450 2195 Christi
466 2175 583 2194 crucem
599 2166 770 2200 sustulerat,
782 2166 866 2200 juxta
890 2165 1039 2202 Evangelii

210 2214 365 2247 praecepta,
382 2211 459 2247 quod
475 2211 530 2238 iste
539 2211 632 2238 facere
648 2209 752 2244 noluit,
766 2210 815 2246 qui
832 2210 970 2238 virtutem
992 2218 1039 2237 ne.

210 2256 281 2284 faris
297 2256 422 2289 colebat,
450 2255 611 2290 Sapricius.
637 2255 757 2282 Crucem
783 2254 838 2281 iste
862 2256 1037 2289 portaverat,

1112 269 1260 310 ληφθῆναι,
1289 271 1336 299 τὸν
1379 273 1549 312 Νικηφόρον,
1574 274 1800 312 ἀλειλημμένον,
1834 269 1924 308 τὸν-δὲ

1112 315 1242 354 ἀφεθῆναι
1270 318 1440 344 κατακεῖσθαι
1484 319 1628 358 τάρτάριον
1646 329 1653 336 ·
1683 321 1724 352 ὡς
1763 321 1848 354 οὕτως
1873 324 1923 352 εἶναί

1111 370 1170 391 πως
1190 360 1317 398 ῥηθῆναι,
1339 360 1451 400 δένδρου
1479 363 1577 392 τούτου
1600 364 1785 396 ἀλυσιτελοῦς
1813 366 1924 400 ἐκκεκομ-

1113 397 1194 441 μένου
1231 397 1469 451 ἀντιφυῆναιίτὸν
1509 408 1589 447 μέγαν
1627 410 1799 450 Νικηφόρον,
1835 397 1923 451 δένδρον

1113 451 1197 484 ζωῆς,
1213 448 1299 478 αἶ’τιον
1316 450 1345 478 δὲ
1360 454 1400 488 τῷ
1417 453 1570 491 Σαπρικίῳ,
1587 453 1690 493 δένδρῳ
1708 448 1759 491 ’τῷ
1783 448 1926 488 (intonata:

1111 493 1241 539 ξκτομῆς,
1258 496 1298 522 δτι
1330 497 1367 532 μή
1397 496 1477 532 ξύλον
1501 498 1535 532 ἦν
1565 500 1772 537 πεφυτευμένον
1800 502 1868 539 παρὰ
1889 503 1925 534 τὰς

1112 537 1248 574 διεξόδους
1263 542 1316 567 τῶν
1332 542 1381 568 τοῦ
1397 543 1462 569 Θεοῦ
1481 541 1597 580 ὑδάτων,
1614 545 1658 572 οἷα
1684 543 1762 581 μηδὲ
1788 537 1842 580 ζῶν.
1862 546 1927 582 ἀξίως

1110 585 1159 610 τοῦ
1187 583 1340 621 ἀγιωτάτου
1369 586 1566 624 βαπτίσματος,
1593 586 1627 615 δι’
1655 589 1686 616 οὗ
1717 586 1823 626 ἔμελλε
1851 589 1925 619 δοῦναι

1111 628 1156 673 τὸν
1175 629 1279 665 καρπὸν
1305 630 1385 658 αὐτνῦ
1409 630 1435 659 ἐν
1458 634 1557 670 καῖρῷ,
1573 633 1633 665 καθ’
1648 633 1677 661 ’ὸν
1703 635 1753 662 καὶ
1783 634 1866 673 ἐχρῆν
1892 636 1926 663 καὶ

1111 672 1184 708 ἐξῆν.

1146 771 1199 808 κβ“.
1216 772 1294 801 Ὅθεν
1311 773 1455 811 ποριστίον
1476 774 1506 802 ἐκ
1528 778 1582 803 τῶν
1613 776 1784 814 εἰρημένων,
1801 777 1841 805 δτι
1868 779 1926 807 συνί-

1111 826 1178 847 σεως
1215 815 1298 854 ἄκρας
1335 815 1413 856 ἔργον
1452 819 1519 856 ἐστὶ,
1557 819 1631 848 λύειν
1663 821 1711 858 μὶν
1743 822 1779 849 τὰ
1806 822 1926 851 σκάνδαλα

1111 859 1304 904 εὐαγῃλικῶς,
1332 860 1506 891 ιύλαῧιῖσθαι
1545 863 1583 900 δὲ,
1614 866 1652 902 μὴ
1776 867 1844 904 πρὸς
1875 868 1924 898 τοὺς

1071 903 1370 956 Βίσκρνδαλισμίνομς
1425 908 1531 945 ἀκαίρῳ
1587 911 1745 948 προσινέξεὶ
1787 911 1805 946 ἢ
1848 912 1924 939 tam?»

1113 948 1205 987 βλάψῃ
1225 961 1266 981 τις
1294 950 1311 985 ἢ
1339 949 1441 990 ἕτερον,
1467 953 1545 989 ᾧτινι
1573 953 1616 981 ἐπὶ
1646 956 1788 993 ἁγιασμοῦ
1818 966 1924 994 πραγμα-

1109 993 1174 1038 τείαν
1201 996 1393 1031 προενήνεκται.
1418 997 1456 1025 υύ
1496 997 1584 1031 δήπου
1620 999 1670 1037 γὰρ
1700 1000 1816 1033 πάντως
1840 993 1923 1038 ἔχομεν

1111 1037 1228 1075 οαρῥεῖν,
1257 1039 1306 1074 ὡς,
1336 1039 1359 1068 εἰ
1383 1041 1547 1079 πεσούμεθα,
1563 1043 1761 1080 σωθησόμεθα.
1777 1047 1812 1074 Ὀ
1840 1037 1870 1079 δή
1894 1047 1924 1080 τῷ

1111 1081 1225 1120 μεγάλῳ
1241 1084 1358 1121 μάρτυρι
1387 1087 1538 1124 Νικηφόρῳ
1563 1087 1594 1115 οὐ
1609 1087 1698 1125 τύχης
1729 1088 1809 1127 λόγῳ
1838 1090 1925 1116 συνέπε-

1109 1137 1162 1163 σεν,
1192 1126 1265 1155 ἀλλά
1304 1130 1520 1167 πεφιλοτίμηται
1549 1132 1617 1170 πρὸς
1649 1135 1729 1167 Θεοῦ,
1761 1126 1923 1170 ἀπωσαμένου

1110 1171 1157 1214 μὲν
1171 1171 1216 1199 τὸν
1240 1172 1462 1213 φαυλεπίφαυλον
1485 1173 1678 1214 πρεσϐύτερον,
1698 1177 1738 1209 ὡς
1766 1179 1806 1214 μὴ
1835 1177 1923 1213 ἐπάξιον

1107 1213 1306 1253 διεγνωσμίνον
1329 1222 1379 1253 τῆς
1408 1219 1549 1258 βασιλείας
1575 1213 1629 1248 τῶν
1647 1213 1786 1259 οὐρανῶν,
1811 1221 1923 1259 δεξιωσα-

1108 1260 1189 1296 μένου
1205 1259 1234 1288 δὶ
1248 1262 1295 1289 τὸν
1311 1263 1388 1300 ἅγιον
1403 1263 1500 1292 λαϊκὸν
1529 1264 1567 1296 εἰς
1592 1265 1785 1303 κληρονομίαν
1812 1267 1920 1295 τοιούτου

1105 1303 1216 1348 ἀγαθοῦ·
1233 1306 1262 1338 ὃς
1279 1306 1310 1334 οὐ
1325 1308 1469 1346 πάρεργον,
1483 1310 1520 1340 ὡς
1545 1310 1575 1337 ἂν
1599 1309 1671 1338 εἷ’ποι
1697 1322 1753 1346 τις,
1779 1312 1829 1346 τὴν
1859 1312 1921 1348 βασι-

1105 1346 1180 1376 λείαν
1224 1350 1348 1388 εὕρηκεν,
1387 1352 1450 1381 ἀλλ’
1486 1355 1756 1392 προετοιμασάμενος
1797 1346 1920 1390 ἐπιδεξίως

1104 1394 1148 1438 καὶ
1171 1393 1325 1431 εὐμεθόδως
1353 1397 1390 1428 είς
1418 1397 1496 1436 ἔργον
1526 1400 1672 1437 σωτήριον.
1703 1401 1744 1429 Οὐ
1774 1400 1825 1438 γὰρ
1856 1398 1920 1428 ἔλαθε

1105 1435 1194 1472 δήπου
1219 1439 1332 1476 ἐκεῖνον,
1348 1441 1390 1469 δτι
1407 1435 1523 1480 μάρτυρι
1540 1435 1724 1481 σπενδόμενος
1751 1435 1791 1476 εἰς
1811 1435 1918 1480 ’ἐπήκοον

1103 1482 1271 1520 θεραπευτῶν
1293 1484 1453 1523 δαιμονίων,
1478 1487 1702 1527 συλληφθήσεται
1731 1489 1779 1517 καὶ
1808 1489 1919 1526 ἀπαχθῆ-

1103 1536 1186 1562 σεται,
1215 1529 1375 1566 πεισόμενος
1405 1530 1478 1559 διινὰ
1502 1531 1568 1570 ὑπὲρ
1596 1536 1645 1568 τῆς
1669 1534 1706 1564 εἰς
1736 1534 1852 1572 Χριστὸν
1879 1532 1917 1560 πί-

1102 1581 1196 1603 στεως²
1210 1573 1282 1602 ἀλλὰ
1309 1574 1444 1613 προειδὼς
1470 1577 1515 1604 καὶ
1542 1578 1608 1605 αὐτὸ
1635 1578 1838 1617 συνιλογίσατο,
1853 1577 1917 1605 δυοῖν

1105 1617 1214 1655 Θάτερον
1244 1619 1318 1656 αὐτῷ
1341 1621 1508 1658 γενήσεσθαι·
1528 1622 1545 1657 ἢ
1576 1621 1669 1661 φιλίαν
1694 1623 1820 1660 εὑρέσθαι
1846 1632 1916 1650 κατα-

1106 1662 1285 1714 πραξάμενον,
1309 1665 1428 1702 γενέσθαι
1457 1666 1501 1693 τὸν
1532 1666 1630 1704 ἐχθρὸν
1662 1668 1729 1705 πρὸς
1762 1668 1853 1702 αὐτοῦ,
1879 1666 1916 1693 καὶ

1105 1707 1175 1734 οὕτω
1199 1711 1407 1746 κληρονομῆσαι
1434 1714 1602 1749 μαρτυρικῆς
1630 1711 1716 1749 εὐχῆς
1745 1712 1791 1740 καὶ
1815 1721 1917 1749 περισω-

1104 1751 1191 1785 θῆναι·
1208 1752 1226 1787 ἢ
1243 1752 1375 1781 διαπεσὼν
1390 1758 1439 1790 τῆς
1456 1755 1569 1787 ἐλπίδος
1594 1756 1680 1792 στέξαι
1705 1757 1752 1784 καὶ
1782 1758 1811 1785 τὸ
1833 1754 1913 1786 ἄλλως

1101 1794 1357 1835 ἐπισυμϐησόμινον
1374 1798 1400 1826 ἐν
1424 1799 1492 1836 Θεῷ.
1506 1799 1554 1827 Καὶ
1584 1798 1618 1835 δὴ
1643 1800 1752 1838 γέγονεν
1783 1801 1820 1832 εἷς
1842 1800 1912 1828 αὐτὸν

1100 1839 1187 1872 οὕτως
1228 1841 1422 1878 ὲτοιμασθέντα
1450 1843 1487 1875 είς
1515 1843 1653 1882 ἀτάραχον
1680 1845 1711 1872 τὸ
1741 1845 1811 1884 μέγα
1834 1845 1911 1873 θεόθεν

1098 1885 1194 1922 καλὸν,
1209 1887 1254 1913 καὶ
1267 1887 1313 1914 τὸν
1338 1887 1386 1915 τοῦ
1414 1888 1564 1926 Σαπρικίου
1591 1889 1719 1928 στέφανον
1750 1889 1853 1920 ἑνόδιος
1879 1889 1913 1916 ἀν-

1099 1928 1211 1958 ελάϐετο
1225 1930 1535 1970 παρευδοκιμησάμενος
1548 1934 1594 1961 τὸν
1609 1934 1726 1970 ἀνάξιον.

1131 1987 1179 2021 κγ.
1197 1986 1302 2013 Μενοῦν
1327 1996 1359 2024 γε
1383 1985 1430 2014 δύο
1457 1987 1614 2025 στεφάνους,
1639 1986 1686 2015 ἕνα
1715 1989 1765 2025 μὲν
1792 1989 1835 2017 τὸν
1864 1985 1910 2014 ἕνε-

1096 2039 1140 2056 κεν
1170 2030 1288 2067 ἀγάπης,
1311 2030 1340 2058 ’ὁν
1370 2031 1442 2069 εἶχεν
1470 2030 1499 2058 ἃν
1530 2043 1544 2058 (‹
1569 2032 1769 2069 ἀμνησικακίας
1793 2045 1808 2060 ››
1829 2033 1909 2070 χάριν.

1096 2072 1185 2111 ἕτερον
1207 2073 1235 2101 δὲ
1255 2073 1300 2102 διὰ
1321 2075 1352 2102 τὸ
1382 2075 1542 2113 μαρτύριον,
1558 2076 1686 2114 ἥρπασεν,
1704 2077 1761 2114 ἅμα
1787 2080 1826 2113 τῷ
1853 2076 1910 2114 ξίφει

1097 2119 1144 2155 μὲν
1171 2119 1217 2147 τὸν
1247 2118 1403 2157 τράχηλον,
1423 2123 1482 2151 τοῖς
1506 2119 1534 2148 δὲ
1559 2121 1697 2160 στεφάνοις
1725 2123 1777 2157 τήν
1801 2119 1908 2160 κεφαλὴν

1096 2163 1272 2200 ὑποθέμενος,
1299 2164 1343 2191 καὶ
1383 2163 1448 2202 ἄρας
1484 2165 1530 2192 τὸν
1566 2166 1678 2203 σταυρὸν
1711 2169 1760 2194 τοῦ
1793 2165 1907 2204 Χριστοῦ,

1094 2209 1187 2236 καθότι
1216 2208 1261 2236 καὶ
1291 2208 1478 2244 ἠκολούθησεν
1513 2209 1586 2247 αὖτῷ
1626 2209 1825 2249 εὐαΠιλικῶς¹
1851 2210 1906 2245 ὅπερ

1094 2253 1250 2288 ἀπηνήνατο
1266 2257 1379 2289 ποιῆσαι
1410 2254 1424 2281 ὁ
1446 2254 1477 2281 τὸ
1503 2254 1588 2283 καλὸν
1603 2257 1695 2287 κακῶς
1715 2259 1802 2284 ποιῶν
1819 2252 1904 2290 Σαπρί·

207 2303 316 2328 rectam
333 2301 453 2336 quidem
472 2300 625 2336 ingressus
640 2299 728 2332 viam.
759 2298 908 2327 Christum
938 2301 1037 2326 autem

1103 2307 1162 2330 ιιος,
1178 2297 1312 2335 ἀράμενος
1328 2298 1375 2334 μὲν
1396 2298 1510 2336 σταυρὸν
1534 2298 1570 2330 ὡς
1595 2298 1621 2327 ἐν
1647 2299 1788 2337 ὀρθότητι,
1804 2299 1832 2328 οὐ
1858 2298 1900 2334 μὴν

209 2345 360 2372 charitatis
376 2345 464 2372 Deum
480 2353 536 2372 non
554 2352 628 2379 pone
644 2346 772 2376 secutus,
785 2342 894 2378 quippe
909 2342 959 2378 qui
974 2346 1037 2371 tum

209 2389 376 2424 proximum
393 2397 481 2416 suum
498 2397 556 2416 non
569 2388 720 2421 amaverit,
738 2395 804 2415 cum
821 2387 949 2415 cbaritas
964 2388 989 2415 ei
1006 2396 1037 2416 se

208 2432 350 2468 przeberet
362 2441 547 2468 nequaquam
559 2431 774 2460 intolerabilem
786 2432 1034 2468 autinaccessam,

208 2476 260 2505 sed
276 2478 377 2505 contra
393 2485 534 2513 perquam
561 2477 686 2511 facilem,
712 2477 843 2512 adeoque
856 2477 986 2513 perviam
1003 2479 1035 2505 ut

207 2521 281 2550 nihil
292 2521 390 2549 minus
403 2530 539 2558 asperum
553 2524 639 2550 esset.
654 2522 863 2549 Verumtamen
875 2521 947 2549 satis
962 2522 1034 2550 fuis-

207 2568 252 2595 set
268 2565 346 2594 bunc
361 2566 457 2594 virum
473 2566 538 2595 odio
553 2567 713 2599 imbutum,
739 2575 831 2602 eoque
859 2567 1033 2595 servientem

208 2611 334 2640 dasmoni
360 2610 478 2638 malitia:
505 2611 638 2647 principi,
664 2612 718 2639 hoc
741 2619 832 2639 unum
866 2620 900 2639 ex
928 2611 1032 2640 intimo

207 2657 294 2685 corde
307 2656 447 2684 dicere:«
460 2658 536 2684 Deus
556 2656 730 2684 misereatur
758 2657 811 2690 tui,
839 2657 938 2689 frater,
965 2667 979 2680 η
1000 2659 1032 2684 ut

206 2703 306 2730 statim
325 2702 381 2729 Deo
392 2701 659 2737 assisteret,corona
675 2701 838 2729 redimitus.
857 2701 919 2730 Non
932 2703 1030 2729 autem

207 2755 274 2774 eum
291 2747 421 2783 oportuit
436 2746 485 2774 diu
496 2745 638 2774 luctatum
654 2748 749 2782 utpraa
762 2754 793 2774 se
805 2746 891 2774 ferret
902 2754 1029 2774 amorem

207 2791 255 2818 Dei
273 2800 358 2827 quem
376 2800 427 2828 pro
443 2790 536 2819 nihilo
552 2791 686 2826 ducebat,
703 2799 768 2819 cum
782 2791 844 2827 jam
870 2791 904 2819 ad
920 2791 1028 2819 exitum

206 2835 362 2864 duceretur
376 2836 492 2865 horrere
508 2835 626 2872 quidem
638 2844 674 2864 ne
687 2836 775 2864 frater
790 2835 1029 2872 pcenitens,geui-

1092 2341 1206 2369 κατόπιν
1241 2344 1289 2370 τοῦ
1324 2345 1454 2381 Σωτῆρος
1489 2343 1620 2379 Χριστοῦ,
1648 2346 1697 2371 τοῦ
1725 2348 1775 2379 τῆς
1813 2342 1904 2382 ἀγάπης

1093 2388 1170 2422 Θεοῦ,
1186 2386 1271 2415 ἐλθὼν
1288 2386 1487 2422 ἀκολουθικῶς,
1504 2388 1545 2415 ὅτι
1563 2386 1633 2424 μηδὶ
1658 2388 1752 2426 ἠγάπα
1777 2389 1822 2417 τὸν
1844 2386 1904 2420 πλη·

1091 2431 1157 2465 σίον,
1177 2433 1222 2458 καί
1248 2434 1332 2459 ταῦτα
1361 2431 1410 2459 οὐκ
1437 2431 1483 2459 ἐπὶ
1508 2433 1685 2472 φορτικότητι
1710 2434 1755 2461 καὶ
1781 2430 1903 2468 ἀδυναμίᾳ

1088 2476 1162 2506 τινὸς
1192 2475 1424 2512 ἀποτελέσματος,
1451 2476 1525 2505 ἀλλὰ
1560 2477 1681 2514 εὐκολίᾳ,
1705 2480 1738 2514 ἧς
1773 2477 1847 2507 οὐδὶν
1878 2474 1902 2502 ἃν

1089 2520 1194 2558 γένοιτο
1224 2520 1413 2560 ἀφελὲστιρον.
1443 2521 1546 2560 Ἐχρῆν
1586 2522 1638 2560 γὰρ
1671 2523 1718 2550 τὸν
1746 2525 1795 2551 τοῦ
1820 2521 1900 2559 μίσους

1088 2564 1229 2603 ἄνθρωπον
1255 2565 1365 2600 ἐκεῖνον,
1389 2566 1435 2593 καὶ
1464 2565 1498 2593 δι’
1515 2566 1580 2594 αὐτὸ
1611 2568 1760 2605 θεράποντα
1786 2569 1833 2596 τοῦ
1860 2566 1900 2602 ἀρ-

1088 2611 1218 2647 χεκάκοιο,
1235 2610 1318 2638 εἰπεῖν
1346 2611 1428 2648 μόνον
1451 2610 1493 2638 τό·
1512 2623 1526 2637 ‹‹
1551 2612 1581 2641 '0
1605 2612 1670 2644 Θεὸς
1694 2610 1806 2648 ἐλεῆσαι
1834 2621 1868 2644 σε,
1882 2606 1899 2635 ὤ

1088 2653 1198 2694 ἀδελφὶ,
1229 2668 1243 2682 ››
1272 2656 1331 2683 κατ’
1359 2655 1524 2690 ἐνδιάθετον,
1553 2657 1598 2684 καὶ
1627 2656 1723 2685 αὐτίκα
1754 2655 1899 2696 στεφανίτην

1086 2704 1255 2738 παραστῆναι
1284 2703 1323 2737 τῷ
1355 2703 1423 2737 Θεῷ,
1454 2700 1484 2728 οὗ
1515 2701 1569 2738 μὴν
1595 2701 1794 2740 ἀγωνισάμενον
1820 2698 1897 2738 μακρὰ

1086 2746 1154 2772 κατὰ
1176 2746 1308 2784 πρόφασιν
1334 2745 1440 2783 ἀγάπης
1468 2755 1517 2780 της
1545 2746 1614 2783 πρὸς
1634 2746 1679 2773 τὸν
1703 2746 1778 2780 Θεὸν,
1794 2746 1822 2773 ὃν
1845 2741 1895 2771 κατ’

1086 2789 1191 2827 οὐδένα,
1216 2791 1254 2822 ὡς
1279 2789 1360 2825 ἔοικε,
1384 2789 1464 2828 λόγον
1493 2790 1622 2829 ἑώρακεν,
1649 2790 1705 2818 εἶτα
1733 2790 1777 2818 καί
1804 2784 1893 2827 ἀπαχό-

1087 2846 1165 2874 μενον
1188 2835 1227 2867 εἰς
1254 2834 1537 2873 τελείωσιν,ὀκνῆσαι”
1556 2835 1603 2873 μὶν
1630 2835 1713 2869 αὐτῆς
1744 2829 1891 2873 μεταδοῦναι

1956 20 1977 67 ἠ

1976 114 1978 154 l
