2030 3167
134 181 192 212 581

647 168 744 211 ΙΝΒ.
766 177 1112 215 QUADRAGESIMAM
1133 177 1282 210 ORATIO
1305 177 1332 208 Ι.

1781 181 1842 211 582

133 245 244 285 ἀδελφῷ
265 245 433 274 δυσωποῦντι
464 247 509 274 καὶ
541 245 745 285 γονυκλιτοῦντι
770 245 816 273 καὶ
839 244 954 272 κατακό-

1018 245 1075 273 bus
1085 244 1165 273 ﬂexis
1176 244 1393 281 inclinatosque
1404 245 1440 273 ad
1455 245 1555 274 oscula
1563 245 1614 281 huj
1621 254 1655 274 us
1669 246 1766 275 exitus
1775 254 1844 282 par-

132 302 228 319 πτοντι
258 291 284 322 ἐς
312 291 507 329 προσκύνησιν,
537 291 687 318 ὑπακοῦσαι
726 289 755 317 δὲ
781 292 822 326 τῷ
851 288 960 326 δαίμονι

133 335 284 373 ἐρεθίσαντι
309 335 384 374 λόγῳ
408 333 560 370 ὑποϐολῆς,
585 335 677 373 καιρὸν
704 335 771 362 εἶναι
797 334 894 361 αὐτίκα
915 336 963 361 νῦν

132 381 284 418 ἀπαγαγεῖν
312 379 361 407 τοῦ
388 380 491 418 ἐχθροῦ
515 380 564 414 τήν
591 379 724 418 κεφαλὴν,
749 379 795 406 καὶ
819 378 890 406 οὕτω
913 382 964 413 τῆς

132 424 190 452 ἐκεῖ
207 428 278 459 ζωῆς
303 424 437 462 ἐπάρατον
461 423 618 456 ἀνθελέσθαι
642 425 691 458 τὴν
717 423 831 455 ἐνταῦθα
857 423 964 464 βιοτὴν,

131 470 178 498 καὶ
206 470 275 507 πρὸς
297 471 337 505 τῷ
365 469 456 505 λιμένι
485 472 650 507 ναυαγῆσαι,
676 469 721 496 καὶ
753 468 798 495 ὅτε
828 471 889 499 ταῖς
916 469 964 494 τοῦ

131 513 297 552 παραδείσου
323 513 423 546 πύλαις
452 513 559 551 ἔγγισε,
588 514 662 551 παρὰ
691 513 785 550 θύρας,
815 513 830 540 ὅ
859 523 937 552 φασιν
956 534 963 547 ,

131 559 237 594 ἐλθεῖν,
264 558 398 596 ἀφέμενον
424 560 464 594 τῷ
492 558 584 595 ἐχθρῷ
613 558 775 596 Νικηφόρῳ,
806 556 961 595 εἷσδραμεῖν

132 602 186 630 ἕσω
199 603 243 630 καὶ
258 603 308 637 τήν
336 605 385 630 τοῦ
409 605 476 630 Θεοῦ
502 601 579 638 δόξαν
605 602 768 634 θεάσασθαι·
797 602 963 630 ὑπεκστάντα

133 648 181 684 μὶν
218 651 267 682 τῆς
312 644 536 684 οὐρανοϐάμονος
571 647 711 683 κλίμακος
749 649 790 682 τῷ
828 645 964 683 θεοφιλῶς

131 691 247 729 ὕψι-πέτῃ
277 691 347 727 ἀετῷ
376 692 533 730 Νικηφόρῳ
551 713 558 726 ,
589 691 677 727 ἑαυτῷ
707 690 736 718 δὲ
765 691 802 721 ὡς
828 700 965 728 γεωχαρεῖ

131 736 176 764 καὶ
197 736 264 773 (οἷον
291 735 389 772 εἰπεῖν)
414 735 559 773 βουγαίῳ,
585 733 634 762 εἴτ’
660 735 705 762 οὗν
728 736 884 773 βοσκήματι
910 738 963 772 γῆς

131 781 327 818 ἀνακυψαμὲνῳ
355 781 387 808 τὸ
413 780 573 818 κατάγαιον,
598 780 643 807 καὶ
672 782 730 810 τοῖς
760 779 835 807 κάτω
864 779 963 807 ἐναπο-

132 825 282 862 μείναντα,
313 825 351 862 μή
375 823 474 862 ἔχοντα
505 823 575 861 μηδὶ
604 821 768 852 ἀναϐλέπειν
797 824 896 855 ἀτενῶς
925 823 963 854 εἷς

131 870 177 897 τὸν
206 869 330 908 οὐρανόν·
354 869 472 904 ὁπηνίκα
493 869 537 896 καὶ
549 869 574 896 οἱ
592 867 688 905 δήμιοι
714 868 763 896 οὐκ
779 868 808 896 ἂν
824 865 905 906 ἔσχον
924 869 961 904 μή

132 915 165 942 οὐ
193 914 355 951 θαυμάσαι,
385 913 460 946 ὅπως
486 913 550 951 οὐχὶ
588 912 768 951 ἀντάλλαγμα
802 913 964 950 λυτρώσεως

132 960 225 996 ψυχῆς
241 957 358 992 δικαίας,
377 957 451 986 ἀλλά
481 957 619 996 ὀλεθρίου,
645 958 692 985 τὸν
719 955 901 995 φιλόχριστον
917 960 964 985 Νι-

130 1000 250 1041 κηφόρον
267 1001 459 1038 παρᾳδόμινος
484 1002 498 1028 ὁ
525 1001 674 1039 Σαπρίκιος
700 1001 792 1040 ἐφόνα,
821 1000 961 1038 δαιμόνων

132 1046 269 1082 ἄντικρυς.
294 1044 495 1083 Έϐαρύνθησὰν
525 1044 554 1073 δὶ
578 1045 607 1073 ἂν
636 1046 745 1080 ἐκεῖνοι,
762 1046 806 1073 καὶ
833 1046 874 1073 ὅτι
893 1045 963 1083 βλα-

132 1091 265 1130 σφημίαις
292 1091 305 1118 ὁ
331 1091 414 1122 κακὸς
442 1089 587 1128 ἅνθρωπος
614 1090 661 1122 τὰς
690 1089 801 1125 φιλικὰς
832 1089 961 1127 εὐλογίας

132 1132 273 1171 ἠμείϐετο,
302 1135 415 1166 καὶτὰς
445 1134 547 1164 ἱκεσίας
577 1133 681 1171 ὕϐρεσι,
711 1134 756 1161 καὶ
785 1135 844 1170 ὡς,
873 1134 961 1173 φιλεῖν

133 1177 219 1206 δοκῶν
235 1179 282 1206 τὸν
309 1177 443 1214 δεσπότην
469 1179 545 1212 Θεὸν,
562 1179 608 1206 τὸν
630 1177 776 1206 σόνδουλον
793 1178 819 1210 ἐς
832 1181 961 1206 τοσοῦτον

134 1225 219 1258 μισεῖ,
242 1224 287 1250 καὶ
312 1223 441 1260 τύραννος
466 1220 606 1250 ἀποϐαίνει
621 1244 629 1257 ,
656 1222 779 1259 μετάγων
804 1224 863 1250 κατ’
891 1222 960 1250 ἐκεί-

134 1277 182 1294 νου
209 1268 259 1301 τὴν
285 1267 353 1295 κατὰ
378 1271 429 1302 τῆς
466 1266 588 1305 κεφαλῆς
613 1267 747 1306 ἀπόφασιν
765 1289 772 1302 ,
804 1269 901 1303 μενοῠν
929 1278 960 1304 γε

131 1310 268 1349 πυρκαίου
291 1311 422 1349 ἐξανάψας
447 1312 547 1348 θυμοῦ,
576 1311 715 1345 σώζουσαν
746 1312 793 1348 μὶν
819 1311 864 1338 τὸν
895 1321 960 1348 προ-

132 1354 278 1392 δεδομένον
292 1358 391 1392 θανιῖν,
413 1356 458 1383 τὸν
484 1354 512 1383 δὲ
534 1353 670 1394 προδόντα
696 1353 903 1390 διαϐιϐάζουσαν
922 1355 959 1387 εἷς

133 1399 245 1427 αῗώνιον
262 1402 326 1438 πῦρ.

166 1550 216 1580 κδ.
241 1552 419 1589 Παραπήξατε
443 1551 532 1579 τοίνυν
556 1551 578 1577 ὦ
601 1549 726 1589 ἀδελφοὶ,
748 1552 783 1588 τῇ
806 1551 864 1578 καθ’
887 1551 956 1588 ὑμᾶς

133 1597 229 1633 μνήμῃ
259 1595 304 1623 καὶ
344 1594 452 1632 δένδρον
489 1597 570 1622 τοῦτο
606 1593 783 1632 παράδοξον,
813 1596 955 1634 ἐκριζωθὲν

133 1639 277 1676 ξυλοκόπῳ
292 1639 404 1672 δικαίως
427 1639 502 1677 ἀξίνῃ
520 1642 568 1667 τοῦ
595 1639 668 1667 θείου
690 1641 792 1675 κήπου,
818 1640 863 1667 καὶ
891 1640 957 1668 ἀπο-

131 1684 275 1724 κληρωθὶν
299 1684 403 1720 αἰωνίῳ
429 1684 504 1722 πυρὶ,
530 1683 595 1722 ὅπερ
620 1684 693 1720 αὐτῷ
711 1686 751 1720 τῷ
776 1682 886 1720 δαίμονι
912 1685 959 1712 καὶ

130 1732 190 1761 τοῖς
221 1729 325 1757 ἐκείνου
353 1728 538 1766 ἡτοίμασται.
570 1728 621 1757 Καὶ
650 1729 681 1755 τὸ
707 1731 830 1756 τοιοῦτον
861 1729 960 1768 φάκτον

135 1775 258 1811 μνήμασι
285 1773 392 1804 δέλτοις
419 1775 522 1812 φρενῶν
553 1772 752 1811 ἐγγραψάμινοι
771 1796 778 1809 ,
808 1773 961 1812 παραδέχε-

130 1819 177 1846 σθε
204 1819 251 1855 μὲν
290 1819 393 1846 ἅπαντα
432 1816 573 1855 ἄνθρωπον
614 1819 748 1853 ζητοῦντα
772 1817 877 1856 εὐχὴν,
915 1817 961 1846 καὶ

135 1862 336 1900 καταλλαγὴν,
364 1862 408 1890 καὶ
437 1861 531 1890 ἕνωσιν
567 1862 742 1899 ἀνθρωπικήν
771 1860 936 1900 ἀτύρϐαστον
953 1882 960 1896 ,

129 1908 174 1935 καὶ
193 1907 331 1946 φιλότητα
353 1908 529 1942 κοινωνικὴν,
554 1907 599 1934 καὶ
623 1905 778 1945 συνδρομὴν
801 1907 961 1952 πολιτικὴν⁷

128 1952 173 1980 καὶ
197 1952 315 1990 ἀγάπην,
344 1952 389 1979 καὶ
416 1949 626 1989 συγκατάϐασιν,
655 1951 701 1978 καὶ
729 1951 886 1988 ἐπιείκειαν,
914 1949 960 1979 καί

128 1997 312 2035 ἡμερότητα,
337 1997 383 2024 καὶ
410 1996 581 2034 ἱλαρότητα,
611 1996 656 2023 καὶ
686 1995 823 2030 ἀσυλίαν,
856 1995 900 2023 καὶ
929 1997 961 2023 τὸ

129 2041 305 2075 ἀνεπίθετον,
335 2041 380 2069 καὶ
409 2038 634 2068 ἀνεπιϐούλευτον
655 2062 662 2074 ,
691 2041 736 2067 καὶ
764 2041 813 2074 τὴν
843 2040 869 2072 ἐς
901 2040 959 2078 βίον

130 2086 319 2123 συγκρότησιν,
344 2085 384 2124 ἐφ’
407 2087 450 2116 οἷς
473 2083 594 2120 δυνατὸν,
619 2084 664 2111 καὶ
690 2083 870 2122 ἐνδεχομένην
898 2095 960 2112 συν-

130 2129 287 2167 αντίληψιν,
312 2130 356 2157 καὶ
381 2127 467 2165 ἔλεον,
489 2128 534 2156 καὶ
561 2127 716 2164 μετάδοσιν,
743 2125 826 2155 ἔτιδὲ
849 2138 962 2155 συνανα-

130 2176 248 2213 στροφὴν
278 2174 431 2212 εἰρηκικὴν,
461 2173 582 2209 δεξίωσιν
610 2173 782 2211 ἀπάνουργον
800 2194 808 2208 ,
836 2171 959 2212 κεφαλῆς

129 2222 217 2247 νιῦσιν
243 2219 421 2257 εὐλόγιστον,
452 2217 551 2245 λαλιὰν
593 2216 766 2245 εὐπαίδευτον
784 2240 792 2253 ,
829 2217 960 2252 συνένεξιν

130 2264 254 2300 ἀπικὴν,
284 2262 439 2300 συνδρομὴν
469 2261 628 2290 ἀσκὲλιστον
648 2284 655 2297 ,
684 2261 819 2289 συνοικίαν
846 2261 959 2299 ἀτάρα-

1019 289 1113 325 ticeps
1127 289 1209 317 ﬁeret
1222 298 1228 324 ;
1245 298 1345 318 aurem
1359 298 1425 317 vero
1441 290 1568 325 prebere
1583 291 1709 318 daamoni
1723 291 1844 319 insidio-

1020 342 1052 361 se
1066 334 1203 362 suadenti
1219 343 1296 362 nunc
1319 342 1384 362 esse
1408 336 1525 370 tempus
1546 334 1661 362 inimico
1675 336 1710 362 ab
1726 336 1843 364 homine

1020 377 1196 406 declinandi.
1213 380 1308 411 Quum
1316 379 1394 406 enim
1406 378 1493 406 haece
1505 379 1552 406 via
1565 379 1593 405 in
1606 379 1841 408 maledictionem

1021 423 1204 457 incurrisset,
1224 424 1292 451 huic
1316 423 1379 451 vita:
1400 425 1538 451 aeternam
1555 423 1643 450 vitam
1661 424 1842 460 posthabuit,

1021 468 1208 503 naufragium
1226 469 1261 496 ad
1279 471 1394 504 portum
1417 468 1495 501 fecit,
1520 468 1690 503 foribusque
1715 469 1844 503 paradisi

1020 512 1083 548 jam
1099 513 1261 548 proximus,
1274 521 1290 541 a
1302 512 1466 548 foribus,ut
1477 512 1569 549 aiunt,
1583 513 1845 550 deerravit,passus

1020 556 1172 585 inimicum
1195 567 1284 586 suum
1308 559 1504 595 Nicephorum
1529 559 1689 587 introrsum
1713 567 1842 595 praecur-

1020 609 1092 635 rere,
1111 604 1198 637 atque
1212 602 1251 629 ibi
1268 603 1391 639 gloriam
1408 603 1458 631 Dei
1475 603 1678 639 contemplari.
1695 604 1813 631 Scilicet
1827 612 1842 631 e

1019 646 1099 674 scala
1114 647 1278 682 pertinente
1293 648 1329 675 ad
1345 648 1450 675 ccelum
1466 648 1601 682 excessit,
1618 648 1696 684 quia,
1712 651 1744 676 ut
1759 649 1843 676 Nice-

1021 691 1132 726 phorus
1143 699 1195 727 per
1202 692 1334 719 divinum
1346 700 1476 720 amorem
1488 692 1517 719 in
1529 692 1659 728 aquilam
1674 691 1733 720 alta
1744 695 1843 728 peten-

1020 737 1078 763 tem
1096 743 1253 764 conversus
1269 738 1340 770 erat,
1367 737 1409 764 sic
1436 736 1500 772 ipse
1523 736 1711 764 terrestribus
1725 737 1842 764 deditus

1019 782 1106 816 atque
1116 781 1333 816 quodammodo
1342 781 1489 809 terrestris
1505 781 1540 808 ad
1558 781 1749 809 subterranea
1757 787 1842 816 quasi

1019 825 1055 852 ad
1069 828 1185 860 pastum
1203 826 1274 853 adeo
1302 826 1449 861 tendebat,
1467 826 1503 853 iis
1527 827 1641 853 tantum
1665 825 1842 860 adhaerebat,

1019 871 1051 896 ut
1066 878 1102 897 ne
1117 869 1222 897 ccelum
1238 869 1357 906 quidem
1374 872 1452 898 recte
1463 869 1568 898 intueri
1586 869 1755 898 sustineret.
1773 872 1841 898 Car-

1019 913 1120 941 niﬁces
1133 914 1221 942 etiam
1237 923 1293 942 non
1311 917 1445 951 poterant
1461 923 1517 942 non
1537 915 1678 942 admirari
1694 915 1841 950 quomodo

1018 958 1239 994 Sapriciusjam
1256 958 1400 994 supplicio
1410 959 1536 986 traditus
1556 961 1761 995 compensaret
1773 959 1844 986 ami-

1018 1002 1091 1029 citias
1108 1003 1241 1038 pignora,
1259 1011 1316 1030 non
1333 1003 1486 1038 probi,sed
1504 1003 1631 1039 pestiferi
1643 1003 1771 1031 hominis
1781 1003 1842 1030 ins-

1017 1048 1072 1081 tar,
1083 1047 1117 1074 ad
1130 1047 1355 1082 exemplumque
1367 1047 1546 1081 daemonum,
1562 1048 1725 1083 exoptando
1741 1056 1841 1075 necem

1017 1090 1172 1126 Nicephori
1196 1091 1246 1126 qui
1271 1091 1420 1119 Christum
1442 1091 1593 1127 diligebat.
1610 1092 1694 1128 zEgre
1711 1092 1842 1120 ferebant

1017 1136 1095 1170 quod
1112 1135 1167 1163 iste
1184 1136 1228 1163 vir
1241 1144 1367 1172 nequam
1385 1135 1548 1164 maledictis
1573 1136 1666 1164 amice
1681 1136 1758 1164 dicta
1774 1145 1841 1172 pro-

1017 1180 1136 1216 brisque
1149 1188 1247 1216 preces
1255 1180 1437 1216 rependeret,
1447 1181 1594 1216 quodque,
1603 1189 1670 1208 cum
1685 1181 1839 1208 Dominum

1015 1226 1106 1251 Deum
1122 1233 1222 1252 amare
1231 1225 1389 1258 videretur,
1406 1233 1578 1252 conservum
1595 1227 1746 1261 tantopere
1763 1226 1841 1253 odis-

1015 1271 1069 1296 set.
1088 1269 1146 1296 Rex
1161 1271 1259 1296 autem
1283 1269 1358 1302 caeli,
1373 1269 1423 1305 qui
1439 1277 1474 1297 ex
1490 1270 1530 1296 ira
1546 1269 1588 1297 sic
1603 1269 1725 1297 incensa
1740 1270 1840 1306 ignem

1013 1312 1076 1347 ipse
1102 1315 1280 1348 susceperat,
1293 1314 1356 1348 jam
1374 1322 1389 1341 a
1404 1313 1536 1349 Sapricio
1551 1313 1682 1347 recessit,
1698 1322 1836 1350 eumque,

1014 1356 1043 1383 in
1058 1356 1156 1385 locum
1171 1357 1337 1393 Nicephori,
1354 1359 1490 1393 quatiens
1506 1360 1593 1394 caput
1603 1359 1840 1394 repudiavit,quo

1014 1403 1089 1429 nutu
1104 1402 1155 1437 qui
1172 1402 1257 1429 morti
1282 1402 1403 1430 devotus
1413 1404 1476 1430 erat
1495 1402 1592 1431 salvus
1603 1403 1699 1430 factus
1719 1405 1773 1436 est,
1788 1403 1839 1439 qui

1013 1449 1112 1473 autem
1128 1446 1281 1475 devoverat
1297 1446 1456 1475 translatus
1472 1447 1501 1475 in
1517 1448 1615 1484 ignem
1628 1449 1781 1475 asternum.

1045 1552 1090 1579 24.
1108 1553 1228 1589 Defigite
1243 1552 1342 1588 igitur,
1369 1553 1483 1589 fratres,
1499 1556 1596 1582 vestra
1623 1555 1653 1582 in
1683 1557 1835 1590 memoris,

1016 1597 1148 1625 arborem
1187 1597 1275 1625 istam
1302 1598 1455 1634 indignam
1478 1599 1581 1626 merito
1599 1601 1693 1628 securi
1710 1601 1838 1630 excisam

1017 1641 1108 1669 fuisse
1123 1642 1157 1669 ad
1174 1642 1298 1675 radices,
1310 1642 1437 1678 jureque
1457 1643 1616 1678 sepositam
1637 1653 1672 1672 ex
1697 1645 1780 1673 horto
1793 1646 1838 1673 di-

1015 1685 1081 1713 vino
1094 1685 1124 1713 in
1140 1685 1238 1722 ignem
1253 1687 1463 1722 σείει-ηοω,συὶ
1480 1687 1605 1715 ἀθεωουί
1614 1691 1642 1715 et
1654 1689 1838 1726 angelisejus

1016 1733 1136 1765 paratus
1163 1733 1218 1758 est.
1247 1731 1328 1763 Quod
1362 1739 1429 1758 cum
1458 1732 1488 1759 in
1520 1733 1700 1761 memoribus
1731 1735 1839 1763 mentis

1015 1777 1117 1802 vestrae
1132 1775 1239 1803 tabulis
1262 1775 1440 1811 impressum
1466 1777 1531 1811 erit,
1555 1777 1650 1805 virum
1673 1780 1839 1814 acceptabi-

1017 1818 1072 1846 lem
1090 1819 1188 1847 ducite
1217 1819 1386 1856 quicunque
1415 1821 1543 1856 requiret
1571 1822 1744 1858 orationem,
1768 1832 1840 1852 con-

1016 1864 1155 1897 cordiam,
1173 1865 1409 1893 communionem
1425 1866 1537 1902 absque
1550 1867 1691 1900 tumultu,
1709 1877 1838 1896 amorem

1016 1908 1094 1935 unde
1123 1909 1300 1943 communio,
1327 1918 1504 1938 consensum
1534 1911 1563 1938 in
1590 1911 1716 1947 publicis
1740 1913 1838 1947 rebus,

1017 1952 1198 1986 oharitatem,
1224 1954 1410 1990 obsequium,
1443 1956 1628 1991 modestiam,
1659 1957 1840 1993 comitatem,

1016 1997 1193 2025 hilaritatem
1208 2000 1236 2026 et
1248 1999 1436 2027 securitatem
1450 2008 1457 2032 ;
1486 2000 1535 2035 qui
1558 2009 1611 2028 nec
1627 2001 1839 2036 dissimulabit,

1017 2049 1069 2068 nec
1084 2041 1295 2076 insidiabitur;
1321 2043 1370 2078 qui
1387 2051 1433 2071 res
1447 2043 1513 2071 vitae
1528 2048 1684 2080 componet
1694 2048 1839 2081 quantum

1016 2085 1132 2121 poterit;
1149 2086 1343 2119 opitulabitur
1357 2088 1382 2114 si
1404 2095 1479 2122 opus
1503 2089 1569 2120 erit,
1604 2088 1794 2116 miserebitur
1808 2092 1836 2117 et

1016 2130 1052 2156 de
1068 2137 1120 2157 suo
1134 2130 1217 2157 dabit
1233 2139 1239 2163 ;
1258 2130 1308 2166 qui
1323 2131 1492 2159 societatem
1509 2140 1576 2159 cum
1594 2132 1734 2160 fratribus
1750 2133 1838 2161 inibit

1016 2173 1180 2209 paciﬁcsm,
1197 2175 1327 2202 dextram
1359 2176 1487 2211 porriget
1502 2176 1663 2211 innoxiam,
1679 2177 1742 2213 ipso
1759 2178 1839 2214 capi-

1015 2217 1054 2245 tis
1071 2220 1143 2245 nutu
1160 2218 1292 2246 sincerus
1317 2220 1381 2247 erit.
1405 2220 1458 2252 Qui
1486 2220 1515 2248 in
1540 2229 1674 2249 sermone
1690 2221 1837 2258 ingenuus

1017 2264 1045 2290 et
1067 2262 1097 2289 in
1121 2263 1298 2291 commercio
1327 2264 1459 2292 urbanus
1485 2265 1644 2297 videbitur,
1661 2274 1755 2302 neque
1771 2275 1839 2294 con-

130 2318 193 2346 χον,
216 2299 571 2346 εὖλογίαννχριστιανικήν,
599 2306 630 2334 τὸ
656 2305 837 2344 ἀπανούργως
867 2306 958 2343 εὐόμι-

1016 2309 1178 2335 currentem
1223 2307 1436 2343 supplantabit,
1480 2317 1575 2345 neque
1615 2299 1838 2339 contubernales

131 2353 190 2386 λον,
205 2353 237 2379 τὸ
253 2365 267 2378 ‹‹
283 2353 326 2379 ναὶ
343 2365 357 2378 ››
369 2352 413 2380 καί
438 2353 469 2380 τὸ
487 2363 497 2377 α
515 2351 557 2386 οὖ,
572 2363 587 2377 ››
601 2351 631 2378 τὸ
654 2351 724 2388 πρὸς
747 2350 876 2386 ἀλήθειαν
891 2350 957 2387 ἀρᾳ-

132 2396 308 2433 διούργητον,
329 2397 360 2424 τὸ
382 2397 557 2434 ἀνθρωπίνως
581 2396 752 2430 κοινωνικὸν,
775 2396 806 2423 τὸ
828 2396 959 2433 ἀκακούρ-

129 2451 186 2478 γως
201 2439 402 2475 πολιτευτικὸν,
415 2442 447 2468 τὸ
462 2441 488 2469 ἐν
505 2441 726 2478 συναλλάγμασιν
744 2439 856 2475 ἄδολον,
872 2440 903 2468 τὸ
931 2439 956 2467 ἐν

132 2485 312 2522 ὑποσχέσεσιν
334 2485 451 2521 ἀτρεκὲς,
480 2486 512 2513 τὸ
541 2486 566 2513 ἐν
586 2484 759 2522 δανείσμασιν
789 2485 806 2520 ἢ
837 2484 956 2523 ἀκερδὲς,

131 2530 150 2564 ἢ
167 2528 240 2556 ἀλλὰ
255 2527 372 2566 δευτέρῳ
397 2528 474 2567 λόγῳ
498 2529 675 2567 εὐδιακρίτως
698 2529 885 2568 ὀλιγοκερδὲς,
911 2529 957 2557 καὶ

132 2574 245 2605 ὁπόσοις
261 2572 357 2604 ἄλλοις
375 2573 435 2611 βίος
451 2573 602 2611 ἐξαρτύεται
618 2574 732 2611 ἥμερος,
747 2574 792 2601 καὶ
810 2575 848 2610 μὴ
864 2574 959 2612 αἰσχύ-

131 2629 184 2646 νων
207 2618 255 2646 τὸν
281 2620 330 2646 τοῦ
359 2618 426 2645 Θεοῦ
452 2617 604 2655 ἄνθρωπον,
628 2619 673 2646 καὶ
699 2618 738 2650 sic
768 2621 835 2646 Θεοῦ
863 2617 957 2656 δένδρα

133 2664 218 2695 οὕτως
256 2663 398 2699 αὖξάνεσθε
439 2662 484 2690 καὶ
521 2662 690 2697 πληθύνεσθε
728 2661 871 2701 πολυφόρα
911 2663 954 2690 κα)

131 2707 320 2747 ἀγλαόκαρποι,
337 2708 381 2736 καὶ
407 2709 451 2735 οἷα
475 2707 617 2746 γλυκάζειν
639 2708 683 2734 καὶ
706 2707 813 2744 τέρπειν
830 2706 875 2734 διὰ
890 2708 956 2744 ἀγά-

133 2764 198 2789 πης,
220 2754 280 2786 καθ’
301 2754 332 2788 ἣν
356 2752 522 2790 ἠγαπημὲνα
546 2751 662 2791 νιόφυσα
685 2754 726 2788 τῷ
747 2754 804 2788 Θεῷ
821 2752 957 2788 ἰξοσιοῦν-

133 2808 176 2825 ται
193 2797 231 2830 εἷς
245 2796 322 2833 δόξαν
346 2797 430 2826 αὐτοῦ
451 2798 520 2834 ὐψοῦ
545 2796 737 2834 ἀνατρέχοντα.
762 2797 812 2824 Καὶ
836 2799 958 2824 τοιοῦτοι

136 2842 183 2880 μὶν
209 2843 286 2881 ὑμεῖς
311 2840 470 2872 ἀποϐαίνετε
492 2841 568 2881 λόγῳ
592 2840 771 2879 τελειώσεως,
798 2842 835 2874 ὡς
850 2840 956 2880 ἅνθρω-

1012 2352 1140 2387 vexabit,
1157 2352 1218 2385 sed,
1235 2354 1267 2380 ut
1282 2353 1479 2381 Christianum
1492 2354 1584 2386 decet,
1602 2355 1630 2382 in
1648 2355 1838 2390 colloquendo

1015 2396 1172 2429 affabilem,
1184 2396 1213 2424 in
1231 2398 1431 2425 conversando
1447 2399 1612 2434 simplicem
1629 2407 1659 2426 se
1670 2401 1836 2434 praestabit;

1013 2441 1062 2476 qui
1080 2442 1238 2476 praeterita
1253 2441 1296 2469 vel
1307 2450 1362 2470 non
1374 2442 1447 2470 nihil
1464 2443 1591 2478 adjiciet,
1609 2446 1638 2471 et
1653 2453 1669 2471 a
1685 2443 1752 2472 lassa
1763 2445 1837 2473 veri-

1012 2487 1072 2513 tate
1087 2494 1209 2522 prorsus
1230 2486 1419 2520 abhorrebit;
1451 2487 1500 2523 qui
1530 2488 1558 2515 in
1589 2487 1723 2516 civilibus
1750 2490 1837 2517 rebus

1012 2529 1171 2564 ofﬁciosus,
1189 2530 1217 2558 in
1235 2531 1362 2567 publicis
1375 2531 1531 2567 innocuus,
1547 2531 1577 2559 in
1591 2534 1837 2562 exercendamer-

1013 2577 1116 2602 catura
1141 2575 1254 2603 fraudis
1278 2575 1444 2604 invenietur
1466 2584 1594 2611 expers;
1629 2577 1679 2613 qui
1709 2578 1838 2606 fenerata

1012 2627 1045 2647 ex
1064 2619 1188 2655 pecunia
1204 2621 1368 2648 mercedem
1392 2621 1436 2648 vel
1452 2620 1564 2649 nullam
1579 2621 1623 2649 vel
1640 2623 1744 2651 saltem
1762 2623 1836 2651 bene

1012 2664 1157 2692 modicam
1199 2665 1303 2701 exiget,
1342 2665 1384 2693 ita
1430 2667 1462 2693 ut
1505 2666 1553 2701 qui
1591 2669 1743 2694 mutuatus
1781 2668 1837 2694 erit

1012 2709 1068 2737 sibi
1099 2712 1248 2744 comparet
1280 2718 1314 2737 ex
1350 2709 1470 2746 reliquis
1499 2711 1608 2738 victum
1638 2710 1752 2738 facilem
1783 2719 1836 2738 nec

1012 2753 1072 2782 filio
1088 2753 1137 2781 Dei
1164 2754 1346 2782 indecorum.
1363 2754 1460 2782 Simili
1475 2755 1562 2782 modo
1578 2757 1607 2783 et
1622 2763 1684 2790 vos,
1702 2757 1734 2783 ut
1749 2755 1837 2783 arbo-

1012 2805 1058 2826 res
1073 2797 1135 2833 Dei,
1159 2799 1280 2827 crescite
1296 2801 1324 2827 et
1338 2799 1494 2828 exuberate
1510 2799 1657 2827 fructibus
1673 2801 1704 2827 ut
1721 2800 1835 2836 multis,

1011 2843 1217 2879 itajucundis,
1237 2844 1436 2880 suavibusque
1461 2846 1490 2872 et
1517 2843 1654 2872 dulcibus
1678 2853 1730 2881 per
1753 2853 1836 2874 smo-
