  <div class='ocr_page' id='page_1' title='image "/cluster/home/n/w/nwhite01/storage/ocr_20150623/135/njp.32101077773107/307.png"; bbox 0 0 2030 3167; ppageno 0'>
   <div class='ocr_carea' id='block_1_1' title="bbox 233 166 293 198">
    <p class='ocr_par' dir='ltr' id='par_1_1' title="bbox 233 166 293 198">
     <span class='ocr_line' id='line_1_1' title="bbox 233 166 293 198; baseline 0 0"><span class='ocrx_word' id='word_1_1' title='bbox 233 166 293 198; x_wconf 77' lang='lat'><strong>583</strong></span> 
     </span>
    </p>
   </div>
   <div class='ocr_carea' id='block_1_2' title="bbox 622 161 1550 196">
    <p class='ocr_par' dir='ltr' id='par_1_2' title="bbox 622 161 1550 196">
     <span class='ocr_line' id='line_1_2' title="bbox 622 161 1550 196; baseline 0.001 -2"><span class='ocrx_word' id='word_1_2' title='bbox 622 163 836 196; x_wconf 77' lang='lat' dir='ltr'><strong>EUS&#39;I‘ATEII</strong></span> <span class='ocrx_word' id='word_1_3' title='bbox 855 161 1238 194; x_wconf 77' lang='lat' dir='ltr'><strong>THESSALONICENSIS</strong></span> <span class='ocrx_word' id='word_1_4' title='bbox 1259 163 1550 195; x_wconf 73' lang='lat' dir='ltr'><strong>METROPOLITA!</strong></span> 
     </span>
    </p>
   </div>
   <div class='ocr_carea' id='block_1_3' title="bbox 1885 168 1949 199">
    <p class='ocr_par' dir='ltr' id='par_1_3' title="bbox 1885 168 1949 199">
     <span class='ocr_line' id='line_1_3' title="bbox 1885 168 1949 199; baseline -0.016 0"><span class='ocrx_word' id='word_1_5' title='bbox 1885 168 1949 199; x_wconf 68' lang='lat'><strong>584</strong></span> 
     </span>
    </p>
   </div>
   <div class='ocr_carea' id='block_1_4' title="bbox 234 228 1043 272">
    <p class='ocr_par' dir='ltr' id='par_1_4' title="bbox 234 228 1042 266">
     <span class='ocr_line' id='line_1_4' title="bbox 234 228 1042 266; baseline -0.007 -4"><span class='ocrx_word' id='word_1_6' title='bbox 234 241 308 262; x_wconf 85' lang='lat' dir='ltr'><strong>rem.</strong></span> <span class='ocrx_word' id='word_1_7' title='bbox 324 233 415 260; x_wconf 83' lang='lat' dir='ltr'><strong>Amor</strong></span> <span class='ocrx_word' id='word_1_8' title='bbox 430 231 509 260; x_wconf 87' lang='lat' dir='ltr'><strong>enim</strong></span> <span class='ocrx_word' id='word_1_9' title='bbox 525 239 615 259; x_wconf 89' lang='lat' dir='ltr'><strong>causa</strong></span> <span class='ocrx_word' id='word_1_10' title='bbox 628 231 673 258; x_wconf 80' lang='lat' dir='ltr'><strong>est</strong></span> <span class='ocrx_word' id='word_1_11' title='bbox 687 238 741 258; x_wconf 89' lang='lat' dir='ltr'><strong>cur</strong></span> <span class='ocrx_word' id='word_1_12' title='bbox 755 229 893 266; x_wconf 85' lang='lat' dir='ltr'><strong>neopbyti</strong></span> <span class='ocrx_word' id='word_1_13' title='bbox 907 237 925 257; x_wconf 76' lang='grc' dir='ltr'>ι</span> <span class='ocrx_word' id='word_1_14' title='bbox 939 228 996 257; x_wconf 90' lang='lat' dir='ltr'><strong>Deo</strong></span> <span class='ocrx_word' id='word_1_15' title='bbox 1013 228 1042 256; x_wconf 91' lang='lat' dir='ltr'><strong>di</strong></span> 
     </span>
    </p>
   </div>
   <div class='ocr_carea' id='block_1_5' title="bbox 1100 228 1948 272">
    <p class='ocr_par' dir='ltr' id='par_1_5' title="bbox 1114 229 1948 272">
     <span class='ocr_line' id='line_1_5' title="bbox 1114 229 1948 272; baseline 0.007 -17"><span class='ocrx_word' id='word_1_16' title='bbox 1114 238 1161 255; x_wconf 86' lang='grc' dir='ltr'><strong>ποι</strong></span> <span class='ocrx_word' id='word_1_17' title='bbox 1175 230 1224 256; x_wconf 82' lang='grc' dir='ltr'><strong>τοῦ</strong></span> <span class='ocrx_word' id='word_1_18' title='bbox 1248 230 1326 263; x_wconf 77' lang='grc' dir='ltr'>Θεοῦ,</span> <span class='ocrx_word' id='word_1_19' title='bbox 1353 229 1467 261; x_wconf 81' lang='grc' dir='ltr'><strong>ὁποίους</strong></span> <span class='ocrx_word' id='word_1_20' title='bbox 1493 230 1508 258; x_wconf 77' lang='grc' dir='ltr'>ὁ</span> <span class='ocrx_word' id='word_1_21' title='bbox 1523 230 1674 268; x_wconf 72' lang='grc' dir='ltr'>ἁγιιῖηατος</span> <span class='ocrx_word' id='word_1_22' title='bbox 1697 232 1854 267; x_wconf 81' lang='grc' dir='ltr'>Βαπτιστής</span> <span class='ocrx_word' id='word_1_23' title='bbox 1870 232 1948 272; x_wconf 73' lang='grc' dir='ltr'><strong>φιλεῖ</strong></span> 
     </span>
    </p>
   </div>
   <div class='ocr_carea' id='block_1_6' title="bbox 233 274 1059 311">
    <p class='ocr_par' dir='ltr' id='par_1_6' title="bbox 233 274 1059 311">
     <span class='ocr_line' id='line_1_6' title="bbox 233 274 1059 311; baseline -0.006 -5"><span class='ocrx_word' id='word_1_24' title='bbox 233 278 300 306; x_wconf 80' lang='lat' dir='ltr'>lecti</span> <span class='ocrx_word' id='word_1_25' title='bbox 315 277 408 305; x_wconf 92' lang='lat' dir='ltr'><strong>sancti</strong></span> <span class='ocrx_word' id='word_1_26' title='bbox 425 276 508 311; x_wconf 84' lang='lat' dir='ltr'><strong>ﬁant,</strong></span> <span class='ocrx_word' id='word_1_27' title='bbox 524 278 552 304; x_wconf 88' lang='lat' dir='ltr'><strong>et</strong></span> <span class='ocrx_word' id='word_1_28' title='bbox 579 283 698 304; x_wconf 82' lang='lat' dir='ltr'><strong>sursum</strong></span> <span class='ocrx_word' id='word_1_29' title='bbox 723 274 752 302; x_wconf 91' lang='lat' dir='ltr'><strong>in</strong></span> <span class='ocrx_word' id='word_1_30' title='bbox 768 274 891 311; x_wconf 78' lang='lat' dir='ltr'><strong>gloriam</strong></span> <span class='ocrx_word' id='word_1_31' title='bbox 913 274 977 310; x_wconf 88' lang='lat' dir='ltr'><strong>ejus</strong></span> <span class='ocrx_word' id='word_1_32' title='bbox 994 281 1059 301; x_wconf 88' lang='lat' dir='ltr'><strong>evo-</strong></span> 
     </span>
    </p>
   </div>
   <div class='ocr_carea' id='block_1_7' title="bbox 1114 273 1765 312">
    <p class='ocr_par' dir='ltr' id='par_1_7' title="bbox 1114 273 1765 312">
     <span class='ocr_line' id='line_1_7' title="bbox 1114 273 1765 312; baseline 0.005 -12"><span class='ocrx_word' id='word_1_33' title='bbox 1114 273 1228 310; x_wconf 77' lang='grc' dir='ltr'>ἐγγίζειν</span> <span class='ocrx_word' id='word_1_34' title='bbox 1243 275 1282 310; x_wconf 87' lang='grc' dir='ltr'>τῷ</span> <span class='ocrx_word' id='word_1_35' title='bbox 1295 275 1354 310; x_wconf 84' lang='grc' dir='ltr'><strong>Θεῷ</strong></span> <span class='ocrx_word' id='word_1_36' title='bbox 1370 274 1408 305; x_wconf 79' lang='grc' dir='ltr'><strong>είς</strong></span> <span class='ocrx_word' id='word_1_37' title='bbox 1424 273 1587 312; x_wconf 76' lang='grc' dir='ltr'><strong>παραδείσου</strong></span> <span class='ocrx_word' id='word_1_38' title='bbox 1603 275 1765 306; x_wconf 77' lang='grc' dir='ltr'>ἀπόλαυσιν.</span> 
     </span>
    </p>
   </div>
   <div class='ocr_carea' id='block_1_8' title="bbox 230 318 1946 359">
    <p class='ocr_par' dir='ltr' id='par_1_8' title="bbox 230 318 1946 359">
     <span class='ocr_line' id='line_1_8' title="bbox 230 318 1946 359; baseline 0.001 -9"><span class='ocrx_word' id='word_1_39' title='bbox 230 323 302 351; x_wconf 82' lang='lat' dir='ltr'><strong>lent.</strong></span> <span class='ocrx_word' id='word_1_40' title='bbox 329 322 412 352; x_wconf 89' lang='lat' dir='ltr'><strong>Nunc</strong></span> <span class='ocrx_word' id='word_1_41' title='bbox 441 324 538 350; x_wconf 85' lang='lat' dir='ltr'><strong>autem</strong></span> <span class='ocrx_word' id='word_1_42' title='bbox 569 320 720 354; x_wconf 73' lang='lat' dir='ltr'><strong>discedite,</strong></span> <span class='ocrx_word' id='word_1_43' title='bbox 745 320 809 356; x_wconf 87' lang='lat' dir='ltr'><strong>jam</strong></span> <span class='ocrx_word' id='word_1_44' title='bbox 837 320 937 348; x_wconf 82' lang='lat' dir='ltr'><strong>exacto</strong></span> <span class='ocrx_word' id='word_1_45' title='bbox 966 326 1110 354; x_wconf 84' lang='lat' dir='ltr'><strong>sermone,</strong></span> <span class='ocrx_word' id='word_1_46' title='bbox 1129 319 1230 355; x_wconf 82' lang='lat' dir='ltr'><strong>quales</strong></span> <span class='ocrx_word' id='word_1_47' title='bbox 1255 318 1296 347; x_wconf 88' lang='lat' dir='ltr'><strong>illi</strong></span> <span class='ocrx_word' id='word_1_48' title='bbox 1322 319 1373 348; x_wconf 87' lang='lat' dir='ltr'><strong>Dei</strong></span> <span class='ocrx_word' id='word_1_49' title='bbox 1397 320 1452 348; x_wconf 88' lang='lat' dir='ltr'><strong>viri</strong></span> <span class='ocrx_word' id='word_1_50' title='bbox 1477 329 1551 356; x_wconf 88' lang='lat' dir='ltr'><strong>quos</strong></span> <span class='ocrx_word' id='word_1_51' title='bbox 1570 326 1690 351; x_wconf 86' lang='lat' dir='ltr'><strong>sanctus</strong></span> <span class='ocrx_word' id='word_1_52' title='bbox 1714 322 1853 359; x_wconf 81' lang='lat' dir='ltr'><strong>Baptista</strong></span> <span class='ocrx_word' id='word_1_53' title='bbox 1871 323 1946 352; x_wconf 82' lang='lat' dir='ltr'><strong>solet</strong></span> 
     </span>
    </p>
   </div>
   <div class='ocr_carea' id='block_1_9' title="bbox 232 364 1019 403">
    <p class='ocr_par' dir='ltr' id='par_1_9' title="bbox 232 364 1019 403">
     <span class='ocr_line' id='line_1_9' title="bbox 232 364 1019 403; baseline -0.005 -8"><span class='ocrx_word' id='word_1_54' title='bbox 232 367 372 396; x_wconf 77' lang='lat' dir='ltr'><strong>collocare</strong></span> <span class='ocrx_word' id='word_1_55' title='bbox 385 366 462 403; x_wconf 89' lang='lat' dir='ltr'><strong>apud</strong></span> <span class='ocrx_word' id='word_1_56' title='bbox 477 366 581 399; x_wconf 88' lang='lat' dir='ltr'><strong>Deum,</strong></span> <span class='ocrx_word' id='word_1_57' title='bbox 598 367 630 393; x_wconf 80' lang='lat' dir='ltr'><strong>ut</strong></span> <span class='ocrx_word' id='word_1_58' title='bbox 645 365 782 401; x_wconf 77' lang='lat' dir='ltr'><strong>paradiso</strong></span> <span class='ocrx_word' id='word_1_59' title='bbox 794 364 858 399; x_wconf 84' lang='lat' dir='ltr'><strong>eius</strong></span> <span class='ocrx_word' id='word_1_60' title='bbox 874 364 1019 392; x_wconf 73' lang='lat' dir='ltr'><strong>fruantur.</strong></span> 
     </span>
    </p>
   </div>
   <div class='ocr_carea' id='block_1_10' title="bbox 266 408 1054 446">
    <p class='ocr_par' dir='ltr' id='par_1_10' title="bbox 266 408 1054 446">
     <span class='ocr_line' id='line_1_10' title="bbox 266 408 1054 446; baseline -0.006 -6"><span class='ocrx_word' id='word_1_61' title='bbox 266 413 312 440; x_wconf 82' lang='lat'><strong>25.</strong></span> <span class='ocrx_word' id='word_1_62' title='bbox 329 411 410 444; x_wconf 88' lang='lat' dir='ltr'><strong>Quod</strong></span> <span class='ocrx_word' id='word_1_63' title='bbox 427 411 452 439; x_wconf 91' lang='lat' dir='ltr'><strong>si</strong></span> <span class='ocrx_word' id='word_1_64' title='bbox 468 410 545 446; x_wconf 84' lang='lat' dir='ltr'><strong>quis,</strong></span> <span class='ocrx_word' id='word_1_65' title='bbox 563 412 663 445; x_wconf 88' lang='lat' dir='ltr'><strong>utpote</strong></span> <span class='ocrx_word' id='word_1_66' title='bbox 688 409 779 437; x_wconf 85' lang='lat' dir='ltr'><strong>futuri</strong></span> <span class='ocrx_word' id='word_1_67' title='bbox 795 408 1003 442; x_wconf 85' lang='lat' dir='ltr'><strong>inscius,cavet</strong></span> <span class='ocrx_word' id='word_1_68' title='bbox 1019 415 1054 436; x_wconf 87' lang='lat' dir='ltr'><strong>ne</strong></span> 
     </span>
    </p>
   </div>
   <div class='ocr_carea' id='block_1_11' title="bbox 232 453 1054 492">
    <p class='ocr_par' dir='ltr' id='par_1_11' title="bbox 232 453 1054 492">
     <span class='ocr_line' id='line_1_11' title="bbox 232 453 1054 492; baseline -0.005 -7"><span class='ocrx_word' id='word_1_69' title='bbox 232 457 306 485; x_wconf 87' lang='lat' dir='ltr'><strong>alter</strong></span> <span class='ocrx_word' id='word_1_70' title='bbox 321 455 470 492; x_wconf 86' lang='lat' dir='ltr'><strong>Sapricius</strong></span> <span class='ocrx_word' id='word_1_71' title='bbox 479 455 534 483; x_wconf 95' lang='lat' dir='ltr'><strong>sibi</strong></span> <span class='ocrx_word' id='word_1_72' title='bbox 548 455 680 482; x_wconf 83' lang='lat' dir='ltr'><strong>infensus</strong></span> <span class='ocrx_word' id='word_1_73' title='bbox 692 453 798 481; x_wconf 87' lang='lat' dir='ltr'><strong>alicubi</strong></span> <span class='ocrx_word' id='word_1_74' title='bbox 810 453 1054 489; x_wconf 81' lang='lat' dir='ltr'><strong>lateat,timelque</strong></span> 
     </span>
    </p>
   </div>
   <div class='ocr_carea' id='block_1_12' title="bbox 233 497 1053 537">
    <p class='ocr_par' dir='ltr' id='par_1_12' title="bbox 233 497 1053 537">
     <span class='ocr_line' id='line_1_12' title="bbox 233 497 1053 537; baseline -0.005 -8"><span class='ocrx_word' id='word_1_75' title='bbox 233 503 269 529; x_wconf 89' lang='lat' dir='ltr'><strong>de</strong></span> <span class='ocrx_word' id='word_1_76' title='bbox 285 508 460 537; x_wconf 85' lang='lat' dir='ltr'><strong>congressus</strong></span> <span class='ocrx_word' id='word_1_77' title='bbox 477 508 543 527; x_wconf 89' lang='lat' dir='ltr'><strong>cum</strong></span> <span class='ocrx_word' id='word_1_78' title='bbox 573 499 623 527; x_wconf 90' lang='lat' dir='ltr'><strong>illo</strong></span> <span class='ocrx_word' id='word_1_79' title='bbox 653 499 724 526; x_wconf 87' lang='lat' dir='ltr'><strong>adeo</strong></span> <span class='ocrx_word' id='word_1_80' title='bbox 752 507 808 526; x_wconf 89' lang='lat' dir='ltr'><strong>non</strong></span> <span class='ocrx_word' id='word_1_81' title='bbox 830 498 893 534; x_wconf 83' lang='lat' dir='ltr'><strong>ipse</strong></span> <span class='ocrx_word' id='word_1_82' title='bbox 908 498 936 525; x_wconf 92' lang='lat' dir='ltr'><strong>in</strong></span> <span class='ocrx_word' id='word_1_83' title='bbox 949 497 1053 526; x_wconf 74' lang='lat' dir='ltr'><strong>coalum</strong></span> 
     </span>
    </p>
   </div>
   <div class='ocr_carea' id='block_1_13' title="bbox 232 542 1054 579">
    <p class='ocr_par' dir='ltr' id='par_1_13' title="bbox 232 542 1054 579">
     <span class='ocr_line' id='line_1_13' title="bbox 232 542 1054 579; baseline -0.006 -5"><span class='ocrx_word' id='word_1_84' title='bbox 232 547 399 578; x_wconf 87' lang='lat' dir='ltr'><strong>advocetur,</strong></span> <span class='ocrx_word' id='word_1_85' title='bbox 423 547 456 572; x_wconf 89' lang='lat' dir='ltr'><strong>ut</strong></span> <span class='ocrx_word' id='word_1_86' title='bbox 471 546 574 572; x_wconf 91' lang='lat' dir='ltr'><strong>contra</strong></span> <span class='ocrx_word' id='word_1_87' title='bbox 588 544 617 571; x_wconf 90' lang='lat' dir='ltr'><strong>in</strong></span> <span class='ocrx_word' id='word_1_88' title='bbox 633 543 735 571; x_wconf 80' lang='lat' dir='ltr'><strong>inferis</strong></span> <span class='ocrx_word' id='word_1_89' title='bbox 752 542 823 579; x_wconf 85' lang='lat' dir='ltr'><strong>pede</strong></span> <span class='ocrx_word' id='word_1_90' title='bbox 841 542 940 578; x_wconf 88' lang='lat' dir='ltr'><strong>lapsus</strong></span> <span class='ocrx_word' id='word_1_91' title='bbox 956 542 1054 578; x_wconf 81' lang='lat' dir='ltr'><strong>dispe-</strong></span> 
     </span>
    </p>
   </div>
   <div class='ocr_carea' id='block_1_14' title="bbox 232 587 1052 624">
    <p class='ocr_par' dir='ltr' id='par_1_14' title="bbox 232 587 1052 624">
     <span class='ocr_line' id='line_1_14' title="bbox 232 587 1052 624; baseline -0.005 -6"><span class='ocrx_word' id='word_1_92' title='bbox 232 592 303 624; x_wconf 88' lang='lat' dir='ltr'><strong>reat,</strong></span> <span class='ocrx_word' id='word_1_93' title='bbox 335 589 424 618; x_wconf 89' lang='lat' dir='ltr'><strong>nolite</strong></span> <span class='ocrx_word' id='word_1_94' title='bbox 450 589 512 617; x_wconf 88' lang='lat' dir='ltr'><strong>viro</strong></span> <span class='ocrx_word' id='word_1_95' title='bbox 537 588 666 624; x_wconf 82' lang='lat' dir='ltr'><strong>ineptam</strong></span> <span class='ocrx_word' id='word_1_96' title='bbox 683 590 711 615; x_wconf 88' lang='lat' dir='ltr'><strong>et</strong></span> <span class='ocrx_word' id='word_1_97' title='bbox 725 587 890 615; x_wconf 85' lang='lat' dir='ltr'><strong>dementem</strong></span> <span class='ocrx_word' id='word_1_98' title='bbox 907 587 1052 623; x_wconf 87' lang='lat' dir='ltr'><strong>ignaviam</strong></span> 
     </span>
    </p>
   </div>
   <div class='ocr_carea' id='block_1_15' title="bbox 231 632 1054 670">
    <p class='ocr_par' dir='ltr' id='par_1_15' title="bbox 231 632 1054 670">
     <span class='ocr_line' id='line_1_15' title="bbox 231 632 1054 670; baseline -0.005 -7"><span class='ocrx_word' id='word_1_99' title='bbox 231 634 367 670; x_wconf 86' lang='lat' dir='ltr'><strong>objicere,</strong></span> <span class='ocrx_word' id='word_1_100' title='bbox 383 634 434 662; x_wconf 87' lang='lat' dir='ltr'><strong>sed</strong></span> <span class='ocrx_word' id='word_1_101' title='bbox 450 636 550 662; x_wconf 79' lang='lat' dir='ltr'><strong>contra</strong></span> <span class='ocrx_word' id='word_1_102' title='bbox 571 635 630 661; x_wconf 84' lang='lat' dir='ltr'><strong>toto</strong></span> <span class='ocrx_word' id='word_1_103' title='bbox 656 633 742 660; x_wconf 87' lang='lat' dir='ltr'><strong>corde</strong></span> <span class='ocrx_word' id='word_1_104' title='bbox 758 635 837 660; x_wconf 89' lang='lat' dir='ltr'><strong>orate</strong></span> <span class='ocrx_word' id='word_1_105' title='bbox 853 635 884 660; x_wconf 89' lang='lat' dir='ltr'><strong>ut</strong></span> <span class='ocrx_word' id='word_1_106' title='bbox 899 632 1054 660; x_wconf 86' lang='lat' dir='ltr'><strong>occumbat</strong></span> 
     </span>
    </p>
   </div>
   <div class='ocr_carea' id='block_1_16' title="bbox 231 676 1051 715">
    <p class='ocr_par' dir='ltr' id='par_1_16' title="bbox 231 676 1051 715">
     <span class='ocr_line' id='line_1_16' title="bbox 231 676 1051 715; baseline -0.005 -8"><span class='ocrx_word' id='word_1_107' title='bbox 231 679 379 715; x_wconf 86' lang='lat' dir='ltr'><strong>Sapricius</strong></span> <span class='ocrx_word' id='word_1_108' title='bbox 400 686 494 706; x_wconf 78' lang='lat' dir='ltr'><strong>navus</strong></span> <span class='ocrx_word' id='word_1_109' title='bbox 513 677 559 705; x_wconf 85' lang='lat' dir='ltr'><strong>bis</strong></span> <span class='ocrx_word' id='word_1_110' title='bbox 575 677 730 713; x_wconf 88' lang='lat' dir='ltr'><strong>Nicephori</strong></span> <span class='ocrx_word' id='word_1_111' title='bbox 747 676 860 704; x_wconf 86' lang='lat' dir='ltr'><strong>artibus</strong></span> <span class='ocrx_word' id='word_1_112' title='bbox 876 685 949 712; x_wconf 88' lang='lat' dir='ltr'><strong>quas</strong></span> <span class='ocrx_word' id='word_1_113' title='bbox 966 677 1051 704; x_wconf 88' lang='lat' dir='ltr'><strong>modo</strong></span> 
     </span>
    </p>
   </div>
   <div class='ocr_carea' id='block_1_17' title="bbox 229 721 1053 759">
    <p class='ocr_par' dir='ltr' id='par_1_17' title="bbox 229 721 1053 759">
     <span class='ocr_line' id='line_1_17' title="bbox 229 721 1053 759; baseline -0.004 -8"><span class='ocrx_word' id='word_1_114' title='bbox 229 724 360 759; x_wconf 81' lang='lat' dir='ltr'><strong>exposui.</strong></span> <span class='ocrx_word' id='word_1_115' title='bbox 378 722 407 751; x_wconf 91' lang='lat' dir='ltr'><strong>Si</strong></span> <span class='ocrx_word' id='word_1_116' title='bbox 424 723 492 750; x_wconf 91' lang='lat' dir='ltr'><strong>inde</strong></span> <span class='ocrx_word' id='word_1_117' title='bbox 508 722 652 757; x_wconf 80' lang='lat' dir='ltr'><strong>contingit</strong></span> <span class='ocrx_word' id='word_1_118' title='bbox 669 724 712 756; x_wconf 93' lang='lat' dir='ltr'><strong>ut,</strong></span> <span class='ocrx_word' id='word_1_119' title='bbox 741 730 775 749; x_wconf 85' lang='lat' dir='ltr'><strong>ex</strong></span> <span class='ocrx_word' id='word_1_120' title='bbox 805 721 940 749; x_wconf 86' lang='lat' dir='ltr'><strong>universa</strong></span> <span class='ocrx_word' id='word_1_121' title='bbox 968 721 1053 749; x_wconf 81' lang='lat' dir='ltr'><strong>bene-</strong></span> 
     </span>
    </p>
   </div>
   <div class='ocr_carea' id='block_1_18' title="bbox 228 766 1052 803">
    <p class='ocr_par' dir='ltr' id='par_1_18' title="bbox 228 766 1052 803">
     <span class='ocr_line' id='line_1_18' title="bbox 228 766 1052 803; baseline -0.002 -7"><span class='ocrx_word' id='word_1_122' title='bbox 228 768 356 796; x_wconf 84' lang='lat' dir='ltr'><strong>dictione</strong></span> <span class='ocrx_word' id='word_1_123' title='bbox 371 776 434 803; x_wconf 72' lang='lat' dir='ltr'><strong>quaa</strong></span> <span class='ocrx_word' id='word_1_124' title='bbox 458 769 525 803; x_wconf 86' lang='lat' dir='ltr'><strong>post</strong></span> <span class='ocrx_word' id='word_1_125' title='bbox 547 767 692 794; x_wconf 82' lang='lat' dir='ltr'><strong>Adamum</strong></span> <span class='ocrx_word' id='word_1_126' title='bbox 709 768 837 794; x_wconf 87' lang='lat' dir='ltr'><strong>creatum</strong></span> <span class='ocrx_word' id='word_1_127' title='bbox 863 766 1052 801; x_wconf 81' lang='lat' dir='ltr'><strong>pronuntiata</strong></span> 
     </span>
    </p>
   </div>
   <div class='ocr_carea' id='block_1_19' title="bbox 228 810 1051 849">
    <p class='ocr_par' dir='ltr' id='par_1_19' title="bbox 228 810 1051 849">
     <span class='ocr_line' id='line_1_19' title="bbox 228 810 1051 849; baseline -0.004 -8"><span class='ocrx_word' id='word_1_128' title='bbox 228 816 283 847; x_wconf 85' lang='lat' dir='ltr'><strong>est,</strong></span> <span class='ocrx_word' id='word_1_129' title='bbox 299 815 329 840; x_wconf 87' lang='lat' dir='ltr'><strong>et</strong></span> <span class='ocrx_word' id='word_1_130' title='bbox 344 812 500 849; x_wconf 73' lang='lat' dir='ltr'><strong>paradisus</strong></span> <span class='ocrx_word' id='word_1_131' title='bbox 520 811 623 839; x_wconf 86' lang='lat' dir='ltr'><strong>incolis</strong></span> <span class='ocrx_word' id='word_1_132' title='bbox 637 811 839 846; x_wconf 81' lang='lat' dir='ltr'><strong>frequentetur</strong></span> <span class='ocrx_word' id='word_1_133' title='bbox 857 810 905 845; x_wconf 87' lang='grc'>(1),</span> <span class='ocrx_word' id='word_1_134' title='bbox 922 812 952 837; x_wconf 84' lang='lat' dir='ltr'><strong>et</strong></span> <span class='ocrx_word' id='word_1_135' title='bbox 966 810 1051 838; x_wconf 87' lang='lat' dir='ltr'><strong>arbo-</strong></span> 
     </span>
    </p>
   </div>
   <div class='ocr_carea' id='block_1_20' title="bbox 228 855 1050 888">
    <p class='ocr_par' dir='ltr' id='par_1_20' title="bbox 228 855 1050 888">
     <span class='ocr_line' id='line_1_20' title="bbox 228 855 1050 888; baseline -0.004 -3"><span class='ocrx_word' id='word_1_136' title='bbox 228 858 311 885; x_wconf 79' lang='lat' dir='ltr'><strong>ribus</strong></span> <span class='ocrx_word' id='word_1_137' title='bbox 327 857 434 885; x_wconf 91' lang='lat' dir='ltr'><strong>divinis</strong></span> <span class='ocrx_word' id='word_1_138' title='bbox 451 858 584 884; x_wconf 82' lang='lat' dir='ltr'><strong>crescant</strong></span> <span class='ocrx_word' id='word_1_139' title='bbox 599 864 666 883; x_wconf 91' lang='lat' dir='ltr'><strong>cum</strong></span> <span class='ocrx_word' id='word_1_140' title='bbox 684 855 801 883; x_wconf 84' lang='lat' dir='ltr'><strong>frondes</strong></span> <span class='ocrx_word' id='word_1_141' title='bbox 816 857 976 888; x_wconf 85' lang='lat' dir='ltr'><strong>comantes,</strong></span> <span class='ocrx_word' id='word_1_142' title='bbox 987 857 1050 882; x_wconf 87' lang='lat' dir='ltr'><strong>tum</strong></span> 
     </span>
    </p>
   </div>
   <div class='ocr_carea' id='block_1_21' title="bbox 227 900 1050 936">
    <p class='ocr_par' dir='ltr' id='par_1_21' title="bbox 227 900 1050 936">
     <span class='ocr_line' id='line_1_21' title="bbox 227 900 1050 936; baseline -0.005 -6"><span class='ocrx_word' id='word_1_143' title='bbox 227 902 341 930; x_wconf 87' lang='lat' dir='ltr'><strong>fructus</strong></span> <span class='ocrx_word' id='word_1_144' title='bbox 354 901 411 929; x_wconf 86' lang='lat' dir='ltr'><strong>Deo</strong></span> <span class='ocrx_word' id='word_1_145' title='bbox 423 901 559 936; x_wconf 84' lang='lat' dir='ltr'><strong>jucundi,</strong></span> <span class='ocrx_word' id='word_1_146' title='bbox 575 900 674 927; x_wconf 84' lang='lat' dir='ltr'><strong>omnia</strong></span> <span class='ocrx_word' id='word_1_147' title='bbox 688 907 776 935; x_wconf 83' lang='lat' dir='ltr'><strong>penes</strong></span> <span class='ocrx_word' id='word_1_148' title='bbox 792 907 846 927; x_wconf 91' lang='lat' dir='ltr'><strong>nos</strong></span> <span class='ocrx_word' id='word_1_149' title='bbox 860 901 947 927; x_wconf 84' lang='lat' dir='ltr'><strong>erunt</strong></span> <span class='ocrx_word' id='word_1_150' title='bbox 963 902 1050 933; x_wconf 89' lang='lat' dir='ltr'><strong>bona,</strong></span> 
     </span>
    </p>
   </div>
   <div class='ocr_carea' id='block_1_22' title="bbox 228 943 1049 982">
    <p class='ocr_par' dir='ltr' id='par_1_22' title="bbox 228 943 1049 982">
     <span class='ocr_line' id='line_1_22' title="bbox 228 943 1049 982; baseline -0.005 -8"><span class='ocrx_word' id='word_1_151' title='bbox 228 954 374 982; x_wconf 82' lang='lat' dir='ltr'><strong>superque</strong></span> <span class='ocrx_word' id='word_1_152' title='bbox 402 945 521 973; x_wconf 69' lang='lat' dir='ltr'><strong>accedet</strong></span> <span class='ocrx_word' id='word_1_153' title='bbox 545 943 688 972; x_wconf 82' lang='lat' dir='ltr'><strong>auxilium</strong></span> <span class='ocrx_word' id='word_1_154' title='bbox 718 943 767 971; x_wconf 88' lang='lat' dir='ltr'><strong>Dei</strong></span> <span class='ocrx_word' id='word_1_155' title='bbox 789 943 840 979; x_wconf 88' lang='lat' dir='ltr'><strong>qui</strong></span> <span class='ocrx_word' id='word_1_156' title='bbox 865 944 1003 971; x_wconf 88' lang='lat' dir='ltr'><strong>continuo</strong></span> <span class='ocrx_word' id='word_1_157' title='bbox 1019 943 1049 970; x_wconf 89' lang='lat' dir='ltr'><strong>in</strong></span> 
     </span>
    </p>
   </div>
   <div class='ocr_carea' id='block_1_23' title="bbox 227 987 1049 1026">
    <p class='ocr_par' dir='ltr' id='par_1_23' title="bbox 227 987 1049 1026">
     <span class='ocr_line' id='line_1_23' title="bbox 227 987 1049 1026; baseline -0.005 -8"><span class='ocrx_word' id='word_1_158' title='bbox 227 990 352 1026; x_wconf 89' lang='lat' dir='ltr'><strong>singulis</strong></span> <span class='ocrx_word' id='word_1_159' title='bbox 381 989 584 1017; x_wconf 88' lang='lat' dir='ltr'><strong>convertendis</strong></span> <span class='ocrx_word' id='word_1_160' title='bbox 612 991 728 1016; x_wconf 87' lang='lat' dir='ltr'><strong>tantum</strong></span> <span class='ocrx_word' id='word_1_161' title='bbox 757 987 887 1016; x_wconf 76' lang='lat' dir='ltr'><strong>elaborat</strong></span> <span class='ocrx_word' id='word_1_162' title='bbox 902 990 934 1016; x_wconf 81' lang='lat' dir='ltr'><strong>ut</strong></span> <span class='ocrx_word' id='word_1_163' title='bbox 949 988 1049 1023; x_wconf 68' lang='lat' dir='ltr'><strong>saepis-</strong></span> 
     </span>
    </p>
   </div>
   <div class='ocr_carea' id='block_1_24' title="bbox 226 1032 1047 1068">
    <p class='ocr_par' dir='ltr' id='par_1_24' title="bbox 226 1032 1047 1068">
     <span class='ocr_line' id='line_1_24' title="bbox 226 1032 1047 1068; baseline -0.004 -6"><span class='ocrx_word' id='word_1_164' title='bbox 226 1035 300 1063; x_wconf 88' lang='lat' dir='ltr'><strong>sime</strong></span> <span class='ocrx_word' id='word_1_165' title='bbox 324 1034 368 1062; x_wconf 87' lang='lat' dir='ltr'><strong>vel</strong></span> <span class='ocrx_word' id='word_1_166' title='bbox 384 1034 489 1061; x_wconf 89' lang='lat' dir='ltr'><strong>invitos</strong></span> <span class='ocrx_word' id='word_1_167' title='bbox 511 1035 606 1061; x_wconf 83' lang='lat' dir='ltr'><strong>servet</strong></span> <span class='ocrx_word' id='word_1_168' title='bbox 621 1035 706 1068; x_wconf 87' lang='lat' dir='ltr'><strong>atque</strong></span> <span class='ocrx_word' id='word_1_169' title='bbox 722 1032 752 1060; x_wconf 93' lang='lat' dir='ltr'><strong>in</strong></span> <span class='ocrx_word' id='word_1_170' title='bbox 775 1032 899 1068; x_wconf 83' lang='lat' dir='ltr'><strong>gloriam</strong></span> <span class='ocrx_word' id='word_1_171' title='bbox 916 1032 1047 1068; x_wconf 84' lang='lat' dir='ltr'><strong>recipiat,</strong></span> 
     </span>
    </p>
   </div>
   <div class='ocr_carea' id='block_1_25' title="bbox 226 1076 1048 1115">
    <p class='ocr_par' dir='ltr' id='par_1_25' title="bbox 226 1076 1048 1115">
     <span class='ocr_line' id='line_1_25' title="bbox 226 1076 1048 1115; baseline -0.002 -9"><span class='ocrx_word' id='word_1_172' title='bbox 226 1079 335 1115; x_wconf 86' lang='lat' dir='ltr'><strong>quippe</strong></span> <span class='ocrx_word' id='word_1_173' title='bbox 350 1079 400 1114; x_wconf 90' lang='lat' dir='ltr'><strong>qui</strong></span> <span class='ocrx_word' id='word_1_174' title='bbox 426 1078 465 1106; x_wconf 89' lang='lat' dir='ltr'><strong>sit</strong></span> <span class='ocrx_word' id='word_1_175' title='bbox 489 1077 608 1105; x_wconf 89' lang='lat' dir='ltr'><strong>omnino</strong></span> <span class='ocrx_word' id='word_1_176' title='bbox 625 1078 731 1111; x_wconf 79' lang='lat' dir='ltr'><strong>bonus,</strong></span> <span class='ocrx_word' id='word_1_177' title='bbox 747 1079 919 1113; x_wconf 80' lang='lat' dir='ltr'><strong>amatorque</strong></span> <span class='ocrx_word' id='word_1_178' title='bbox 935 1076 1048 1105; x_wconf 83' lang='lat' dir='ltr'><strong>anima-</strong></span> 
     </span>
    </p>
   </div>
   <div class='ocr_carea' id='block_1_26' title="bbox 224 1122 1011 1158">
    <p class='ocr_par' dir='ltr' id='par_1_26' title="bbox 224 1122 1011 1158">
     <span class='ocr_line' id='line_1_26' title="bbox 224 1122 1011 1158; baseline -0.003 -6"><span class='ocrx_word' id='word_1_179' title='bbox 224 1132 290 1152; x_wconf 89' lang='lat' dir='ltr'><strong>rum</strong></span> <span class='ocrx_word' id='word_1_180' title='bbox 306 1125 335 1152; x_wconf 91' lang='lat' dir='ltr'><strong>et</strong></span> <span class='ocrx_word' id='word_1_181' title='bbox 349 1123 457 1151; x_wconf 87' lang='lat' dir='ltr'><strong>idcirco</strong></span> <span class='ocrx_word' id='word_1_182' title='bbox 474 1122 559 1150; x_wconf 86' lang='lat' dir='ltr'><strong>laude</strong></span> <span class='ocrx_word' id='word_1_183' title='bbox 573 1122 680 1158; x_wconf 85' lang='lat' dir='ltr'><strong>dignus</strong></span> <span class='ocrx_word' id='word_1_184' title='bbox 692 1122 721 1149; x_wconf 87' lang='lat' dir='ltr'><strong>in</strong></span> <span class='ocrx_word' id='word_1_185' title='bbox 737 1124 890 1150; x_wconf 76' lang='lat' dir='ltr'><strong>saternum.</strong></span> <span class='ocrx_word' id='word_1_186' title='bbox 907 1124 1011 1150; x_wconf 78' lang='lat' dir='ltr'><strong>Amen.</strong></span> 
     </span>
    </p>
   </div>
   <div class='ocr_carea' id='block_1_27' title="bbox 1144 406 1942 449">
    <p class='ocr_par' dir='ltr' id='par_1_27' title="bbox 1144 406 1942 449">
     <span class='ocr_line' id='line_1_27' title="bbox 1144 406 1942 449; baseline 0.006 -15"><span class='ocrx_word' id='word_1_187' title='bbox 1144 407 1191 436; x_wconf 86' lang='grc' dir='ltr'>κε’.</span> <span class='ocrx_word' id='word_1_188' title='bbox 1208 406 1244 436; x_wconf 73' lang='grc' dir='ltr'>Εἴ</span> <span class='ocrx_word' id='word_1_189' title='bbox 1256 406 1284 435; x_wconf 75' lang='grc' dir='ltr'><strong>δέ</strong></span> <span class='ocrx_word' id='word_1_190' title='bbox 1306 418 1349 439; x_wconf 91' lang='grc' dir='ltr'><strong>τις</strong></span> <span class='ocrx_word' id='word_1_191' title='bbox 1373 408 1517 447; x_wconf 76' lang='grc' dir='ltr'>ἄνθρωπος</span> <span class='ocrx_word' id='word_1_192' title='bbox 1539 407 1576 437; x_wconf 84' lang='grc' dir='ltr'>ὣν</span> <span class='ocrx_word' id='word_1_193' title='bbox 1606 410 1778 449; x_wconf 86' lang='grc' dir='ltr'>ἀπροόρατος</span> <span class='ocrx_word' id='word_1_194' title='bbox 1798 413 1849 438; x_wconf 65' lang='grc' dir='ltr'><strong>τοῦ</strong></span> <span class='ocrx_word' id='word_1_195' title='bbox 1875 411 1942 448; x_wconf 64' lang='grc' dir='ltr'>μὶλο</span> 
     </span>
    </p>
   </div>
   <div class='ocr_carea' id='block_1_28' title="bbox 1109 449 1942 492">
    <p class='ocr_par' dir='ltr' id='par_1_28' title="bbox 1109 449 1942 492">
     <span class='ocr_line' id='line_1_28' title="bbox 1109 449 1942 492; baseline 0.005 -13"><span class='ocrx_word' id='word_1_196' title='bbox 1109 450 1205 484; x_wconf 86' lang='grc' dir='ltr'>λοντος</span> <span class='ocrx_word' id='word_1_197' title='bbox 1230 449 1397 487; x_wconf 73' lang='grc' dir='ltr'>εὐλαϐεῖται,</span> <span class='ocrx_word' id='word_1_198' title='bbox 1428 454 1466 490; x_wconf 83' lang='grc' dir='ltr'><strong>μή</strong></span> <span class='ocrx_word' id='word_1_199' title='bbox 1498 463 1550 481; x_wconf 85' lang='grc' dir='ltr'>που</span> <span class='ocrx_word' id='word_1_200' title='bbox 1577 454 1729 492; x_wconf 78' lang='grc' dir='ltr'>Σὰπρίκιόν</span> <span class='ocrx_word' id='word_1_201' title='bbox 1742 466 1804 483; x_wconf 84' lang='grc' dir='ltr'>τινα</span> <span class='ocrx_word' id='word_1_202' title='bbox 1819 456 1942 488; x_wconf 75' lang='grc' dir='ltr'>ὑποκαθ-</span> 
     </span>
    </p>
   </div>
   <div class='ocr_carea' id='block_1_29' title="bbox 1108 496 1941 539">
    <p class='ocr_par' dir='ltr' id='par_1_29' title="bbox 1108 496 1941 539">
     <span class='ocr_line' id='line_1_29' title="bbox 1108 496 1941 539; baseline 0.005 -15"><span class='ocrx_word' id='word_1_203' title='bbox 1108 497 1210 532; x_wconf 80' lang='grc' dir='ltr'>ήμενον</span> <span class='ocrx_word' id='word_1_204' title='bbox 1237 496 1288 534; x_wconf 80' lang='grc' dir='ltr'><strong>ἔχῃ</strong></span> <span class='ocrx_word' id='word_1_205' title='bbox 1311 497 1422 536; x_wconf 66' lang='grc' dir='ltr'>ὃχθρὸν,</span> <span class='ocrx_word' id='word_1_206' title='bbox 1452 498 1497 526; x_wconf 83' lang='grc' dir='ltr'>καὶ</span> <span class='ocrx_word' id='word_1_207' title='bbox 1527 497 1609 534; x_wconf 71' lang='grc' dir='ltr'>δέδιε,</span> <span class='ocrx_word' id='word_1_208' title='bbox 1641 501 1679 536; x_wconf 84' lang='grc' dir='ltr'>μή</span> <span class='ocrx_word' id='word_1_209' title='bbox 1705 500 1750 528; x_wconf 82' lang='grc' dir='ltr'><strong>καὶ</strong></span> <span class='ocrx_word' id='word_1_210' title='bbox 1780 501 1941 539; x_wconf 79' lang='grc' dir='ltr'>περιτυχὼν</span> 
     </span>
    </p>
   </div>
   <div class='ocr_carea' id='block_1_30' title="bbox 1107 540 1942 582">
    <p class='ocr_par' dir='ltr' id='par_1_30' title="bbox 1107 540 1942 582">
     <span class='ocr_line' id='line_1_30' title="bbox 1107 540 1942 582; baseline 0.007 -15"><span class='ocrx_word' id='word_1_211' title='bbox 1107 540 1180 577; x_wconf 85' lang='grc' dir='ltr'><strong>αὖτῷ</strong></span> <span class='ocrx_word' id='word_1_212' title='bbox 1204 540 1236 568; x_wconf 79' lang='grc' dir='ltr'>οὐ</span> <span class='ocrx_word' id='word_1_213' title='bbox 1260 541 1330 580; x_wconf 85' lang='grc' dir='ltr'>πρὸς</span> <span class='ocrx_word' id='word_1_214' title='bbox 1358 542 1422 569; x_wconf 86' lang='grc' dir='ltr'>Θεὸν</span> <span class='ocrx_word' id='word_1_215' title='bbox 1448 541 1703 582; x_wconf 72' lang='grc' dir='ltr'>ἆναπεμφθήσεται,</span> <span class='ocrx_word' id='word_1_216' title='bbox 1728 544 1793 573; x_wconf 83' lang='grc' dir='ltr'>ἀλλ’</span> <span class='ocrx_word' id='word_1_217' title='bbox 1809 545 1850 576; x_wconf 83' lang='grc' dir='ltr'><strong>εἰς</strong></span> <span class='ocrx_word' id='word_1_218' title='bbox 1875 545 1942 582; x_wconf 71' lang='grc' dir='ltr'>ᾅδου</span> 
     </span>
    </p>
   </div>
   <div class='ocr_carea' id='block_1_31' title="bbox 1106 585 1940 627">
    <p class='ocr_par' dir='ltr' id='par_1_31' title="bbox 1106 585 1940 627">
     <span class='ocr_line' id='line_1_31' title="bbox 1106 585 1940 627; baseline 0.008 -15"><span class='ocrx_word' id='word_1_219' title='bbox 1106 585 1307 621; x_wconf 73' lang='grc' dir='ltr'>κατολισθήσας</span> <span class='ocrx_word' id='word_1_220' title='bbox 1331 585 1475 623; x_wconf 68' lang='grc' dir='ltr'>ἆξολεῖται,</span> <span class='ocrx_word' id='word_1_221' title='bbox 1500 586 1580 627; x_wconf 71' lang='grc' dir='ltr'>ἄφετε</span> <span class='ocrx_word' id='word_1_222' title='bbox 1607 588 1758 627; x_wconf 76' lang='grc' dir='ltr'><strong>μέμφεσθαι</strong></span> <span class='ocrx_word' id='word_1_223' title='bbox 1781 591 1828 618; x_wconf 85' lang='grc' dir='ltr'><strong>τὸν</strong></span> <span class='ocrx_word' id='word_1_224' title='bbox 1845 591 1940 619; x_wconf 76' lang='grc' dir='ltr'>τοιοῦ-</span> 
     </span>
    </p>
   </div>
   <div class='ocr_carea' id='block_1_32' title="bbox 1105 629 1937 670">
    <p class='ocr_par' dir='ltr' id='par_1_32' title="bbox 1105 629 1937 670">
     <span class='ocr_line' id='line_1_32' title="bbox 1105 629 1937 670; baseline 0.007 -13"><span class='ocrx_word' id='word_1_225' title='bbox 1105 641 1151 658; x_wconf 92' lang='grc' dir='ltr'><strong>τον</strong></span> <span class='ocrx_word' id='word_1_226' title='bbox 1182 629 1324 668; x_wconf 74' lang='grc' dir='ltr'>ἄνθρωπον</span> <span class='ocrx_word' id='word_1_227' title='bbox 1350 634 1400 666; x_wconf 84' lang='grc' dir='ltr'><strong>τῆς</strong></span> <span class='ocrx_word' id='word_1_228' title='bbox 1429 631 1544 670; x_wconf 77' lang='grc' dir='ltr'>ἐκλόγοιι</span> <span class='ocrx_word' id='word_1_229' title='bbox 1575 634 1620 661; x_wconf 72' lang='grc' dir='ltr'><strong>καὶ</strong></span> <span class='ocrx_word' id='word_1_230' title='bbox 1649 633 1777 662; x_wconf 66' lang='grc' dir='ltr'>ἀσυνέτου</span> <span class='ocrx_word' id='word_1_231' title='bbox 1808 633 1912 667; x_wconf 77' lang='grc' dir='ltr'>δειλίας</span> <span class='ocrx_word' id='word_1_232' title='bbox 1931 646 1937 652; x_wconf 90' lang='grc'><strong>·</strong></span> 
     </span>
    </p>
   </div>
   <div class='ocr_carea' id='block_1_33' title="bbox 1107 673 1938 716">
    <p class='ocr_par' dir='ltr' id='par_1_33' title="bbox 1107 673 1938 716">
     <span class='ocr_line' id='line_1_33' title="bbox 1107 673 1938 716; baseline 0.008 -15"><span class='ocrx_word' id='word_1_233' title='bbox 1107 673 1218 712; x_wconf 72' lang='grc' dir='ltr'>εὔχεσθε</span> <span class='ocrx_word' id='word_1_234' title='bbox 1233 673 1261 703; x_wconf 80' lang='grc' dir='ltr'>δὶ</span> <span class='ocrx_word' id='word_1_235' title='bbox 1277 675 1426 714; x_wconf 75' lang='grc' dir='ltr'>ὁλοψύχως</span> <span class='ocrx_word' id='word_1_236' title='bbox 1450 676 1590 714; x_wconf 65' lang='grc' dir='ltr'>ἐξολέσθαι</span> <span class='ocrx_word' id='word_1_237' title='bbox 1614 679 1697 706; x_wconf 72' lang='grc' dir='ltr'>πάΛιν</span> <span class='ocrx_word' id='word_1_238' title='bbox 1718 679 1767 707; x_wconf 86' lang='grc' dir='ltr'>τὸν</span> <span class='ocrx_word' id='word_1_239' title='bbox 1787 680 1938 716; x_wconf 77' lang='grc' dir='ltr'>Σαπρίκιον</span> 
     </span>
    </p>
   </div>
   <div class='ocr_carea' id='block_1_34' title="bbox 1107 717 1937 762">
    <p class='ocr_par' dir='ltr' id='par_1_34' title="bbox 1107 717 1937 762">
     <span class='ocr_line' id='line_1_34' title="bbox 1107 717 1937 762; baseline 0.007 -17"><span class='ocrx_word' id='word_1_240' title='bbox 1107 717 1150 746; x_wconf 75' lang='grc' dir='ltr'><strong>διὰ</strong></span> <span class='ocrx_word' id='word_1_241' title='bbox 1177 723 1226 754; x_wconf 84' lang='grc' dir='ltr'><strong>τῆς</strong></span> <span class='ocrx_word' id='word_1_242' title='bbox 1256 720 1413 759; x_wconf 79' lang='grc' dir='ltr'>Νικηφόρου</span> <span class='ocrx_word' id='word_1_243' title='bbox 1444 720 1572 758; x_wconf 80' lang='grc' dir='ltr'><strong>μεθόδου,</strong></span> <span class='ocrx_word' id='word_1_244' title='bbox 1601 723 1632 757; x_wconf 81' lang='grc' dir='ltr'>ἢν</span> <span class='ocrx_word' id='word_1_245' title='bbox 1661 723 1687 751; x_wconf 66' lang='grc' dir='ltr'>ἂν</span> <span class='ocrx_word' id='word_1_246' title='bbox 1715 727 1776 755; x_wconf 82' lang='grc' dir='ltr'>τοῖς</span> <span class='ocrx_word' id='word_1_247' title='bbox 1805 727 1937 762; x_wconf 80' lang='grc' dir='ltr'><strong>παροῦσιν</strong></span> 
     </span>
    </p>
   </div>
   <div class='ocr_carea' id='block_1_35' title="bbox 1105 763 1935 808">
    <p class='ocr_par' dir='ltr' id='par_1_35' title="bbox 1105 763 1935 808">
     <span class='ocr_line' id='line_1_35' title="bbox 1105 763 1935 808; baseline 0.01 -18"><span class='ocrx_word' id='word_1_248' title='bbox 1105 763 1254 808; x_wconf 61' lang='grc' dir='ltr'>εεεθὲμεθα.</span> <span class='ocrx_word' id='word_1_249' title='bbox 1272 764 1351 793; x_wconf 71' lang='grc' dir='ltr'><strong>Οὕτω</strong></span> <span class='ocrx_word' id='word_1_250' title='bbox 1366 765 1415 803; x_wconf 82' lang='grc' dir='ltr'><strong>γὰρ</strong></span> <span class='ocrx_word' id='word_1_251' title='bbox 1445 766 1491 803; x_wconf 80' lang='grc' dir='ltr'><strong>[εἰ]</strong></span> <span class='ocrx_word' id='word_1_252' title='bbox 1521 767 1574 795; x_wconf 78' lang='grc' dir='ltr'>ἀπὸ</span> <span class='ocrx_word' id='word_1_253' title='bbox 1601 771 1652 802; x_wconf 81' lang='grc' dir='ltr'>τῆς</span> <span class='ocrx_word' id='word_1_254' title='bbox 1675 767 1837 805; x_wconf 79' lang='grc' dir='ltr'>’Δδαμιαίας</span> <span class='ocrx_word' id='word_1_255' title='bbox 1866 770 1935 808; x_wconf 76' lang='grc' dir='ltr'>παῤ-</span> 
     </span>
    </p>
   </div>
   <div class='ocr_carea' id='block_1_36' title="bbox 1105 807 1934 851">
    <p class='ocr_par' dir='ltr' id='par_1_36' title="bbox 1105 807 1934 851">
     <span class='ocr_line' id='line_1_36' title="bbox 1105 807 1934 851; baseline 0.008 -16"><span class='ocrx_word' id='word_1_256' title='bbox 1105 807 1307 846; x_wconf 78' lang='grc' dir='ltr'>ῥησιασαμένης</span> <span class='ocrx_word' id='word_1_257' title='bbox 1338 809 1499 848; x_wconf 79' lang='grc' dir='ltr'>[εὐλογίας],</span> <span class='ocrx_word' id='word_1_258' title='bbox 1529 810 1565 839; x_wconf 82' lang='grc' dir='ltr'>δι’</span> <span class='ocrx_word' id='word_1_259' title='bbox 1592 812 1627 847; x_wconf 84' lang='grc' dir='ltr'><strong>ἧς</strong></span> <span class='ocrx_word' id='word_1_260' title='bbox 1657 813 1702 840; x_wconf 82' lang='grc' dir='ltr'><strong>καὶ</strong></span> <span class='ocrx_word' id='word_1_261' title='bbox 1732 814 1746 840; x_wconf 81' lang='grc' dir='ltr'>ὁ</span> <span class='ocrx_word' id='word_1_262' title='bbox 1769 807 1934 851; x_wconf 69' lang='grc' dir='ltr'><strong>παράδεισος</strong></span> 
     </span>
    </p>
   </div>
   <div class='ocr_carea' id='block_1_37' title="bbox 1105 852 1932 896">
    <p class='ocr_par' dir='ltr' id='par_1_37' title="bbox 1105 852 1932 896">
     <span class='ocr_line' id='line_1_37' title="bbox 1105 852 1932 896; baseline 0.01 -17"><span class='ocrx_word' id='word_1_263' title='bbox 1105 852 1234 888; x_wconf 77' lang='grc' dir='ltr'>οἷκίζεται</span> <span class='ocrx_word' id='word_1_264' title='bbox 1251 874 1259 888; x_wconf 87' lang='grc'><strong>,</strong></span> <span class='ocrx_word' id='word_1_265' title='bbox 1286 854 1329 882; x_wconf 79' lang='grc' dir='ltr'><strong>καὶ</strong></span> <span class='ocrx_word' id='word_1_266' title='bbox 1359 855 1392 882; x_wconf 78' lang='grc' dir='ltr'><strong>τὰ</strong></span> <span class='ocrx_word' id='word_1_267' title='bbox 1430 858 1488 887; x_wconf 83' lang='grc' dir='ltr'>θεῖα</span> <span class='ocrx_word' id='word_1_268' title='bbox 1517 855 1614 895; x_wconf 74' lang='grc' dir='ltr'>δένδρα</span> <span class='ocrx_word' id='word_1_269' title='bbox 1642 861 1865 896; x_wconf 77' lang='grc' dir='ltr'>φυτηκομοῦνται</span> <span class='ocrx_word' id='word_1_270' title='bbox 1895 860 1932 892; x_wconf 84' lang='grc' dir='ltr'><strong>εἰς</strong></span> 
     </span>
    </p>
   </div>
   <div class='ocr_carea' id='block_1_38' title="bbox 1104 897 1930 941">
    <p class='ocr_par' dir='ltr' id='par_1_38' title="bbox 1104 897 1930 941">
     <span class='ocr_line' id='line_1_38' title="bbox 1104 897 1930 941; baseline 0.008 -17"><span class='ocrx_word' id='word_1_271' title='bbox 1104 897 1149 925; x_wconf 81' lang='grc' dir='ltr'><strong>καὶ</strong></span> <span class='ocrx_word' id='word_1_272' title='bbox 1178 899 1368 938; x_wconf 81' lang='grc' dir='ltr'>καρποτρόφον</span> <span class='ocrx_word' id='word_1_273' title='bbox 1399 899 1480 935; x_wconf 68' lang='grc' dir='ltr'>αὔξην</span> <span class='ocrx_word' id='word_1_274' title='bbox 1509 900 1554 928; x_wconf 77' lang='grc' dir='ltr'><strong>καὶ</strong></span> <span class='ocrx_word' id='word_1_275' title='bbox 1584 900 1712 941; x_wconf 76' lang='grc' dir='ltr'>θεοφιλῆ,</span> <span class='ocrx_word' id='word_1_276' title='bbox 1742 903 1827 941; x_wconf 73' lang='grc' dir='ltr'>ἀγαθὲ</span> <span class='ocrx_word' id='word_1_277' title='bbox 1857 903 1930 932; x_wconf 79' lang='grc' dir='ltr'>ἔσται</span> 
     </span>
    </p>
   </div>
   <div class='ocr_carea' id='block_1_39' title="bbox 1103 942 1930 985">
    <p class='ocr_par' dir='ltr' id='par_1_39' title="bbox 1103 942 1930 985">
     <span class='ocr_line' id='line_1_39' title="bbox 1103 942 1930 985; baseline 0.008 -16"><span class='ocrx_word' id='word_1_278' title='bbox 1103 942 1137 970; x_wconf 80' lang='grc' dir='ltr'><strong>τὰ</strong></span> <span class='ocrx_word' id='word_1_279' title='bbox 1151 942 1246 977; x_wconf 70' lang='grc' dir='ltr'>πάντα,</span> <span class='ocrx_word' id='word_1_280' title='bbox 1263 943 1308 971; x_wconf 87' lang='grc' dir='ltr'><strong>καὶ</strong></span> <span class='ocrx_word' id='word_1_281' title='bbox 1323 945 1340 979; x_wconf 77' lang='grc' dir='ltr'><strong>ἡ</strong></span> <span class='ocrx_word' id='word_1_282' title='bbox 1364 943 1413 972; x_wconf 80' lang='grc' dir='ltr'>τοῦ</span> <span class='ocrx_word' id='word_1_283' title='bbox 1438 947 1504 973; x_wconf 81' lang='grc' dir='ltr'>Θεοῦ</span> <span class='ocrx_word' id='word_1_284' title='bbox 1528 946 1641 983; x_wconf 81' lang='grc' dir='ltr'>βοήθεια</span> <span class='ocrx_word' id='word_1_285' title='bbox 1665 947 1734 984; x_wconf 87' lang='grc' dir='ltr'>πρὸς</span> <span class='ocrx_word' id='word_1_286' title='bbox 1757 948 1826 984; x_wconf 81' lang='grc' dir='ltr'>ἡμῖν</span> <span class='ocrx_word' id='word_1_287' title='bbox 1851 950 1930 985; x_wconf 68' lang='grc' dir='ltr'>γενή-</span> 
     </span>
    </p>
   </div>
   <div class='ocr_carea' id='block_1_40' title="bbox 1104 987 1931 1030">
    <p class='ocr_par' dir='ltr' id='par_1_40' title="bbox 1104 987 1931 1030">
     <span class='ocr_line' id='line_1_40' title="bbox 1104 987 1931 1030; baseline 0.007 -16"><span class='ocrx_word' id='word_1_288' title='bbox 1104 997 1176 1014; x_wconf 74' lang='grc' dir='ltr'>σεται</span> <span class='ocrx_word' id='word_1_289' title='bbox 1195 997 1201 1003; x_wconf 86' lang='grc'><strong>”</strong></span> <span class='ocrx_word' id='word_1_290' title='bbox 1232 987 1261 1020; x_wconf 77' lang='grc' dir='ltr'><strong>ὅς</strong></span> <span class='ocrx_word' id='word_1_291' title='bbox 1283 989 1333 1023; x_wconf 84' lang='grc' dir='ltr'>τὴν</span> <span class='ocrx_word' id='word_1_292' title='bbox 1364 988 1482 1017; x_wconf 74' lang='grc' dir='ltr'>ἑκάστων</span> <span class='ocrx_word' id='word_1_293' title='bbox 1521 989 1688 1030; x_wconf 72' lang='grc' dir='ltr'>ἐπιστροφὴν</span> <span class='ocrx_word' id='word_1_294' title='bbox 1725 991 1878 1030; x_wconf 73' lang='grc' dir='ltr'><strong>ἐνδελεχῶς</strong></span> <span class='ocrx_word' id='word_1_295' title='bbox 1905 993 1931 1025; x_wconf 76' lang='grc' dir='ltr'>ἐς</span> 
     </span>
    </p>
   </div>
   <div class='ocr_carea' id='block_1_41' title="bbox 1102 1033 1928 1074">
    <p class='ocr_par' dir='ltr' id='par_1_41' title="bbox 1102 1033 1928 1074">
     <span class='ocr_line' id='line_1_41' title="bbox 1102 1033 1928 1074; baseline 0.007 -16"><span class='ocrx_word' id='word_1_296' title='bbox 1102 1033 1232 1060; x_wconf 78' lang='grc' dir='ltr'>τοσοῦτον</span> <span class='ocrx_word' id='word_1_297' title='bbox 1256 1033 1494 1071; x_wconf 72' lang='grc' dir='ltr'>πραγματεύεται,</span> <span class='ocrx_word' id='word_1_298' title='bbox 1524 1035 1561 1066; x_wconf 84' lang='grc' dir='ltr'>ὡς</span> <span class='ocrx_word' id='word_1_299' title='bbox 1591 1035 1636 1063; x_wconf 84' lang='grc' dir='ltr'><strong>καὶ</strong></span> <span class='ocrx_word' id='word_1_300' title='bbox 1665 1036 1779 1068; x_wconf 77' lang='grc' dir='ltr'>ἄκοντας</span> <span class='ocrx_word' id='word_1_301' title='bbox 1809 1038 1884 1074; x_wconf 75' lang='grc' dir='ltr'>ἡμᾶς</span> <span class='ocrx_word' id='word_1_302' title='bbox 1904 1037 1928 1066; x_wconf 55' lang='lat' dir='ltr'><strong>is</strong></span> 
     </span>
    </p>
   </div>
   <div class='ocr_carea' id='block_1_42' title="bbox 1102 1076 1928 1120">
    <p class='ocr_par' dir='ltr' id='par_1_42' title="bbox 1102 1076 1928 1120">
     <span class='ocr_line' id='line_1_42' title="bbox 1102 1076 1928 1120; baseline 0.007 -16"><span class='ocrx_word' id='word_1_303' title='bbox 1102 1076 1221 1109; x_wconf 84' lang='grc' dir='ltr'>πολλοῖς</span> <span class='ocrx_word' id='word_1_304' title='bbox 1255 1081 1414 1116; x_wconf 81' lang='grc' dir='ltr'><strong>περισώζειν</strong></span> <span class='ocrx_word' id='word_1_305' title='bbox 1449 1079 1488 1112; x_wconf 70' lang='grc' dir='ltr'>εἷς</span> <span class='ocrx_word' id='word_1_306' title='bbox 1518 1078 1594 1117; x_wconf 76' lang='grc' dir='ltr'>δόξαν</span> <span class='ocrx_word' id='word_1_307' title='bbox 1634 1081 1743 1117; x_wconf 76' lang='grc' dir='ltr'>αὐτοῦ,</span> <span class='ocrx_word' id='word_1_308' title='bbox 1774 1085 1928 1120; x_wconf 77' lang='grc' dir='ltr'>παναγάθου</span> 
     </span>
    </p>
   </div>
   <div class='ocr_carea' id='block_1_43' title="bbox 1103 1120 1928 1164">
    <p class='ocr_par' dir='ltr' id='par_1_43' title="bbox 1103 1120 1928 1164">
     <span class='ocr_line' id='line_1_43' title="bbox 1103 1120 1928 1164; baseline 0.007 -15"><span class='ocrx_word' id='word_1_309' title='bbox 1103 1120 1250 1157; x_wconf 71' lang='grc' dir='ltr'>ὄντος,καὶ</span> <span class='ocrx_word' id='word_1_310' title='bbox 1275 1123 1444 1162; x_wconf 80' lang='grc' dir='ltr'>φιλοψύχοο,</span> <span class='ocrx_word' id='word_1_311' title='bbox 1473 1125 1518 1152; x_wconf 81' lang='grc' dir='ltr'>καὶ</span> <span class='ocrx_word' id='word_1_312' title='bbox 1547 1123 1583 1153; x_wconf 78' lang='grc' dir='ltr'>δι’</span> <span class='ocrx_word' id='word_1_313' title='bbox 1611 1125 1679 1154; x_wconf 77' lang='grc' dir='ltr'>αὐτὸ</span> <span class='ocrx_word' id='word_1_314' title='bbox 1709 1125 1865 1164; x_wconf 79' lang='grc' dir='ltr'>εὐλογητοῦ</span> <span class='ocrx_word' id='word_1_315' title='bbox 1892 1128 1928 1160; x_wconf 75' lang='grc' dir='ltr'>εἷς</span> 
     </span>
    </p>
   </div>
   <div class='ocr_carea' id='block_1_44' title="bbox 1103 1166 1331 1204">
    <p class='ocr_par' dir='ltr' id='par_1_44' title="bbox 1103 1166 1331 1204">
     <span class='ocr_line' id='line_1_44' title="bbox 1103 1166 1331 1204; baseline 0.009 -11"><span class='ocrx_word' id='word_1_316' title='bbox 1103 1166 1214 1198; x_wconf 81' lang='grc' dir='ltr'>αίῶνας.</span> <span class='ocrx_word' id='word_1_317' title='bbox 1229 1168 1331 1204; x_wconf 76' lang='grc' dir='ltr'>Ἀμήν.</span> 
     </span>
    </p>
   </div>
   <div class='ocr_carea' id='block_1_45' title="bbox 258 1256 1043 1295">
    <p class='ocr_par' dir='ltr' id='par_1_45' title="bbox 258 1256 1043 1293">
     <span class='ocr_line' id='line_1_45' title="bbox 258 1256 1043 1293; baseline -0.003 -7"><span class='ocrx_word' id='word_1_318' title='bbox 258 1259 296 1293; x_wconf 87' lang='grc'><strong>(1)</strong></span> <span class='ocrx_word' id='word_1_319' title='bbox 316 1257 431 1286; x_wconf 86' lang='lat' dir='ltr'><strong>Scilicet</strong></span> <span class='ocrx_word' id='word_1_320' title='bbox 448 1266 454 1285; x_wconf 79' lang='grc' dir='ltr'><strong>ε</strong></span> <span class='ocrx_word' id='word_1_321' title='bbox 477 1257 595 1285; x_wconf 69' lang='lat' dir='ltr'><strong>Crescite</strong></span> <span class='ocrx_word' id='word_1_322' title='bbox 608 1261 636 1285; x_wconf 74' lang='lat' dir='ltr'><strong>at</strong></span> <span class='ocrx_word' id='word_1_323' title='bbox 650 1256 880 1293; x_wconf 77' lang='lat' dir='ltr'><strong>multiplicamini</strong></span> <span class='ocrx_word' id='word_1_324' title='bbox 891 1256 989 1293; x_wconf 70' lang='lat' dir='ltr'><strong>(Gem,</strong></span> <span class='ocrx_word' id='word_1_325' title='bbox 1005 1265 1024 1291; x_wconf 83' lang='grc' dir='ltr'><strong>ι,</strong></span> <span class='ocrx_word' id='word_1_326' title='bbox 1040 1260 1043 1283; x_wconf 72' lang='lat'>1</span> 
     </span>
    </p>
   </div>
   <div class='ocr_carea' id='block_1_46' title="bbox 1100 1256 1247 1295">
    <p class='ocr_par' dir='ltr' id='par_1_46' title="bbox 1113 1258 1247 1295">
     <span class='ocr_line' id='line_1_46' title="bbox 1113 1258 1247 1295; baseline 0.007 -10"><span class='ocrx_word' id='word_1_327' title='bbox 1113 1266 1174 1292; x_wconf 86' lang='lat' dir='ltr'><strong>vm,</strong></span> <span class='ocrx_word' id='word_1_328' title='bbox 1192 1258 1247 1295; x_wconf 86' lang='grc'><strong>17).</strong></span> 
     </span>
    </p>
   </div>
   <div class='ocr_carea' id='block_1_47' title="bbox 859 1424 1288 1506">
    <p class='ocr_par' dir='ltr' id='par_1_47' title="bbox 859 1424 1288 1506">
     <span class='ocr_line' id='line_1_47' title="bbox 859 1424 1288 1506; baseline 0.005 -4"><span class='ocrx_word' id='word_1_329' title='bbox 859 1424 1288 1506; x_wconf 87' lang='lat' dir='ltr'><strong>EJUSDEM</strong></span> 
     </span>
    </p>
   </div>
   <div class='ocr_carea' id='block_1_48' title="bbox 443 1575 1703 1656">
    <p class='ocr_par' dir='ltr' id='par_1_48' title="bbox 443 1575 1703 1656">
     <span class='ocr_line' id='line_1_48' title="bbox 443 1575 1703 1656; baseline 0.004 -17"><span class='ocrx_word' id='word_1_330' title='bbox 443 1575 518 1640; x_wconf 86' lang='grc' dir='ltr'>ΙΝ</span> <span class='ocrx_word' id='word_1_331' title='bbox 573 1575 945 1641; x_wconf 88' lang='lat' dir='ltr'><strong>SANCTAM</strong></span> <span class='ocrx_word' id='word_1_332' title='bbox 993 1575 1703 1656; x_wconf 83' lang='lat' dir='ltr'><strong>QUADBAGESIMAM</strong></span> 
     </span>
    </p>
   </div>
   <div class='ocr_carea' id='block_1_49' title="bbox 919 1710 1221 1755">
    <p class='ocr_par' dir='ltr' id='par_1_49' title="bbox 919 1710 1221 1755">
     <span class='ocr_line' id='line_1_49' title="bbox 919 1710 1221 1755; baseline 0.003 -1"><span class='ocrx_word' id='word_1_333' title='bbox 919 1710 1136 1755; x_wconf 80' lang='lat' dir='ltr'><strong>ORATIO</strong></span> <span class='ocrx_word' id='word_1_334' title='bbox 1165 1713 1221 1755; x_wconf 89' lang='lat' dir='ltr'><strong>II.</strong></span> 
     </span>
    </p>
   </div>
   <div class='ocr_carea' id='block_1_50' title="bbox 219 1894 1080 1936">
    <p class='ocr_par' dir='ltr' id='par_1_50' title="bbox 219 1894 1080 1936">
     <span class='ocr_line' id='line_1_50' title="bbox 219 1894 1080 1936; baseline 0 -13"><span class='ocrx_word' id='word_1_335' title='bbox 219 1895 348 1931; x_wconf 71' lang='lat' dir='ltr'><strong>Eiusdem</strong></span> <span class='ocrx_word' id='word_1_336' title='bbox 364 1895 549 1936; x_wconf 67' lang='lat' dir='ltr'><strong>Tlieualonici</strong></span> <span class='ocrx_word' id='word_1_337' title='bbox 575 1895 754 1936; x_wconf 56' lang='lat' dir='ltr'><strong>metropolilz</strong></span> <span class='ocrx_word' id='word_1_338' title='bbox 776 1894 810 1936; x_wconf 74' lang='grc' dir='ltr'><strong>ενι¹</strong></span> <span class='ocrx_word' id='word_1_339' title='bbox 828 1897 957 1936; x_wconf 56' lang='lat' dir='ltr'><strong>sanctam</strong></span> <span class='ocrx_word' id='word_1_340' title='bbox 971 1895 1043 1929; x_wconf 79' lang='lat' dir='ltr'><strong>Qua-</strong></span> <span class='ocrx_word' id='word_1_341' title='bbox 1058 1895 1080 1930; x_wconf 65' lang='grc' dir='ltr'><strong>(ζ</strong></span> 
     </span>
    </p>
   </div>
   <div class='ocr_carea' id='block_1_51' title="bbox 373 1931 884 1971">
    <p class='ocr_par' dir='ltr' id='par_1_51' title="bbox 373 1931 884 1971">
     <span class='ocr_line' id='line_1_51' title="bbox 373 1931 884 1971; baseline 0 -13"><span class='ocrx_word' id='word_1_342' title='bbox 373 1931 556 1965; x_wconf 76' lang='lat' dir='ltr'><strong>drageszmam</strong></span> <span class='ocrx_word' id='word_1_343' title='bbox 569 1932 661 1971; x_wconf 65' lang='grc' dir='ltr'>οςαὶίο</span> <span class='ocrx_word' id='word_1_344' title='bbox 670 1931 884 1967; x_wconf 61' lang='grc' dir='ltr'>ρνκραναιονία.</span> 
     </span>
    </p>
   </div>
   <div class='ocr_carea' id='block_1_52' title="bbox 255 1984 1040 2021">
    <p class='ocr_par' dir='ltr' id='par_1_52' title="bbox 255 1984 1040 2021">
     <span class='ocr_line' id='line_1_52' title="bbox 255 1984 1040 2021; baseline 0 -8"><span class='ocrx_word' id='word_1_345' title='bbox 255 1986 280 2013; x_wconf 92' lang='grc'><strong>1.</strong></span> <span class='ocrx_word' id='word_1_346' title='bbox 297 1985 372 2013; x_wconf 87' lang='lat' dir='ltr'><strong>Bene</strong></span> <span class='ocrx_word' id='word_1_347' title='bbox 385 1984 445 2012; x_wconf 91' lang='lat' dir='ltr'><strong>scio</strong></span> <span class='ocrx_word' id='word_1_348' title='bbox 459 1993 521 2018; x_wconf 88' lang='lat' dir='ltr'><strong>vos,</strong></span> <span class='ocrx_word' id='word_1_349' title='bbox 539 1985 652 2018; x_wconf 84' lang='lat' dir='ltr'><strong>fratres,</strong></span> <span class='ocrx_word' id='word_1_350' title='bbox 669 1984 832 2020; x_wconf 84' lang='lat' dir='ltr'><strong>spiritualis</strong></span> <span class='ocrx_word' id='word_1_351' title='bbox 845 1993 935 2013; x_wconf 85' lang='lat' dir='ltr'><strong>causa</strong></span> <span class='ocrx_word' id='word_1_352' title='bbox 952 1993 1040 2021; x_wconf 85' lang='lat' dir='ltr'><strong>nego-</strong></span> 
     </span>
    </p>
   </div>
   <div class='ocr_carea' id='block_1_53' title="bbox 217 2029 1040 2066">
    <p class='ocr_par' dir='ltr' id='par_1_53' title="bbox 217 2029 1040 2066">
     <span class='ocr_line' id='line_1_53' title="bbox 217 2029 1040 2066; baseline 0 -8"><span class='ocrx_word' id='word_1_353' title='bbox 217 2031 263 2065; x_wconf 80' lang='lat' dir='ltr'><strong>tii,</strong></span> <span class='ocrx_word' id='word_1_354' title='bbox 280 2032 458 2066; x_wconf 87' lang='lat' dir='ltr'><strong>propterque</strong></span> <span class='ocrx_word' id='word_1_355' title='bbox 483 2029 598 2057; x_wconf 87' lang='lat' dir='ltr'><strong>lucrum</strong></span> <span class='ocrx_word' id='word_1_356' title='bbox 625 2030 661 2057; x_wconf 87' lang='lat' dir='ltr'><strong>ad</strong></span> <span class='ocrx_word' id='word_1_357' title='bbox 690 2029 781 2057; x_wconf 89' lang='lat' dir='ltr'><strong>Deum</strong></span> <span class='ocrx_word' id='word_1_358' title='bbox 805 2029 909 2057; x_wconf 84' lang='lat' dir='ltr'><strong>exinde</strong></span> <span class='ocrx_word' id='word_1_359' title='bbox 938 2038 1040 2066; x_wconf 86' lang='lat' dir='ltr'><strong>prove-</strong></span> 
     </span>
    </p>
   </div>
   <div class='ocr_carea' id='block_1_54' title="bbox 217 2073 1041 2107">
    <p class='ocr_par' dir='ltr' id='par_1_54' title="bbox 217 2073 1041 2107">
     <span class='ocr_line' id='line_1_54' title="bbox 217 2073 1041 2107; baseline -0.002 -4"><span class='ocrx_word' id='word_1_360' title='bbox 217 2075 314 2107; x_wconf 87' lang='lat' dir='ltr'><strong>niens,</strong></span> <span class='ocrx_word' id='word_1_361' title='bbox 331 2074 502 2103; x_wconf 80' lang='lat' dir='ltr'><strong>festinantes</strong></span> <span class='ocrx_word' id='word_1_362' title='bbox 517 2076 546 2102; x_wconf 87' lang='lat' dir='ltr'><strong>et</strong></span> <span class='ocrx_word' id='word_1_363' title='bbox 561 2082 638 2102; x_wconf 86' lang='lat' dir='ltr'><strong>nunc</strong></span> <span class='ocrx_word' id='word_1_364' title='bbox 661 2074 696 2102; x_wconf 83' lang='lat' dir='ltr'><strong>ad</strong></span> <span class='ocrx_word' id='word_1_365' title='bbox 713 2074 788 2102; x_wconf 85' lang='lat' dir='ltr'><strong>hanc</strong></span> <span class='ocrx_word' id='word_1_366' title='bbox 802 2073 931 2102; x_wconf 78' lang='lat' dir='ltr'><strong>divinam</strong></span> <span class='ocrx_word' id='word_1_367' title='bbox 948 2074 1041 2102; x_wconf 88' lang='lat' dir='ltr'><strong>virtu-</strong></span> 
     </span>
    </p>
   </div>
   <div class='ocr_carea' id='block_1_55' title="bbox 216 2118 1042 2155">
    <p class='ocr_par' dir='ltr' id='par_1_55' title="bbox 216 2118 1042 2155">
     <span class='ocr_line' id='line_1_55' title="bbox 216 2118 1042 2155; baseline -0.002 -7"><span class='ocrx_word' id='word_1_368' title='bbox 216 2120 255 2148; x_wconf 89' lang='lat' dir='ltr'><strong>tis</strong></span> <span class='ocrx_word' id='word_1_369' title='bbox 271 2120 419 2148; x_wconf 83' lang='lat' dir='ltr'><strong>ofﬁcinam</strong></span> <span class='ocrx_word' id='word_1_370' title='bbox 433 2127 599 2155; x_wconf 69' lang='lat' dir='ltr'><strong>properare,</strong></span> <span class='ocrx_word' id='word_1_371' title='bbox 616 2121 792 2152; x_wconf 83' lang='lat' dir='ltr'><strong>mutaturos,</strong></span> <span class='ocrx_word' id='word_1_372' title='bbox 807 2118 867 2146; x_wconf 87' lang='lat' dir='ltr'><strong>sive</strong></span> <span class='ocrx_word' id='word_1_373' title='bbox 878 2121 1042 2146; x_wconf 85' lang='lat' dir='ltr'><strong>commuta-</strong></span> 
     </span>
    </p>
   </div>
   <div class='ocr_carea' id='block_1_56' title="bbox 216 2163 1043 2200">
    <p class='ocr_par' dir='ltr' id='par_1_56' title="bbox 216 2163 1043 2200">
     <span class='ocr_line' id='line_1_56' title="bbox 216 2163 1043 2200; baseline -0.002 -7"><span class='ocrx_word' id='word_1_374' title='bbox 216 2167 299 2193; x_wconf 89' lang='lat' dir='ltr'><strong>turos</strong></span> <span class='ocrx_word' id='word_1_375' title='bbox 315 2172 438 2198; x_wconf 89' lang='lat' dir='ltr'><strong>merces,</strong></span> <span class='ocrx_word' id='word_1_376' title='bbox 455 2164 558 2200; x_wconf 84' lang='lat' dir='ltr'><strong>quales</strong></span> <span class='ocrx_word' id='word_1_377' title='bbox 574 2165 653 2192; x_wconf 86' lang='lat' dir='ltr'><strong>amat</strong></span> <span class='ocrx_word' id='word_1_378' title='bbox 668 2163 718 2199; x_wconf 90' lang='lat' dir='ltr'><strong>qui</strong></span> <span class='ocrx_word' id='word_1_379' title='bbox 748 2163 796 2191; x_wconf 94' lang='lat' dir='ltr'><strong>Dei</strong></span> <span class='ocrx_word' id='word_1_380' title='bbox 827 2164 944 2199; x_wconf 82' lang='lat' dir='ltr'><strong>negotia</strong></span> <span class='ocrx_word' id='word_1_381' title='bbox 967 2163 1043 2199; x_wconf 85' lang='lat' dir='ltr'><strong>gerit</strong></span> 
     </span>
    </p>
   </div>
   <div class='ocr_carea' id='block_1_57' title="bbox 217 2208 1042 2246">
    <p class='ocr_par' dir='ltr' id='par_1_57' title="bbox 217 2208 1042 2246">
     <span class='ocr_line' id='line_1_57' title="bbox 217 2208 1042 2246; baseline -0.005 -7"><span class='ocrx_word' id='word_1_382' title='bbox 217 2210 316 2243; x_wconf 87' lang='lat' dir='ltr'><strong>homo,</strong></span> <span class='ocrx_word' id='word_1_383' title='bbox 332 2210 418 2246; x_wconf 73' lang='lat' dir='ltr'><strong>cujus</strong></span> <span class='ocrx_word' id='word_1_384' title='bbox 448 2217 516 2245; x_wconf 87' lang='lat' dir='ltr'><strong>pars</strong></span> <span class='ocrx_word' id='word_1_385' title='bbox 541 2211 587 2237; x_wconf 84' lang='lat' dir='ltr'><strong>est</strong></span> <span class='ocrx_word' id='word_1_386' title='bbox 610 2208 718 2236; x_wconf 84' lang='lat' dir='ltr'><strong>zelotes</strong></span> <span class='ocrx_word' id='word_1_387' title='bbox 729 2211 758 2236; x_wconf 89' lang='lat' dir='ltr'><strong>et</strong></span> <span class='ocrx_word' id='word_1_388' title='bbox 772 2208 911 2243; x_wconf 79' lang='lat' dir='ltr'><strong>imitator,</strong></span> <span class='ocrx_word' id='word_1_389' title='bbox 929 2216 1042 2236; x_wconf 87' lang='lat' dir='ltr'><strong>necnon</strong></span> 
     </span>
    </p>
   </div>
   <div class='ocr_carea' id='block_1_58' title="bbox 217 2252 1040 2291">
    <p class='ocr_par' dir='ltr' id='par_1_58' title="bbox 217 2252 1040 2291">
     <span class='ocr_line' id='line_1_58' title="bbox 217 2252 1040 2291; baseline -0.001 -9"><span class='ocrx_word' id='word_1_390' title='bbox 217 2256 394 2291; x_wconf 86' lang='lat' dir='ltr'><strong>discipulus,</strong></span> <span class='ocrx_word' id='word_1_391' title='bbox 407 2254 571 2291; x_wconf 66' lang='lat' dir='ltr'><strong>praesertim</strong></span> <span class='ocrx_word' id='word_1_392' title='bbox 579 2257 676 2281; x_wconf 88' lang='lat' dir='ltr'><strong>autem</strong></span> <span class='ocrx_word' id='word_1_393' title='bbox 692 2253 842 2289; x_wconf 79' lang='lat' dir='ltr'><strong>magister,</strong></span> <span class='ocrx_word' id='word_1_394' title='bbox 854 2252 1040 2289; x_wconf 81' lang='lat' dir='ltr'><strong>evangelicae</strong></span> 
     </span>
    </p>
   </div>
   <div class='ocr_carea' id='block_1_59' title="bbox 216 2297 1040 2336">
    <p class='ocr_par' dir='ltr' id='par_1_59' title="bbox 216 2297 1040 2336">
     <span class='ocr_line' id='line_1_59' title="bbox 216 2297 1040 2336; baseline -0.005 -8"><span class='ocrx_word' id='word_1_395' title='bbox 216 2300 437 2336; x_wconf 79' lang='lat' dir='ltr'><strong>paterfamilias,</strong></span> <span class='ocrx_word' id='word_1_396' title='bbox 453 2299 514 2334; x_wconf 89' lang='lat' dir='ltr'><strong>qui,</strong></span> <span class='ocrx_word' id='word_1_397' title='bbox 536 2298 664 2326; x_wconf 89' lang='lat' dir='ltr'><strong>venditis</strong></span> <span class='ocrx_word' id='word_1_398' title='bbox 692 2297 829 2325; x_wconf 87' lang='lat' dir='ltr'><strong>omnibus</strong></span> <span class='ocrx_word' id='word_1_399' title='bbox 857 2305 921 2333; x_wconf 67' lang='lat' dir='ltr'><strong>qua:</strong></span> <span class='ocrx_word' id='word_1_400' title='bbox 946 2297 1040 2333; x_wconf 87' lang='lat' dir='ltr'><strong>possi-</strong></span> 
     </span>
    </p>
   </div>
   <div class='ocr_carea' id='block_1_60' title="bbox 216 2341 1038 2379">
    <p class='ocr_par' dir='ltr' id='par_1_60' title="bbox 216 2341 1038 2379">
     <span class='ocr_line' id='line_1_60' title="bbox 216 2341 1038 2379; baseline -0.004 -7"><span class='ocrx_word' id='word_1_401' title='bbox 216 2344 476 2379; x_wconf 85' lang='lat' dir='ltr'><strong>debat,pretiosam</strong></span> <span class='ocrx_word' id='word_1_402' title='bbox 495 2342 685 2378; x_wconf 84' lang='lat' dir='ltr'><strong>margaritam</strong></span> <span class='ocrx_word' id='word_1_403' title='bbox 701 2342 782 2370; x_wconf 86' lang='lat' dir='ltr'><strong>emit.</strong></span> <span class='ocrx_word' id='word_1_404' title='bbox 800 2341 833 2369; x_wconf 85' lang='lat' dir='ltr'><strong>Et</strong></span> <span class='ocrx_word' id='word_1_405' title='bbox 849 2342 890 2369; x_wconf 90' lang='lat' dir='ltr'><strong>sic</strong></span> <span class='ocrx_word' id='word_1_406' title='bbox 909 2341 1038 2377; x_wconf 85' lang='lat' dir='ltr'><strong>quidem,</strong></span> 
     </span>
    </p>
   </div>
   <div class='ocr_carea' id='block_1_61' title="bbox 217 2385 1040 2424">
    <p class='ocr_par' dir='ltr' id='par_1_61' title="bbox 217 2385 1040 2424">
     <span class='ocr_line' id='line_1_61' title="bbox 217 2385 1040 2424; baseline -0.002 -8"><span class='ocrx_word' id='word_1_407' title='bbox 217 2391 336 2424; x_wconf 83' lang='lat' dir='ltr'><strong>propter</strong></span> <span class='ocrx_word' id='word_1_408' title='bbox 349 2388 414 2422; x_wconf 84' lang='lat' dir='ltr'><strong>hoc,</strong></span> <span class='ocrx_word' id='word_1_409' title='bbox 445 2388 480 2416; x_wconf 84' lang='lat' dir='ltr'><strong>ad</strong></span> <span class='ocrx_word' id='word_1_410' title='bbox 509 2387 640 2415; x_wconf 88' lang='lat' dir='ltr'><strong>divinam</strong></span> <span class='ocrx_word' id='word_1_411' title='bbox 655 2387 746 2415; x_wconf 68' lang='lat' dir='ltr'><strong>eadem</strong></span> <span class='ocrx_word' id='word_1_412' title='bbox 762 2386 879 2421; x_wconf 87' lang='lat' dir='ltr'><strong>venitis,</strong></span> <span class='ocrx_word' id='word_1_413' title='bbox 904 2385 1008 2414; x_wconf 83' lang='lat' dir='ltr'><strong>exinde</strong></span> <span class='ocrx_word' id='word_1_414' title='bbox 1023 2395 1040 2414; x_wconf 87' lang='lat' dir='ltr'><strong>a</strong></span> 
     </span>
    </p>
   </div>
   <div class='ocr_carea' id='block_1_62' title="bbox 218 2431 1038 2468">
    <p class='ocr_par' dir='ltr' id='par_1_62' title="bbox 218 2431 1038 2468">
     <span class='ocr_line' id='line_1_62' title="bbox 218 2431 1038 2468; baseline -0.002 -8"><span class='ocrx_word' id='word_1_415' title='bbox 218 2433 313 2468; x_wconf 88' lang='lat' dir='ltr'><strong>nobis,</strong></span> <span class='ocrx_word' id='word_1_416' title='bbox 331 2433 416 2468; x_wconf 86' lang='lat' dir='ltr'><strong>quasi</strong></span> <span class='ocrx_word' id='word_1_417' title='bbox 446 2432 598 2466; x_wconf 84' lang='lat' dir='ltr'><strong>divitibus,</strong></span> <span class='ocrx_word' id='word_1_418' title='bbox 624 2431 772 2467; x_wconf 89' lang='lat' dir='ltr'><strong>accepturi</strong></span> <span class='ocrx_word' id='word_1_419' title='bbox 800 2439 864 2467; x_wconf 82' lang='lat' dir='ltr'><strong>quae</strong></span> <span class='ocrx_word' id='word_1_420' title='bbox 889 2431 973 2459; x_wconf 89' lang='lat' dir='ltr'><strong>vobis</strong></span> <span class='ocrx_word' id='word_1_421' title='bbox 1002 2431 1038 2459; x_wconf 85' lang='lat' dir='ltr'><strong>ad</strong></span> 
     </span>
    </p>
   </div>
   <div class='ocr_carea' id='block_1_63' title="bbox 217 2477 1039 2515">
    <p class='ocr_par' dir='ltr' id='par_1_63' title="bbox 217 2477 1039 2515">
     <span class='ocr_line' id='line_1_63' title="bbox 217 2477 1039 2515; baseline -0.001 -9"><span class='ocrx_word' id='word_1_422' title='bbox 217 2479 381 2514; x_wconf 87' lang='lat' dir='ltr'><strong>expeditam</strong></span> <span class='ocrx_word' id='word_1_423' title='bbox 413 2479 641 2515; x_wconf 75' lang='lat' dir='ltr'><strong>negotiationem</strong></span> <span class='ocrx_word' id='word_1_424' title='bbox 661 2478 747 2506; x_wconf 85' lang='lat' dir='ltr'><strong>utilia</strong></span> <span class='ocrx_word' id='word_1_425' title='bbox 770 2480 850 2511; x_wconf 89' lang='lat' dir='ltr'><strong>sunt,</strong></span> <span class='ocrx_word' id='word_1_426' title='bbox 871 2479 903 2505; x_wconf 84' lang='lat' dir='ltr'><strong>ut</strong></span> <span class='ocrx_word' id='word_1_427' title='bbox 918 2477 1039 2512; x_wconf 82' lang='lat' dir='ltr'><strong>talibus,</strong></span> 
     </span>
    </p>
   </div>
   <div class='ocr_carea' id='block_1_64' title="bbox 217 2522 1039 2559">
    <p class='ocr_par' dir='ltr' id='par_1_64' title="bbox 217 2522 1039 2559">
     <span class='ocr_line' id='line_1_64' title="bbox 217 2522 1039 2559; baseline 0 -9"><span class='ocrx_word' id='word_1_428' title='bbox 217 2525 359 2559; x_wconf 82' lang='lat' dir='ltr'><strong>tanquam</strong></span> <span class='ocrx_word' id='word_1_429' title='bbox 380 2523 515 2557; x_wconf 86' lang='lat' dir='ltr'><strong>fenerati,</strong></span> <span class='ocrx_word' id='word_1_430' title='bbox 531 2523 701 2559; x_wconf 88' lang='lat' dir='ltr'><strong>locupletes,</strong></span> <span class='ocrx_word' id='word_1_431' title='bbox 727 2522 909 2559; x_wconf 83' lang='lat' dir='ltr'><strong>spiritualem</strong></span> <span class='ocrx_word' id='word_1_432' title='bbox 924 2530 1039 2551; x_wconf 86' lang='lat' dir='ltr'><strong>merca-</strong></span> 
     </span>
    </p>
   </div>
   <div class='ocr_carea' id='block_1_65' title="bbox 216 2566 1038 2603">
    <p class='ocr_par' dir='ltr' id='par_1_65' title="bbox 216 2566 1038 2603">
     <span class='ocr_line' id='line_1_65' title="bbox 216 2566 1038 2603; baseline -0.002 -7"><span class='ocrx_word' id='word_1_433' title='bbox 216 2569 314 2596; x_wconf 84' lang='lat' dir='ltr'><strong>turam</strong></span> <span class='ocrx_word' id='word_1_434' title='bbox 329 2567 431 2596; x_wconf 88' lang='lat' dir='ltr'><strong>sedulo</strong></span> <span class='ocrx_word' id='word_1_435' title='bbox 447 2567 647 2603; x_wconf 86' lang='lat' dir='ltr'><strong>exerceatis,et</strong></span> <span class='ocrx_word' id='word_1_436' title='bbox 662 2575 696 2594; x_wconf 85' lang='lat' dir='ltr'><strong>ea</strong></span> <span class='ocrx_word' id='word_1_437' title='bbox 711 2575 774 2603; x_wconf 61' lang='lat' dir='ltr'><strong>qua;</strong></span> <span class='ocrx_word' id='word_1_438' title='bbox 787 2567 842 2595; x_wconf 92' lang='lat' dir='ltr'><strong>Deo</strong></span> <span class='ocrx_word' id='word_1_439' title='bbox 858 2566 967 2603; x_wconf 85' lang='lat' dir='ltr'><strong>Deique</strong></span> <span class='ocrx_word' id='word_1_440' title='bbox 975 2575 1038 2595; x_wconf 88' lang='lat' dir='ltr'><strong>ser-</strong></span> 
     </span>
    </p>
   </div>
   <div class='ocr_carea' id='block_1_66' title="bbox 214 2611 1038 2648">
    <p class='ocr_par' dir='ltr' id='par_1_66' title="bbox 214 2611 1038 2648">
     <span class='ocr_line' id='line_1_66' title="bbox 214 2611 1038 2648; baseline -0.002 -7"><span class='ocrx_word' id='word_1_441' title='bbox 214 2613 258 2641; x_wconf 84' lang='lat' dir='ltr'><strong>vis</strong></span> <span class='ocrx_word' id='word_1_442' title='bbox 275 2615 345 2641; x_wconf 90' lang='lat' dir='ltr'><strong>sunt</strong></span> <span class='ocrx_word' id='word_1_443' title='bbox 361 2612 666 2648; x_wconf 84' lang='lat' dir='ltr'><strong>chara,copiosissime</strong></span> <span class='ocrx_word' id='word_1_444' title='bbox 681 2611 867 2648; x_wconf 73' lang='lat' dir='ltr'><strong>comparatis.</strong></span> <span class='ocrx_word' id='word_1_445' title='bbox 888 2614 946 2648; x_wconf 85' lang='lat' dir='ltr'><strong>Ego</strong></span> <span class='ocrx_word' id='word_1_446' title='bbox 961 2620 1038 2647; x_wconf 86' lang='lat' dir='ltr'><strong>vero,</strong></span> 
     </span>
    </p>
   </div>
   <div class='ocr_carea' id='block_1_67' title="bbox 214 2657 1036 2693">
    <p class='ocr_par' dir='ltr' id='par_1_67' title="bbox 214 2657 1036 2693">
     <span class='ocr_line' id='line_1_67' title="bbox 214 2657 1036 2693; baseline -0.004 -6"><span class='ocrx_word' id='word_1_447' title='bbox 214 2660 243 2687; x_wconf 89' lang='lat' dir='ltr'><strong>et</strong></span> <span class='ocrx_word' id='word_1_448' title='bbox 259 2658 284 2686; x_wconf 91' lang='lat' dir='ltr'><strong>si</strong></span> <span class='ocrx_word' id='word_1_449' title='bbox 300 2657 407 2686; x_wconf 89' lang='lat' dir='ltr'><strong>divinis</strong></span> <span class='ocrx_word' id='word_1_450' title='bbox 436 2665 494 2685; x_wconf 91' lang='lat' dir='ltr'><strong>non</strong></span> <span class='ocrx_word' id='word_1_451' title='bbox 522 2657 688 2692; x_wconf 86' lang='lat' dir='ltr'><strong>abundans,</strong></span> <span class='ocrx_word' id='word_1_452' title='bbox 714 2657 764 2684; x_wconf 88' lang='lat' dir='ltr'><strong>sed</strong></span> <span class='ocrx_word' id='word_1_453' title='bbox 793 2659 935 2693; x_wconf 90' lang='lat' dir='ltr'><strong>quantum</strong></span> <span class='ocrx_word' id='word_1_454' title='bbox 953 2657 1036 2684; x_wconf 86' lang='lat' dir='ltr'><strong>decet</strong></span> 
     </span>
    </p>
   </div>
   <div class='ocr_carea' id='block_1_68' title="bbox 213 2701 1037 2739">
    <p class='ocr_par' dir='ltr' id='par_1_68' title="bbox 213 2701 1037 2739">
     <span class='ocr_line' id='line_1_68' title="bbox 213 2701 1037 2739; baseline -0.005 -7"><span class='ocrx_word' id='word_1_455' title='bbox 213 2703 287 2732; x_wconf 90' lang='lat' dir='ltr'><strong>lucri</strong></span> <span class='ocrx_word' id='word_1_456' title='bbox 304 2702 440 2739; x_wconf 88' lang='lat' dir='ltr'><strong>cupidus,</strong></span> <span class='ocrx_word' id='word_1_457' title='bbox 458 2709 573 2730; x_wconf 89' lang='lat' dir='ltr'><strong>sacrum</strong></span> <span class='ocrx_word' id='word_1_458' title='bbox 602 2701 746 2730; x_wconf 82' lang='lat' dir='ltr'><strong>talentum</strong></span> <span class='ocrx_word' id='word_1_459' title='bbox 776 2701 866 2737; x_wconf 85' lang='lat' dir='ltr'><strong>pratis</strong></span> <span class='ocrx_word' id='word_1_460' title='bbox 892 2701 1037 2737; x_wconf 87' lang='lat' dir='ltr'><strong>deponere</strong></span> 
     </span>
    </p>
   </div>
   <div class='ocr_carea' id='block_1_69' title="bbox 213 2745 1038 2782">
    <p class='ocr_par' dir='ltr' id='par_1_69' title="bbox 213 2745 1038 2782">
     <span class='ocr_line' id='line_1_69' title="bbox 213 2745 1038 2782; baseline -0.004 -5"><span class='ocrx_word' id='word_1_461' title='bbox 213 2748 329 2782; x_wconf 90' lang='lat' dir='ltr'><strong>nolens,</strong></span> <span class='ocrx_word' id='word_1_462' title='bbox 346 2748 397 2775; x_wconf 90' lang='lat' dir='ltr'><strong>sed</strong></span> <span class='ocrx_word' id='word_1_463' title='bbox 414 2746 498 2782; x_wconf 89' lang='lat' dir='ltr'><strong>illud,</strong></span> <span class='ocrx_word' id='word_1_464' title='bbox 524 2746 592 2774; x_wconf 87' lang='lat' dir='ltr'><strong>boni</strong></span> <span class='ocrx_word' id='word_1_465' title='bbox 612 2745 802 2774; x_wconf 88' lang='lat' dir='ltr'><strong>nummularii</strong></span> <span class='ocrx_word' id='word_1_466' title='bbox 817 2745 1038 2778; x_wconf 86' lang='lat' dir='ltr'><strong>instar,utiliter</strong></span> 
     </span>
    </p>
   </div>
   <div class='ocr_carea' id='block_1_70' title="bbox 213 2789 1038 2827">
    <p class='ocr_par' dir='ltr' id='par_1_70' title="bbox 213 2789 1038 2827">
     <span class='ocr_line' id='line_1_70' title="bbox 213 2789 1038 2827; baseline -0.005 -6"><span class='ocrx_word' id='word_1_467' title='bbox 213 2792 434 2826; x_wconf 82' lang='lat' dir='ltr'><strong>administrare,</strong></span> <span class='ocrx_word' id='word_1_468' title='bbox 460 2791 648 2827; x_wconf 83' lang='lat' dir='ltr'><strong>fructumque</strong></span> <span class='ocrx_word' id='word_1_469' title='bbox 675 2790 748 2818; x_wconf 89' lang='lat' dir='ltr'><strong>mihi</strong></span> <span class='ocrx_word' id='word_1_470' title='bbox 771 2789 991 2819; x_wconf 88' lang='lat' dir='ltr'><strong>convenientem</strong></span> <span class='ocrx_word' id='word_1_471' title='bbox 1003 2798 1038 2818; x_wconf 83' lang='lat' dir='ltr'><strong>ex</strong></span> 
     </span>
    </p>
   </div>
   <div class='ocr_carea' id='block_1_71' title="bbox 214 2835 1039 2874">
    <p class='ocr_par' dir='ltr' id='par_1_71' title="bbox 214 2835 1039 2874">
     <span class='ocr_line' id='line_1_71' title="bbox 214 2835 1039 2874; baseline -0.004 -9"><span class='ocrx_word' id='word_1_472' title='bbox 214 2837 274 2872; x_wconf 88' lang='lat' dir='ltr'><strong>pilo</strong></span> <span class='ocrx_word' id='word_1_473' title='bbox 289 2838 438 2874; x_wconf 82' lang='lat' dir='ltr'><strong>percipere</strong></span> <span class='ocrx_word' id='word_1_474' title='bbox 448 2844 594 2873; x_wconf 67' lang='lat' dir='ltr'><strong>querens,</strong></span> <span class='ocrx_word' id='word_1_475' title='bbox 605 2837 749 2872; x_wconf 81' lang='lat' dir='ltr'><strong>tanquam</strong></span> <span class='ocrx_word' id='word_1_476' title='bbox 764 2843 822 2864; x_wconf 91' lang='lat' dir='ltr'><strong>non</strong></span> <span class='ocrx_word' id='word_1_477' title='bbox 835 2842 938 2863; x_wconf 85' lang='lat' dir='ltr'><strong>verens</strong></span> <span class='ocrx_word' id='word_1_478' title='bbox 949 2835 1039 2863; x_wconf 83' lang='lat' dir='ltr'><strong>ratio-</strong></span> 
     </span>
    </p>
   </div>
   <div class='ocr_carea' id='block_1_72' title="bbox 1165 1895 1861 1934">
    <p class='ocr_par' dir='ltr' id='par_1_72' title="bbox 1165 1895 1861 1934">
     <span class='ocr_line' id='line_1_72' title="bbox 1165 1895 1861 1934; baseline 0.001 -11"><span class='ocrx_word' id='word_1_479' title='bbox 1165 1897 1219 1924; x_wconf 85' lang='grc' dir='ltr'>Τοῦ</span> <span class='ocrx_word' id='word_1_480' title='bbox 1232 1895 1315 1923; x_wconf 78' lang='grc' dir='ltr'>αὐτοῦ</span> <span class='ocrx_word' id='word_1_481' title='bbox 1328 1895 1541 1934; x_wconf 56' lang='grc' dir='ltr'><strong>Δμηιιτροπολίτοο</strong></span> <span class='ocrx_word' id='word_1_482' title='bbox 1555 1895 1758 1932; x_wconf 74' lang='grc' dir='ltr'>Θεσσαλονίκης</span> <span class='ocrx_word' id='word_1_483' title='bbox 1775 1895 1861 1934; x_wconf 87' lang='grc' dir='ltr'>λόγος</span> 
     </span>
    </p>
   </div>
   <div class='ocr_carea' id='block_1_73' title="bbox 1222 1932 1798 1970">
    <p class='ocr_par' dir='ltr' id='par_1_73' title="bbox 1222 1932 1798 1970">
     <span class='ocr_line' id='line_1_73' title="bbox 1222 1932 1798 1970; baseline 0.003 -11"><span class='ocrx_word' id='word_1_484' title='bbox 1222 1932 1395 1970; x_wconf 80' lang='grc' dir='ltr'>προεισόδιος</span> <span class='ocrx_word' id='word_1_485' title='bbox 1408 1936 1458 1968; x_wconf 85' lang='grc' dir='ltr'><strong>τῆς</strong></span> <span class='ocrx_word' id='word_1_486' title='bbox 1472 1933 1551 1970; x_wconf 75' lang='grc' dir='ltr'>ἁγίας</span> <span class='ocrx_word' id='word_1_487' title='bbox 1566 1935 1798 1970; x_wconf 80' lang='grc' dir='ltr'>Τεσσαρακοστῆς.</span> 
     </span>
    </p>
   </div>
   <div class='ocr_carea' id='block_1_74' title="bbox 1131 1984 1923 2024">
    <p class='ocr_par' dir='ltr' id='par_1_74' title="bbox 1131 1984 1923 2024">
     <span class='ocr_line' id='line_1_74' title="bbox 1131 1984 1923 2024; baseline 0 -11"><span class='ocrx_word' id='word_1_488' title='bbox 1131 1988 1163 2013; x_wconf 87' lang='grc' dir='ltr'><strong>α’.</strong></span> <span class='ocrx_word' id='word_1_489' title='bbox 1181 1984 1218 2013; x_wconf 78' lang='grc' dir='ltr'><strong>Εὖ</strong></span> <span class='ocrx_word' id='word_1_490' title='bbox 1241 1984 1312 2019; x_wconf 76' lang='grc' dir='ltr'>οῖδα,</span> <span class='ocrx_word' id='word_1_491' title='bbox 1339 1984 1380 2013; x_wconf 76' lang='grc' dir='ltr'><strong>ὅτι</strong></span> <span class='ocrx_word' id='word_1_492' title='bbox 1405 1985 1539 2022; x_wconf 80' lang='grc' dir='ltr'>ἐμπορίας</span> <span class='ocrx_word' id='word_1_493' title='bbox 1564 1985 1645 2024; x_wconf 84' lang='grc' dir='ltr'>χάριν</span> <span class='ocrx_word' id='word_1_494' title='bbox 1678 1987 1879 2022; x_wconf 79' lang='grc' dir='ltr'>πνευματικῆς,</span> <span class='ocrx_word' id='word_1_495' title='bbox 1903 1986 1923 2013; x_wconf 78' lang='grc' dir='ltr'>ὦ</span> 
     </span>
    </p>
   </div>
   <div class='ocr_carea' id='block_1_75' title="bbox 1096 2027 1922 2068">
    <p class='ocr_par' dir='ltr' id='par_1_75' title="bbox 1096 2027 1922 2068">
     <span class='ocr_line' id='line_1_75' title="bbox 1096 2027 1922 2068; baseline 0.001 -11"><span class='ocrx_word' id='word_1_496' title='bbox 1096 2028 1220 2068; x_wconf 79' lang='grc' dir='ltr'>ἀδελφοὶ,</span> <span class='ocrx_word' id='word_1_497' title='bbox 1243 2030 1287 2057; x_wconf 83' lang='grc' dir='ltr'>καὶ</span> <span class='ocrx_word' id='word_1_498' title='bbox 1312 2027 1390 2067; x_wconf 76' lang='grc' dir='ltr'>νόμῳ</span> <span class='ocrx_word' id='word_1_499' title='bbox 1412 2032 1461 2058; x_wconf 81' lang='grc' dir='ltr'>τοῦ</span> <span class='ocrx_word' id='word_1_500' title='bbox 1487 2030 1605 2058; x_wconf 77' lang='grc' dir='ltr'>ἐντεῦθεν</span> <span class='ocrx_word' id='word_1_501' title='bbox 1632 2031 1700 2058; x_wconf 80' lang='grc' dir='ltr'>κατὰ</span> <span class='ocrx_word' id='word_1_502' title='bbox 1719 2030 1785 2058; x_wconf 79' lang='grc' dir='ltr'>Θεὸν</span> <span class='ocrx_word' id='word_1_503' title='bbox 1800 2029 1922 2068; x_wconf 67' lang='grc' dir='ltr'>κέρδους,</span> 
     </span>
    </p>
   </div>
   <div class='ocr_carea' id='block_1_76' title="bbox 1096 2074 1922 2113">
    <p class='ocr_par' dir='ltr' id='par_1_76' title="bbox 1096 2074 1922 2113">
     <span class='ocr_line' id='line_1_76' title="bbox 1096 2074 1922 2113; baseline 0.001 -12"><span class='ocrx_word' id='word_1_504' title='bbox 1096 2077 1207 2113; x_wconf 74' lang='grc' dir='ltr'>φοιτᾶτε</span> <span class='ocrx_word' id='word_1_505' title='bbox 1225 2074 1270 2102; x_wconf 86' lang='grc' dir='ltr'><strong>καὶ</strong></span> <span class='ocrx_word' id='word_1_506' title='bbox 1293 2077 1337 2102; x_wconf 86' lang='grc' dir='ltr'>νῦν</span> <span class='ocrx_word' id='word_1_507' title='bbox 1364 2074 1402 2105; x_wconf 62' lang='grc' dir='ltr'>εἷς</span> <span class='ocrx_word' id='word_1_508' title='bbox 1423 2075 1455 2102; x_wconf 86' lang='grc' dir='ltr'>τὸ</span> <span class='ocrx_word' id='word_1_509' title='bbox 1478 2077 1549 2107; x_wconf 86' lang='grc' dir='ltr'>θεῖον</span> <span class='ocrx_word' id='word_1_510' title='bbox 1576 2076 1657 2102; x_wconf 82' lang='grc' dir='ltr'>τοῦτο</span> <span class='ocrx_word' id='word_1_511' title='bbox 1680 2078 1731 2110; x_wconf 84' lang='grc' dir='ltr'><strong>τῆς</strong></span> <span class='ocrx_word' id='word_1_512' title='bbox 1755 2075 1856 2112; x_wconf 79' lang='grc' dir='ltr'>ἀρετῆς</span> <span class='ocrx_word' id='word_1_513' title='bbox 1882 2075 1922 2112; x_wconf 71' lang='grc' dir='ltr'><strong>ἑρ-</strong></span> 
     </span>
    </p>
   </div>
   <div class='ocr_carea' id='block_1_77' title="bbox 1096 2117 1921 2157">
    <p class='ocr_par' dir='ltr' id='par_1_77' title="bbox 1096 2117 1921 2157">
     <span class='ocr_line' id='line_1_77' title="bbox 1096 2117 1921 2157; baseline 0 -11"><span class='ocrx_word' id='word_1_514' title='bbox 1096 2120 1257 2157; x_wconf 80' lang='grc' dir='ltr'>γαστήριον,</span> <span class='ocrx_word' id='word_1_515' title='bbox 1282 2119 1461 2156; x_wconf 75' lang='grc' dir='ltr'>ἀλλάξοντες,</span> <span class='ocrx_word' id='word_1_516' title='bbox 1478 2117 1526 2147; x_wconf 75' lang='grc' dir='ltr'><strong>εἷ’-τ’</strong></span> <span class='ocrx_word' id='word_1_517' title='bbox 1551 2119 1597 2147; x_wconf 77' lang='grc' dir='ltr'>οὖν</span> <span class='ocrx_word' id='word_1_518' title='bbox 1623 2118 1835 2155; x_wconf 79' lang='grc' dir='ltr'>συναλλάξοντες</span> <span class='ocrx_word' id='word_1_519' title='bbox 1850 2119 1921 2156; x_wconf 79' lang='grc' dir='ltr'><strong>ἀγώ-</strong></span> 
     </span>
    </p>
   </div>
   <div class='ocr_carea' id='block_1_78' title="bbox 1096 2162 1923 2202">
    <p class='ocr_par' dir='ltr' id='par_1_78' title="bbox 1096 2162 1923 2202">
     <span class='ocr_line' id='line_1_78' title="bbox 1096 2162 1923 2202; baseline 0 -11"><span class='ocrx_word' id='word_1_520' title='bbox 1096 2174 1176 2201; x_wconf 85' lang='grc' dir='ltr'>γιμα,</span> <span class='ocrx_word' id='word_1_521' title='bbox 1202 2164 1284 2191; x_wconf 80' lang='grc' dir='ltr'>ὁποῖα</span> <span class='ocrx_word' id='word_1_522' title='bbox 1307 2162 1383 2202; x_wconf 77' lang='grc' dir='ltr'>φιλεῖ</span> <span class='ocrx_word' id='word_1_523' title='bbox 1408 2164 1421 2191; x_wconf 83' lang='grc' dir='ltr'><strong>ὁ</strong></span> <span class='ocrx_word' id='word_1_524' title='bbox 1444 2163 1480 2191; x_wconf 82' lang='grc' dir='ltr'><strong>τὰ</strong></span> <span class='ocrx_word' id='word_1_525' title='bbox 1500 2165 1549 2191; x_wconf 81' lang='grc' dir='ltr'><strong>τοῦ</strong></span> <span class='ocrx_word' id='word_1_526' title='bbox 1573 2165 1640 2191; x_wconf 77' lang='grc' dir='ltr'>Θεοῦ</span> <span class='ocrx_word' id='word_1_527' title='bbox 1667 2163 1923 2202; x_wconf 61' lang='grc' dir='ltr'>πραγματευόμενος</span> 
     </span>
    </p>
   </div>
   <div class='ocr_carea' id='block_1_79' title="bbox 1096 2207 1919 2247">
    <p class='ocr_par' dir='ltr' id='par_1_79' title="bbox 1096 2207 1919 2247">
     <span class='ocr_line' id='line_1_79' title="bbox 1096 2207 1919 2247; baseline -0.001 -11"><span class='ocrx_word' id='word_1_528' title='bbox 1096 2209 1250 2247; x_wconf 83' lang='grc' dir='ltr'>ἄνθρωπος,</span> <span class='ocrx_word' id='word_1_529' title='bbox 1267 2208 1298 2235; x_wconf 83' lang='grc' dir='ltr'><strong>οὗ</strong></span> <span class='ocrx_word' id='word_1_530' title='bbox 1313 2208 1358 2236; x_wconf 75' lang='grc' dir='ltr'><strong>καὶ</strong></span> <span class='ocrx_word' id='word_1_531' title='bbox 1385 2207 1466 2247; x_wconf 63' lang='grc' dir='ltr'>μέρος</span> <span class='ocrx_word' id='word_1_532' title='bbox 1491 2208 1536 2236; x_wconf 83' lang='grc' dir='ltr'><strong>καὶ</strong></span> <span class='ocrx_word' id='word_1_533' title='bbox 1565 2207 1694 2244; x_wconf 79' lang='grc' dir='ltr'>ζηλωτὴς</span> <span class='ocrx_word' id='word_1_534' title='bbox 1717 2209 1763 2236; x_wconf 83' lang='grc' dir='ltr'><strong>καὶ</strong></span> <span class='ocrx_word' id='word_1_535' title='bbox 1787 2209 1919 2245; x_wconf 77' lang='grc' dir='ltr'>μιμητής,</span> 
     </span>
    </p>
   </div>
   <div class='ocr_carea' id='block_1_80' title="bbox 1096 2250 1920 2290">
    <p class='ocr_par' dir='ltr' id='par_1_80' title="bbox 1096 2250 1920 2290">
     <span class='ocr_line' id='line_1_80' title="bbox 1096 2250 1920 2290; baseline -0.001 -10"><span class='ocrx_word' id='word_1_536' title='bbox 1096 2252 1192 2290; x_wconf 68' lang='grc' dir='ltr'>ῥητέον</span> <span class='ocrx_word' id='word_1_537' title='bbox 1219 2251 1253 2287; x_wconf 82' lang='grc' dir='ltr'>δ’,</span> <span class='ocrx_word' id='word_1_538' title='bbox 1279 2251 1320 2279; x_wconf 78' lang='grc' dir='ltr'><strong>ὅτι</strong></span> <span class='ocrx_word' id='word_1_539' title='bbox 1345 2252 1389 2280; x_wconf 81' lang='grc' dir='ltr'><strong>καὶ</strong></span> <span class='ocrx_word' id='word_1_540' title='bbox 1418 2253 1553 2289; x_wconf 77' lang='grc' dir='ltr'>μαθητὴς,</span> <span class='ocrx_word' id='word_1_541' title='bbox 1580 2252 1673 2284; x_wconf 83' lang='grc' dir='ltr'>ἄλλως</span> <span class='ocrx_word' id='word_1_542' title='bbox 1698 2251 1727 2280; x_wconf 77' lang='grc' dir='ltr'>δὲ</span> <span class='ocrx_word' id='word_1_543' title='bbox 1754 2253 1806 2288; x_wconf 81' lang='grc' dir='ltr'>ἄρα</span> <span class='ocrx_word' id='word_1_544' title='bbox 1823 2252 1867 2280; x_wconf 74' lang='grc' dir='ltr'>καὶ</span> <span class='ocrx_word' id='word_1_545' title='bbox 1883 2250 1920 2279; x_wconf 88' lang='grc' dir='ltr'>δι-</span> 
     </span>
    </p>
   </div>
   <div class='ocr_carea' id='block_1_81' title="bbox 1096 2295 1920 2334">
    <p class='ocr_par' dir='ltr' id='par_1_81' title="bbox 1096 2295 1920 2334">
     <span class='ocr_line' id='line_1_81' title="bbox 1096 2295 1920 2334; baseline 0 -10"><span class='ocrx_word' id='word_1_546' title='bbox 1096 2295 1232 2327; x_wconf 83' lang='grc' dir='ltr'>δάσκαλος</span> <span class='ocrx_word' id='word_1_547' title='bbox 1258 2297 1272 2324; x_wconf 83' lang='grc' dir='ltr'>ὁ</span> <span class='ocrx_word' id='word_1_548' title='bbox 1299 2296 1474 2334; x_wconf 76' lang='grc' dir='ltr'>εὐαγγελικὸς</span> <span class='ocrx_word' id='word_1_549' title='bbox 1499 2296 1697 2333; x_wconf 79' lang='grc' dir='ltr'>οἰκοδεσπότης</span> <span class='ocrx_word' id='word_1_550' title='bbox 1725 2297 1755 2329; x_wconf 79' lang='grc' dir='ltr'>ὃς</span> <span class='ocrx_word' id='word_1_551' title='bbox 1781 2295 1920 2331; x_wconf 81' lang='grc' dir='ltr'>διαπωλή-</span> 
     </span>
    </p>
   </div>
   <div class='ocr_carea' id='block_1_82' title="bbox 1095 2341 1920 2379">
    <p class='ocr_par' dir='ltr' id='par_1_82' title="bbox 1095 2341 1920 2379">
     <span class='ocr_line' id='line_1_82' title="bbox 1095 2341 1920 2379; baseline 0 -10"><span class='ocrx_word' id='word_1_552' title='bbox 1095 2352 1142 2373; x_wconf 84' lang='grc' dir='ltr'><strong>σας</strong></span> <span class='ocrx_word' id='word_1_553' title='bbox 1159 2341 1274 2376; x_wconf 78' lang='grc' dir='ltr'>ἅπαντα,</span> <span class='ocrx_word' id='word_1_554' title='bbox 1296 2341 1346 2369; x_wconf 78' lang='grc' dir='ltr'><strong>ὅσα</strong></span> <span class='ocrx_word' id='word_1_555' title='bbox 1369 2341 1492 2379; x_wconf 76' lang='grc' dir='ltr'>ὑπῆρχεν</span> <span class='ocrx_word' id='word_1_556' title='bbox 1512 2341 1599 2378; x_wconf 76' lang='grc' dir='ltr'>αὐτῷ,</span> <span class='ocrx_word' id='word_1_557' title='bbox 1621 2342 1669 2369; x_wconf 87' lang='grc' dir='ltr'><strong>τὸν</strong></span> <span class='ocrx_word' id='word_1_558' title='bbox 1684 2341 1840 2378; x_wconf 80' lang='grc' dir='ltr'>πολύτιμον</span> <span class='ocrx_word' id='word_1_559' title='bbox 1857 2351 1920 2379; x_wconf 75' lang='grc' dir='ltr'>μαρ-</span> 
     </span>
    </p>
   </div>
   <div class='ocr_carea' id='block_1_83' title="bbox 1093 2385 1917 2424">
    <p class='ocr_par' dir='ltr' id='par_1_83' title="bbox 1093 2385 1917 2424">
     <span class='ocr_line' id='line_1_83' title="bbox 1093 2385 1917 2424; baseline 0 -11"><span class='ocrx_word' id='word_1_560' title='bbox 1093 2385 1206 2424; x_wconf 86' lang='grc' dir='ltr'>γαρίτην</span> <span class='ocrx_word' id='word_1_561' title='bbox 1236 2385 1347 2423; x_wconf 80' lang='grc' dir='ltr'>ἐπρίατο</span> <span class='ocrx_word' id='word_1_562' title='bbox 1364 2407 1371 2414; x_wconf 96' lang='grc'><em>.</em></span> <span class='ocrx_word' id='word_1_563' title='bbox 1402 2385 1455 2414; x_wconf 83' lang='grc' dir='ltr'>Καὶ</span> <span class='ocrx_word' id='word_1_564' title='bbox 1492 2385 1564 2413; x_wconf 76' lang='grc' dir='ltr'>οὕτω</span> <span class='ocrx_word' id='word_1_565' title='bbox 1599 2386 1646 2422; x_wconf 68' lang='grc' dir='ltr'>μὲν</span> <span class='ocrx_word' id='word_1_566' title='bbox 1686 2386 1730 2414; x_wconf 84' lang='grc' dir='ltr'>καὶ</span> <span class='ocrx_word' id='word_1_567' title='bbox 1761 2385 1808 2414; x_wconf 78' lang='grc' dir='ltr'>διὰ</span> <span class='ocrx_word' id='word_1_568' title='bbox 1840 2387 1917 2413; x_wconf 75' lang='grc' dir='ltr'>τοῦτο</span> 
     </span>
    </p>
   </div>
   <div class='ocr_carea' id='block_1_84' title="bbox 1095 2429 1915 2468">
    <p class='ocr_par' dir='ltr' id='par_1_84' title="bbox 1095 2429 1915 2468">
     <span class='ocr_line' id='line_1_84' title="bbox 1095 2429 1915 2468; baseline -0.001 -11"><span class='ocrx_word' id='word_1_569' title='bbox 1095 2431 1173 2467; x_wconf 80' lang='grc' dir='ltr'>ὑμεῖς</span> <span class='ocrx_word' id='word_1_570' title='bbox 1188 2430 1268 2465; x_wconf 79' lang='grc' dir='ltr'>ἥκετε</span> <span class='ocrx_word' id='word_1_571' title='bbox 1287 2429 1325 2461; x_wconf 83' lang='grc' dir='ltr'>εἷς</span> <span class='ocrx_word' id='word_1_572' title='bbox 1345 2430 1376 2457; x_wconf 80' lang='grc' dir='ltr'><strong>τὸ</strong></span> <span class='ocrx_word' id='word_1_573' title='bbox 1400 2430 1472 2457; x_wconf 77' lang='grc' dir='ltr'>θεῖον</span> <span class='ocrx_word' id='word_1_574' title='bbox 1487 2432 1567 2458; x_wconf 82' lang='grc' dir='ltr'>τοῦτο</span> <span class='ocrx_word' id='word_1_575' title='bbox 1585 2430 1746 2468; x_wconf 80' lang='grc' dir='ltr'>ἀνάκτορον,</span> <span class='ocrx_word' id='word_1_576' title='bbox 1763 2429 1915 2467; x_wconf 74' lang='grc' dir='ltr'>ληψόμενοι</span> 
     </span>
    </p>
   </div>
   <div class='ocr_carea' id='block_1_85' title="bbox 1094 2474 1915 2512">
    <p class='ocr_par' dir='ltr' id='par_1_85' title="bbox 1094 2474 1915 2512">
     <span class='ocr_line' id='line_1_85' title="bbox 1094 2474 1915 2512; baseline 0 -11"><span class='ocrx_word' id='word_1_577' title='bbox 1094 2474 1209 2502; x_wconf 75' lang='grc' dir='ltr'>ἐντεῦθεν</span> <span class='ocrx_word' id='word_1_578' title='bbox 1240 2474 1265 2510; x_wconf 71' lang='grc' dir='ltr'><strong>ἐξ</strong></span> <span class='ocrx_word' id='word_1_579' title='bbox 1293 2475 1386 2511; x_wconf 78' lang='grc' dir='ltr'>ἡμῶν,</span> <span class='ocrx_word' id='word_1_580' title='bbox 1415 2475 1454 2506; x_wconf 85' lang='grc' dir='ltr'>ὼς</span> <span class='ocrx_word' id='word_1_581' title='bbox 1482 2476 1527 2502; x_wconf 79' lang='grc' dir='ltr'>οἷα</span> <span class='ocrx_word' id='word_1_582' title='bbox 1559 2474 1768 2512; x_wconf 80' lang='grc' dir='ltr'>βαρυπλούτων,</span> <span class='ocrx_word' id='word_1_583' title='bbox 1795 2475 1830 2502; x_wconf 74' lang='grc' dir='ltr'>τὰ</span> <span class='ocrx_word' id='word_1_584' title='bbox 1856 2475 1915 2511; x_wconf 85' lang='grc' dir='ltr'>ὑμῖν</span> 
     </span>
    </p>
   </div>
   <div class='ocr_carea' id='block_1_86' title="bbox 1094 2518 1917 2558">
    <p class='ocr_par' dir='ltr' id='par_1_86' title="bbox 1094 2518 1917 2558">
     <span class='ocr_line' id='line_1_86' title="bbox 1094 2518 1917 2558; baseline 0.001 -12"><span class='ocrx_word' id='word_1_585' title='bbox 1094 2519 1132 2550; x_wconf 77' lang='grc' dir='ltr'><strong>εἷς</strong></span> <span class='ocrx_word' id='word_1_586' title='bbox 1159 2523 1209 2554; x_wconf 81' lang='grc' dir='ltr'>τὴν</span> <span class='ocrx_word' id='word_1_587' title='bbox 1237 2519 1420 2557; x_wconf 68' lang='grc' dir='ltr'>προκειμένην</span> <span class='ocrx_word' id='word_1_588' title='bbox 1446 2518 1584 2550; x_wconf 77' lang='grc' dir='ltr'>εὐσταλῶς</span> <span class='ocrx_word' id='word_1_589' title='bbox 1613 2519 1746 2558; x_wconf 78' lang='grc' dir='ltr'>ἐμπορίαν</span> <span class='ocrx_word' id='word_1_590' title='bbox 1767 2520 1917 2557; x_wconf 79' lang='grc' dir='ltr'>χρήσιμα,</span> 
     </span>
    </p>
   </div>
   <div class='ocr_carea' id='block_1_87' title="bbox 1090 2563 1919 2601">
    <p class='ocr_par' dir='ltr' id='par_1_87' title="bbox 1090 2563 1919 2601">
     <span class='ocr_line' id='line_1_87' title="bbox 1090 2563 1919 2601; baseline 0.001 -11"><span class='ocrx_word' id='word_1_591' title='bbox 1090 2563 1134 2592; x_wconf 70' lang='grc' dir='ltr'>ἵνα</span> <span class='ocrx_word' id='word_1_592' title='bbox 1149 2563 1194 2592; x_wconf 79' lang='grc' dir='ltr'><strong>διὰ</strong></span> <span class='ocrx_word' id='word_1_593' title='bbox 1207 2565 1262 2592; x_wconf 79' lang='grc' dir='ltr'><strong>τῶν</strong></span> <span class='ocrx_word' id='word_1_594' title='bbox 1276 2563 1408 2592; x_wconf 81' lang='grc' dir='ltr'>τοιούτων</span> <span class='ocrx_word' id='word_1_595' title='bbox 1432 2564 1470 2595; x_wconf 86' lang='grc' dir='ltr'><strong>ὡς</strong></span> <span class='ocrx_word' id='word_1_596' title='bbox 1493 2564 1538 2591; x_wconf 92' lang='grc' dir='ltr'><strong>οία</strong></span> <span class='ocrx_word' id='word_1_597' title='bbox 1561 2563 1606 2592; x_wconf 85' lang='grc' dir='ltr'><strong>καὶ</strong></span> <span class='ocrx_word' id='word_1_598' title='bbox 1631 2563 1818 2601; x_wconf 81' lang='grc' dir='ltr'>δανεισμάτων</span> <span class='ocrx_word' id='word_1_599' title='bbox 1846 2564 1919 2600; x_wconf 80' lang='grc' dir='ltr'>μεθο-</span> 
     </span>
    </p>
   </div>
   <div class='ocr_carea' id='block_1_88' title="bbox 1094 2607 1918 2647">
    <p class='ocr_par' dir='ltr' id='par_1_88' title="bbox 1094 2607 1918 2647">
     <span class='ocr_line' id='line_1_88' title="bbox 1094 2607 1918 2647; baseline 0 -11"><span class='ocrx_word' id='word_1_600' title='bbox 1094 2607 1232 2644; x_wconf 83' lang='grc' dir='ltr'>δευθείητε</span> <span class='ocrx_word' id='word_1_601' title='bbox 1257 2609 1296 2640; x_wconf 76' lang='grc' dir='ltr'>εἷς</span> <span class='ocrx_word' id='word_1_602' title='bbox 1324 2608 1356 2636; x_wconf 84' lang='grc' dir='ltr'><strong>τὸ</strong></span> <span class='ocrx_word' id='word_1_603' title='bbox 1385 2607 1503 2646; x_wconf 83' lang='grc' dir='ltr'>ψυχικὸν</span> <span class='ocrx_word' id='word_1_604' title='bbox 1533 2608 1704 2647; x_wconf 71' lang='grc' dir='ltr'>ἐμπόρεομα,</span> <span class='ocrx_word' id='word_1_605' title='bbox 1732 2609 1777 2636; x_wconf 77' lang='grc' dir='ltr'><strong>καὶ</strong></span> <span class='ocrx_word' id='word_1_606' title='bbox 1806 2608 1918 2636; x_wconf 85' lang='grc' dir='ltr'>πλουτι-</span> 
     </span>
    </p>
   </div>
   <div class='ocr_carea' id='block_1_89' title="bbox 1093 2652 1919 2692">
    <p class='ocr_par' dir='ltr' id='par_1_89' title="bbox 1093 2652 1919 2692">
     <span class='ocr_line' id='line_1_89' title="bbox 1093 2652 1919 2692; baseline -0.001 -11"><span class='ocrx_word' id='word_1_607' title='bbox 1093 2654 1199 2689; x_wconf 83' lang='grc' dir='ltr'>σθείητε</span> <span class='ocrx_word' id='word_1_608' title='bbox 1226 2653 1260 2681; x_wconf 82' lang='grc' dir='ltr'><strong>τὰ</strong></span> <span class='ocrx_word' id='word_1_609' title='bbox 1286 2653 1353 2692; x_wconf 80' lang='grc' dir='ltr'>φίλα</span> <span class='ocrx_word' id='word_1_610' title='bbox 1376 2652 1421 2681; x_wconf 76' lang='grc' dir='ltr'><strong>καὶ</strong></span> <span class='ocrx_word' id='word_1_611' title='bbox 1445 2655 1486 2690; x_wconf 80' lang='grc' dir='ltr'><strong>τῷ</strong></span> <span class='ocrx_word' id='word_1_612' title='bbox 1510 2655 1568 2690; x_wconf 84' lang='grc' dir='ltr'><strong>Θεῷ</strong></span> <span class='ocrx_word' id='word_1_613' title='bbox 1591 2653 1636 2682; x_wconf 79' lang='grc' dir='ltr'><strong>καὶ</strong></span> <span class='ocrx_word' id='word_1_614' title='bbox 1655 2657 1714 2686; x_wconf 82' lang='grc' dir='ltr'>τοῖς</span> <span class='ocrx_word' id='word_1_615' title='bbox 1737 2653 1818 2681; x_wconf 78' lang='grc' dir='ltr'>αὐτὸν</span> <span class='ocrx_word' id='word_1_616' title='bbox 1846 2654 1919 2689; x_wconf 83' lang='grc' dir='ltr'>Θερα-</span> 
     </span>
    </p>
   </div>
   <div class='ocr_carea' id='block_1_90' title="bbox 1092 2696 1916 2736">
    <p class='ocr_par' dir='ltr' id='par_1_90' title="bbox 1092 2696 1916 2736">
     <span class='ocr_line' id='line_1_90' title="bbox 1092 2696 1916 2736; baseline -0.001 -10"><span class='ocrx_word' id='word_1_617' title='bbox 1092 2699 1232 2727; x_wconf 81' lang='grc' dir='ltr'>πεύουσιν.</span> <span class='ocrx_word' id='word_1_618' title='bbox 1249 2698 1321 2736; x_wconf 85' lang='grc' dir='ltr'><strong>Ἐγὼ</strong></span> <span class='ocrx_word' id='word_1_619' title='bbox 1343 2696 1382 2732; x_wconf 78' lang='grc' dir='ltr'>δὶ,</span> <span class='ocrx_word' id='word_1_620' title='bbox 1407 2696 1432 2725; x_wconf 75' lang='grc' dir='ltr'><strong>εἷ’</strong></span> <span class='ocrx_word' id='word_1_621' title='bbox 1455 2698 1499 2726; x_wconf 88' lang='grc' dir='ltr'><strong>καὶ</strong></span> <span class='ocrx_word' id='word_1_622' title='bbox 1528 2698 1566 2735; x_wconf 83' lang='grc' dir='ltr'>μὴ</span> <span class='ocrx_word' id='word_1_623' title='bbox 1590 2699 1624 2726; x_wconf 82' lang='grc' dir='ltr'><strong>τὰ</strong></span> <span class='ocrx_word' id='word_1_624' title='bbox 1648 2700 1707 2731; x_wconf 74' lang='grc' dir='ltr'>θεῖα</span> <span class='ocrx_word' id='word_1_625' title='bbox 1734 2697 1916 2736; x_wconf 81' lang='grc' dir='ltr'>εὐπεριουσία-</span> 
     </span>
    </p>
   </div>
   <div class='ocr_carea' id='block_1_91' title="bbox 1092 2741 1916 2782">
    <p class='ocr_par' dir='ltr' id='par_1_91' title="bbox 1092 2741 1916 2782">
     <span class='ocr_line' id='line_1_91' title="bbox 1092 2741 1916 2782; baseline -0.002 -11"><span class='ocrx_word' id='word_1_626' title='bbox 1092 2754 1164 2777; x_wconf 85' lang='grc' dir='ltr'>στος,</span> <span class='ocrx_word' id='word_1_627' title='bbox 1178 2742 1242 2772; x_wconf 85' lang='grc' dir='ltr'>ἀλλ’</span> <span class='ocrx_word' id='word_1_628' title='bbox 1259 2742 1305 2771; x_wconf 79' lang='grc' dir='ltr'>οὖν</span> <span class='ocrx_word' id='word_1_629' title='bbox 1319 2741 1485 2782; x_wconf 75' lang='grc' dir='ltr'>φιλοκερδὴς</span> <span class='ocrx_word' id='word_1_630' title='bbox 1502 2742 1539 2770; x_wconf 85' lang='grc' dir='ltr'>ὢν</span> <span class='ocrx_word' id='word_1_631' title='bbox 1565 2742 1591 2771; x_wconf 78' lang='grc' dir='ltr'>ἐν</span> <span class='ocrx_word' id='word_1_632' title='bbox 1616 2742 1715 2779; x_wconf 67' lang='grc' dir='ltr'>δέοντι,</span> <span class='ocrx_word' id='word_1_633' title='bbox 1730 2744 1776 2771; x_wconf 89' lang='grc' dir='ltr'><strong>καὶ</strong></span> <span class='ocrx_word' id='word_1_634' title='bbox 1800 2742 1831 2771; x_wconf 87' lang='grc' dir='ltr'><strong>τὸ</strong></span> <span class='ocrx_word' id='word_1_635' title='bbox 1847 2743 1916 2780; x_wconf 77' lang='grc' dir='ltr'>ἱερὸν</span> 
     </span>
    </p>
   </div>
   <div class='ocr_carea' id='block_1_92' title="bbox 1091 2784 1916 2825">
    <p class='ocr_par' dir='ltr' id='par_1_92' title="bbox 1091 2784 1916 2825">
     <span class='ocr_line' id='line_1_92' title="bbox 1091 2784 1916 2825; baseline -0.002 -9"><span class='ocrx_word' id='word_1_636' title='bbox 1091 2788 1221 2816; x_wconf 81' lang='grc' dir='ltr'>τάλαντον</span> <span class='ocrx_word' id='word_1_637' title='bbox 1262 2787 1478 2824; x_wconf 81' lang='grc' dir='ltr'>ἀπαναινόμενος</span> <span class='ocrx_word' id='word_1_638' title='bbox 1522 2786 1626 2825; x_wconf 75' lang='grc' dir='ltr'>δωρεὰν</span> <span class='ocrx_word' id='word_1_639' title='bbox 1666 2784 1885 2816; x_wconf 81' lang='grc' dir='ltr'>καταϐάΑΛεσθαι</span> <span class='ocrx_word' id='word_1_640' title='bbox 1908 2810 1916 2823; x_wconf 84' lang='lat'><strong>,</strong></span> 
     </span>
    </p>
   </div>
   <div class='ocr_carea' id='block_1_93' title="bbox 1082 2830 1915 2871">
    <p class='ocr_par' dir='ltr' id='par_1_93' title="bbox 1082 2830 1915 2871">
     <span class='ocr_line' id='line_1_93' title="bbox 1082 2830 1915 2871; baseline 0 -11"><span class='ocrx_word' id='word_1_641' title='bbox 1082 2835 1182 2868; x_wconf 77' lang='grc' dir='ltr'>-ζητῶν</span> <span class='ocrx_word' id='word_1_642' title='bbox 1213 2830 1242 2860; x_wconf 75' lang='grc' dir='ltr'>δὲ</span> <span class='ocrx_word' id='word_1_643' title='bbox 1266 2832 1369 2869; x_wconf 76' lang='grc' dir='ltr'>ἀγαθοῦ</span> <span class='ocrx_word' id='word_1_644' title='bbox 1396 2831 1559 2868; x_wconf 79' lang='grc' dir='ltr'>τραπεζίτου</span> <span class='ocrx_word' id='word_1_645' title='bbox 1583 2831 1662 2869; x_wconf 87' lang='grc' dir='ltr'>δίκην</span> <span class='ocrx_word' id='word_1_646' title='bbox 1691 2831 1756 2861; x_wconf 73' lang='grc' dir='ltr'>αὐτὸ</span> <span class='ocrx_word' id='word_1_647' title='bbox 1785 2831 1915 2871; x_wconf 71' lang='grc' dir='ltr'>διαχειρί-</span> 
     </span>
    </p>
   </div>
  </div>
