2030 3167
116 184 176 214 585

617 182 658 212 IN
680 183 714 214 S.
737 181 1079 218 OUADRAGESIMAM
1101 182 1248 212 ORATIO
1269 181 1307 211 Π.

1756 182 1817 214 586

115 254 216 287 ζεσθαι,
254 250 299 279 καὶ
331 249 410 278 τόκον
446 250 528 278 αὑτοῦ
554 247 762 286 ἀπολαμϐάνεεν
787 248 850 286 ἐμοὶ
879 247 938 286 ἀρέ-

1000 257 1064 276 num
1081 248 1359 284 inquisitorem,nisi
1374 249 1547 278 centesimas
1563 251 1613 277 aut
1627 250 1817 287 duplum,sed

113 307 221 331 σκοντα,
246 297 288 324 οἱα
319 296 357 333 μὴ
386 293 587 331 εὐλαϐούμενος
606 294 653 322 τὸν
683 293 886 332 λογιστεύοντα,
916 293 937 320 εἰ

116 342 155 378 μὴ
171 341 315 372 ἒκατοστᾶς
331 340 348 375 ἢ
364 339 508 377 ἡμιολίας,
534 339 607 367 ἀλλὰ
631 338 731 376 πολλῷ
763 338 854 367 πλείω
875 337 940 366 τού-

113 397 169 414 των
197 386 303 413 ἀπαιτῶ
331 385 370 416 εἷς
394 383 501 421 κέρδος,
527 383 575 412 οὐκ
595 383 624 411 ἃν
650 383 721 412 οὕτω
751 382 851 422 ῥᾳδίως
881 393 940 410 πει-

116 431 210 466 σθείην
250 429 376 458 έκδοῦναι
412 429 443 456 τὸ
473 429 652 465 ζητούμενον.
681 426 887 466 Ἀκριϐώσομαι
912 426 941 455 δὶ

115 475 183 503 αὐτό
197 485 226 503 τε
239 472 344 510 λαϐεῖν,
366 474 389 501 εἰ
412 473 456 501 καὶ
486 473 524 510 μή
551 473 659 508 αὐτίκα,
683 472 759 509 ὅμως
782 471 805 500 δ’
820 473 865 500 οὖν
883 472 942 509 μετ’

116 519 210 558 ὀλίγον
233 519 277 547 καὶ
306 517 439 557 ὠφέλειάν
471 529 516 555 μοι
538 520 579 555 τῷ
608 518 719 556 ἀρχαίῳ
743 516 942 555 προσεπιδοθῆ-

114 575 171 601 ναι,
187 565 252 602 ὅπερ
268 564 323 592 ἐστὶ
337 564 382 591 καὶ
397 563 476 591 τόκον
491 563 535 591 ἐπὶ
550 564 590 599 τῷ
605 562 746 600 κεφαλαίῳ
774 564 822 590 τοῦ
838 561 940 590 δανείσ-

117 620 214 647 ματος,
230 607 398 646 ἐπιϐαρύνων
416 608 485 644 ὑμᾶς
499 607 544 635 καὶ
560 608 661 645 ἀνάγκῃ
678 607 817 646 ἐπαχθοῦς
833 605 942 645 προστί-

996 296 1024 321 et
1035 292 1127 321 multo
1144 294 1255 329 majora
1270 295 1399 329 repetam
1415 294 1451 321 ad
1467 293 1593 328 lucrum,
1611 303 1668 322 non
1679 295 1719 323 ita
1734 296 1818 324 facile

996 338 1191 366 consentirem
1202 338 1316 366 tradere
1330 338 1626 375 qumsitumﬂperam
1635 341 1734 368 autem
1743 341 1819 370 dabo

996 385 1029 410 ut
1044 382 1129 416 illud,
1142 383 1166 410 si
1182 391 1238 411 non
1256 383 1406 417 continuo,
1424 383 1528 412 saltem
1558 386 1622 419 post
1644 385 1730 413 breve
1745 387 1820 414 tem-

997 428 1220 463 pus,accipiam,
1236 430 1265 456 et
1278 429 1466 456 commodum
1479 428 1564 461 mihi,
1580 429 1667 465 capiti
1684 430 1821 459 faenerato

995 473 1222 508 superaddatur,
1239 473 1323 509 quasi
1337 475 1426 508 caput
1440 481 1564 500 summes
1580 473 1821 511 fmusratmgravi

996 517 1162 545 necessario
1189 526 1240 545 vos
1256 525 1381 545 onerans
1398 517 1502 553 multa,
1519 517 1576 545 nisi
1597 518 1652 546 hoc
1667 519 1821 554 praestatis.

996 562 1032 590 Et
1048 562 1101 589 hoc
1129 564 1174 590 est
1203 562 1275 589 mihi
1307 564 1496 598 praeceptum,
1512 564 1589 598 quod
1615 565 1775 592 assumunt
1790 564 1820 592 in

998 615 1029 634 se
1044 607 1093 643 qui
1109 606 1222 634 divinas
1237 606 1452 635 exhortationcs
1468 615 1520 643 pro
1538 606 1629 635 nihilo
1645 608 1765 637 habent.

117 665 182 692 μου,
203 653 227 682 εἲ
244 654 282 691 μὴ
299 653 370 680 οὕτω
385 653 522 688 ποιήσετε.
545 652 594 680 Καὶ
620 651 674 680 ἔστι
699 662 745 689 μοι
775 651 860 680 έκεῖνο
876 652 893 687 ἡ
910 649 1019 688 ἐντολὴ,
1035 651 1068 686 ἣν
1085 649 1303 690 ἐηιφορτίζονται
1320 651 1346 678 οἱ
1360 651 1408 682 τας
1438 651 1509 684 θείας
1524 652 1691 690 παραινέσεις
1712 652 1821 691 τιθέμε-

115 710 159 728 νοι
173 702 236 736 παρ’
260 697 347 726 οὐδέν.

154 744 188 782 β’.
218 743 247 771 Ei.
270 742 359 770 τοίνυν
387 741 473 773 οὕτως
502 741 688 777 ἑκουσιάζισθε
717 739 822 776 λαϐεῖν,
853 741 870 768 ἃ
895 744 942 777 ζη-

115 791 195 823 τεῖτε,
210 787 304 818 καλῶς
328 787 371 815 καὶ
402 786 540 825 ἐπιτυχῶς
571 787 634 824 ὑμῖν
663 787 696 814 τὰ
719 790 769 822 τῆς
785 785 851 815 ὁδοῦ
875 785 941 821 ἥνυ-

117 844 186 861 σται*
203 833 226 860 εἰ
242 832 270 860 δὲ
299 831 393 864 ἄλλως
423 831 592 869 ὀχλήσαντες
614 830 713 866 ἤλθετε
736 832 766 859 τὸ
792 842 941 867 πνευματι-

116 879 163 906 κὸν
187 879 322 914 ταμιεῖον,
349 876 386 907 είς
410 876 496 913 μάτην
517 877 749 914 θυροκρουστεῖτε.
772 876 820 903 Καὶ
843 874 902 903 ἰδοὺ
928 876 942 903 ὁ

1030 741 1057 768 2.
1074 741 1102 769 Si
1119 749 1188 777 ergo
1207 741 1250 769 sic
1264 741 1389 770 libenter
1402 741 1493 770 vultis
1515 742 1646 778 accipere
1661 750 1725 779 quas
1741 752 1821 780 qus:-

997 786 1072 819 ritis,
1088 787 1162 814 bene
1179 785 1357 822 feliciterque
1371 786 1453 814 vobis
1477 787 1533 815 iter
1549 789 1700 823 peractum
1717 791 1780 823 est;
1797 789 1823 817 si

996 839 1065 859 vero
1081 831 1244 859 turbulenti
1260 831 1295 859 ad
1312 830 1500 867 spiritualem
1517 832 1690 860 thesaurum
1705 833 1822 868 venitis,

999 878 1113 911 portam
1130 876 1241 903 frustra
1269 875 1407 912 pulsatis.
1430 877 1501 903 Ecce
1515 884 1568 912 ego
1589 876 1731 912 spiritalis
1759 878 1823 907 the-

118 923 186 950 κατά
218 924 325 958 πνεῦμα
339 923 501 958 ταμιουχῶν
526 920 579 959 ἐγὼ
603 919 677 957 λέγω
702 921 778 956 ὑμῖν,
794 920 831 951 ὡς
854 931 867 947 α
887 919 942 948 Οὐκ

1000 921 1079 948 sauri
1095 920 1319 948 administrator
1342 921 1424 948 vobis
1450 921 1514 949 dico
1532 930 1538 949 :
1556 932 1570 946 u
1587 921 1690 949 Nescio
1706 930 1755 950 vos
1771 923 1790 958 ¹,
1807 934 1822 950 ιλ

118 966 178 995 οἶδα
194 967 274 1004 ὑμᾶς.
289 957 410 993 αιἈλλὰ
511 957 675 1001 αῗσθάνομαι
700 965 775 1001 ὑμῶν
801 970 940 996 nata-nes-

1000 965 1052 992 Sed
1068 965 1269 993 animadverto
1286 974 1337 993 vos
1365 973 1429 993 esse
1459 968 1588 1001 paratos,
1610 966 1637 994 si
1666 957 1823 1002 quesitum

120 1011 219 1048 μένων,
235 1010 311 1048 εἲπερ
333 1008 490 1046 ἐκδανεισθῇ
506 1009 537 1037 τὸ
562 1009 624 1045 ὑμῖν
643 1008 818 1045 ζητούμενον,
835 1009 899 1036 αὐτό
914 1019 943 1036 τε

120 1056 176 1093 μετ’
192 1055 225 1082 οὐ
240 1053 313 1082 πολὺ
328 1056 513 1092 προσενεγκεῖν
526 1054 558 1081 τὸ
573 1052 720 1092 κεφάλαιον
736 1050 846 1091 ἀκριϐεῖ
860 1055 942 1091 ζυγῷ,

116 1103 156 1137 τῷ
169 1100 238 1128 κατὰ
253 1098 438 1134 δικαιοσύνην,
455 1098 498 1126 καὶ
512 1100 561 1126 τοῦ
577 1098 674 1126 ἐκεῖθεν
695 1098 879 1136 καρπώματος
895 1097 944 1126 οὐκ

118 1144 212 1182 ὀλίγον
228 1153 279 1181 περ
284 1145 354 1171 ίσσευ
358 1154 405 1180 μα.

151 1189 185 1227 γ’.
209 1189 310 1224 Μήπου
337 1187 366 1215 δὶ
389 1187 434 1215 καὶ
459 1186 670 1216 πολλαπλάσιον
694 1188 738 1215 καὶ
763 1187 807 1215 ἐπὶ
835 1187 942 1218 τούτοις

117 1232 220 1270 ἀνοίγω
240 1233 272 1260 τὸ
297 1233 359 1270 παρ’
390 1231 452 1269 ἐμοὶ
489 1231 703 1269 γλωσσόκομον,
734 1231 779 1259 καὶ
814 1232 944 1271 προφέρω

117 1278 239 1316 κέρματα
253 1276 315 1304 οὔτε
338 1274 470 1311 κίόδηλα,
497 1275 559 1304 οὕτε
588 1276 672 1304 εῗκόνι
697 1277 877 1314 γεγραμμένα
904 1277 942 1313 μὴ

119 1321 264 1360 βασιλικῷ,
296 1321 340 1348 καὶ
371 1320 400 1348 εὖ
430 1320 459 1348 δὲ
494 1319 731 1357 κεκωδωνισμένα,
755 1320 800 1348 καὶ
823 1320 944 1358 λήψεσθε

118 1366 185 1394 αὐτὰ
199 1366 244 1394 καὶ
259 1365 451 1403 ἐμπωλοῦντες
466 1364 621 1402 κερδήσετε,
638 1365 669 1393 οὐ
693 1365 740 1393 τὸν
763 1364 793 1393 ἐκ
817 1364 943 1403 Σάρδεων

117 1412 133 1440 ὃ
158 1411 263 1449 λέγεται
288 1409 434 1447 ἤλεκτρον,
467 1409 532 1437 οὐδὲ
559 1410 593 1437 τὰ
620 1409 721 1438 Ἰνδικὰ
750 1410 861 1448 χρυσία,
886 1409 944 1438 οὐδ’

117 1457 167 1484 ’ὁσα
182 1459 232 1491 τῆς
255 1454 328 1483 κάτω
343 1453 458 1492 τύρϐης,
473 1454 535 1491 περὶ
559 1455 589 1489 ἢν
610 1452 750 1492 τρίϐονται
778 1455 804 1482 οἱ
827 1456 877 1488 τῆς
894 1456 944 1492 γῆς

116 1499 267 1538 ἅνθρωποι,
282 1498 346 1527 ἀλλ’
375 1500 461 1534 αὐτὴν
488 1498 628 1536 βασιλείαν
652 1499 782 1537 οὐρανῶν.
800 1498 944 1535 Ἐντίθημι

118 1544 147 1573 δὲ
163 1545 226 1580 ὑμῖν
249 1544 287 1576 εἷς
308 1545 371 1571 νοῦν
398 1543 444 1571 καὶ
467 1543 504 1574 ὡς
527 1543 576 1571 οὐκ
591 1543 656 1580 έμὸν
671 1543 703 1571 τὰ
717 1541 944 1581 προϐεϐλημένον

116 1589 231 1628 χρυσίον
258 1588 303 1616 καὶ
329 1588 472 1627 ἀργύριον,
498 1588 543 1616 καὶ
567 1588 640 1619 ὅλως
663 1588 748 1616 εἰπεῖν
772 1588 803 1616 τὸ
827 1587 943 1616 έκδανει-

117 1634 244 1672 ζόμενον,
272 1632 336 1661 ἀλλ’
358 1633 440 1661 αὐτοῦ
464 1635 512 1661 τοῦ
538 1633 660 1671 μεγάλου
676 1635 753 1669 Θεοῦ,
769 1633 798 1664 ὅς
810 1635 871 1678 ,τοῦ
885 1633 943 1678 κατ’
959 1643 980 1678 C

115 1679 197 1707 αὐτὸν
213 1678 348 1716 θησαυροῦ
363 1680 447 1705 ταῦτα
462 1677 529 1706 εἷναί
546 1688 636 1717 φησιν,
663 1690 677 1704 ‹‹
698 1677 781 1715 Ἐμόν
806 1677 877 1705 ἐστιν
903 1677 943 1704 εἷ-

115 1724 186 1757 πὼν,
201 1724 231 1751 τὸ
247 1723 372 1762 χρυσίον,
391 1723 435 1750 καὶ
460 1723 525 1760 ἐμὸν
550 1723 581 1750 τὸ
597 1722 736 1761 ἀγρύριον,
754 1735 768 1748 »
783 1722 944 1754 ἀκολούθως

116 1768 146 1797 δὲ
161 1768 206 1796 καὶ
221 1771 272 1804 ηᾶν
287 1767 357 1795 ἄλλο
382 1767 526 1806 σύστοιχον
553 1767 670 1798 τούτοις,
698 1768 747 1795 Καὶ
770 1770 851 1794 τοῦτο
877 1767 941 1804 ὑμῖν

116 1813 156 1844 εἰς
184 1815 245 1840 νοῦν
280 1812 403 1849 θέμενος,
439 1812 601 1850 παρακαλῶ,
640 1813 677 1849 μὴ
710 1811 805 1848 ψεῦσαί
834 1823 866 1849 με
891 1816 942 1848 τῆς

117 1859 218 1896 ἀγαθῆς
247 1855 370 1893 ἐλπίδος,
399 1855 470 1893 μηδὲ
496 1857 631 1892 ἀπατῆσαι
660 1857 706 1885 τὸν
735 1857 806 1885 οὕτω
835 1856 942 1895 μεγάλα

113 1901 278 1937 δανείζοντα,
302 1900 349 1929 ’ίνα
366 1902 404 1938 μὴ
420 1901 465 1929 καὶ
496 1901 544 1938 ἐμὲ
565 1904 605 1938 τῷ
620 1902 801 1940 παμμεγίστῳ
817 1900 938 1939 Δεσπὸτῃ

111 1946 210 1985 ἔνοχον
226 1947 371 1982 ποιήσητε,
389 1946 426 1978 ὡς
441 1947 475 1974 τὰ
490 1946 604 1981 ἐκείνου,
635 1947 710 1978 ὅπως
725 1947 756 1974 ’ἀν
776 1947 820 1974 καὶ
843 1946 937 1984 τύχοι,

110 1992 355 2030 καταπροὶέμενον,
391 1989 456 2019 οὐδὲ
489 1991 567 2027 ὑμεῖς
601 1991 801 2029 ἀκατάγνωστοι
834 1994 939 2028 μενεῖτε

110 2037 157 2065 καὶ
173 2033 314 2067 ἀϐλαϐεῖς.
340 2035 412 2064 Πάνυ
439 2036 490 2073 γὰρ
507 2034 673 2074 φιλοκερδὴς
693 2035 793 2067 ἐκεῖνος
824 2034 938 2073 διέγνω-

112 2092 183 2117 σται,
199 2081 244 2109 καὶ
261 2080 307 2109 διὰ
319 2083 399 2108 τοῦτο
429 2082 571 2118 πανταχοῦ
595 2080 711 2118 σπείρων
741 2080 786 2107 καὶ
811 2080 849 2112 εἷς
872 2079 939 2107 πολ-

113 2126 191 2160 λοὺς,
216 2126 261 2153 καὶ
292 2126 331 2162 μή
360 2124 460 2152 ἐθέλων
492 2123 562 2161 μηδὲ
588 2126 685 2163 ψῆγμα
707 2126 756 2152 τοῦ
775 2125 834 2152 κατ’
858 2124 937 2152 αὐτὸν

113 2170 221 2199 δανείου
237 2171 385 2198 διεκπεσεῖν
401 2169 440 2200 εἰς
452 2169 528 2196 κενὸν
557 2167 627 2206 μηδὲ
651 2169 758 2206 κεραίαν
783 2168 845 2206 μίαν
874 2170 937 2206 γοῦν

114 2225 176 2244 τινα
187 2215 390 2253 καταργηθῆναι
417 2215 472 2242 τῶν
489 2215 663 2253 συμφωνιῶν,
693 2213 753 2241 ὅσαι
783 2213 939 2241 ἀποτείνον-

114 2271 159 2289 ται
172 2260 240 2298 πρὸς
256 2259 338 2287 αὐτὸν
353 2257 518 2293 δανείζοντα.

153 2304 184 2333 δ’.
205 2305 265 2333 Ὃτι
293 2305 357 2341 γοῦν
387 2302 527 2341 ἅρέσκεσθε
554 2303 699 2337 κάνταῦθα,
729 2302 774 2330 καὶ
803 2302 940 2334 ἀναιτίους

117 2349 163 2377 καὶ
186 2349 256 2384 ὑμᾶς
280 2348 325 2375 καὶ
349 2347 398 2385 ἐμὲ
420 2351 538 2385 τηρῆσαι
561 2345 731 2382 διατείνεσθε,
762 2348 807 2375 ὅτε
831 2347 863 2375 τὸ
893 2348 942 2384 μέ-

117 2398 210 2431 γισθον
238 2391 376 2429 λογοοέιον
392 2392 437 2419 καὶ
462 2393 476 2419 ὁ
506 2392 684 2431 φρ·κτότατος
704 2391 865 2430 ἐκλογιςμὸς
889 2395 943 2420 τῶν

120 2437 288 2465 δεσποτικῶν
316 2435 498 2472 δανεισμάτων
534 2436 645 2474 γίνεται,
683 2437 729 2465 καὶ
757 2441 808 2472 τῆς
842 2437 868 2464 έν
906 2439 946 2474 τῷ

122 2481 176 2520 βίῳ
203 2479 387 2518 πραγματείας
416 2481 495 2516 ἡμῶν
533 2481 577 2508 κοὶ
605 2482 693 2517 πάσης
718 2480 808 2517 ἄλλης
837 2481 947 2509 οῗκονο-

123 2526 196 2565 μίας,
229 2523 289 2552 ἰδοὺ
319 2521 472 2560 λαμϐάνετε
498 2525 532 2552 τὰ
560 2526 721 2562 ζητούμενιο.
752 2525 812 2555 Εἶσὶ
836 2525 864 2554 δὲ
880 2526 947 2554 αὐτὰ

123 2569 269 2610 βασιλικοῦ
295 2569 471 2607 χαράγματος
500 2569 692 2606 ἐκτυπώματα,
721 2570 901 2606 εἰκονίζοντος
916 2571 947 2599 οὐ

123 2615 223 2651 ονητάς
251 2625 326 2645 τινας
342 2613 473 2653 κεφαλᾶς,
490 2613 584 2645 ὁποίας
600 2615 633 2642 τὰ
644 2617 698 2642 τῶν
724 2615 754 2642 ἐκ
775 2619 826 2654 γῆς
853 2615 949 2652 μετάλ-

123 2660 179 2689 λων
195 2659 283 2688 πλείω
296 2659 456 2698 γράφουσιν,
486 2657 549 2686 ἀλλ’
565 2658 647 2686 αὐτοῦ
675 2662 753 2694 Θεοῦ,
776 2663 824 2688 τοῦ
840 2661 947 2689 πάντων

124 2705 328 2744 ὑπερκειμένου,
356 2704 379 2740 ᾧ
408 2702 441 2739 δῆ
470 2707 624 2742 χαρακτῆρι
652 2705 834 2743 προσέχοντες
854 2705 949 2742 ὲκματε

122 2750 225 2788 τόμεθα
238 2750 269 2777 τὸ
292 2749 422 2786 τύπωμα,
445 2748 489 2776 καὶ
514 2749 571 2776 κατ’
599 2749 689 2777 εἰκόνα
703 2752 752 2777 τοῦ
768 2750 948 2788 πρωτοτύπου

124 2795 274 2836 γινόμεθα,
303 2794 375 2833 Ἱερὰ
395 2795 478 2822 ταῦτα
506 2793 552 2821 καὶ
580 2795 711 2832 χρήματα
740 2794 783 2823 καὶ
810 2796 948 2832 κτήματα,

164 2861 172 2880 ι
188 2858 291 2888 Matth.
307 2866 370 2887 xxv.
388 2859 432 2887 12.
471 2857 482 2876 ²
494 2856 558 2886 Joel
570 2865 612 2892 ιιι,
626 2857 654 2886 5.

287 2924 420 2955 ΡΑτιιοι..
443 2923 497 2954 Gn.
520 2921 668 2957 CXXXV.

996 1009 1080 1037 vobis
1104 1010 1271 1043 temeretur,
1288 1010 1398 1046 ipsum,
1424 1018 1482 1038 non
1512 1010 1606 1038 multo
1634 1013 1711 1047 post,
1738 1020 1820 1048 sequo

998 1054 1137 1090 pondere,
1149 1055 1227 1090 quod
1238 1057 1284 1082 est
1297 1054 1462 1082 secundum
1472 1055 1631 1090 justitiam,
1646 1056 1819 1084 fmueratum

998 1100 1096 1134 caput,
1112 1100 1140 1126 et
1155 1098 1274 1127 fmnoris
1293 1099 1396 1127 exinde
1412 1099 1488 1135 parti
1504 1108 1562 1127 non
1578 1108 1697 1136 parvam
1713 1101 1820 1129 exube-

997 1143 1124 1171 rantiam
1140 1143 1254 1171 all'errs.

1033 1188 1059 1215 3.
1076 1187 1189 1215 Nedum
1218 1189 1317 1215 autem
1335 1188 1489 1224 multiplex
1504 1197 1593 1225 super
1616 1188 1663 1217 his
1691 1190 1821 1226 aperiam

999 1232 1077 1268 quod
1089 1234 1134 1260 est
1144 1233 1231 1267 juxta
1246 1241 1293 1260 me
1308 1233 1527 1269 repositorium,
1544 1234 1659 1270 profero
1684 1243 1821 1264 nummos

999 1285 1052 1305 nec
1067 1276 1258 1310 adulteratos,
1275 1285 1329 1305 nec
1356 1277 1413 1306 alia
1441 1286 1530 1313 quam
1548 1278 1629 1315 regia
1644 1279 1771 1316 imagine
1786 1279 1823 1307 si-

998 1323 1114 1357 gnatos,
1145 1321 1196 1348 sed
1227 1321 1300 1349 bene
1328 1321 1479 1357 probatos,
1508 1324 1536 1350 et
1551 1323 1702 1359 accipietis
1718 1332 1777 1358 eos,
1795 1325 1823 1352 et

999 1366 1183 1402 negotiantes
1199 1365 1386 1394 lucrifacietis
1402 1375 1460 1395 non
1481 1366 1621 1396 electrum
1647 1369 1724 1404 quod
1751 1369 1823 1398 dici-

997 1413 1047 1439 tur
1061 1411 1226 1445 Sardicum,
1242 1419 1337 1447 neque
1353 1412 1485 1439 Indicum
1501 1420 1619 1447 aurum,
1635 1421 1730 1449 neque
1741 1413 1821 1442 aliud

999 1455 1069 1492 quid
1086 1455 1122 1483 de
1136 1455 1225 1483 turba
1251 1456 1394 1491 terrestri,
1412 1457 1489 1484 circa
1519 1465 1607 1493 quam
1637 1458 1823 1494 exagitantur

999 1500 1133 1527 homines
1148 1499 1238 1535 hujus
1254 1501 1402 1534 terrw,sed
1416 1500 1515 1536 ipsum
1532 1501 1672 1530 caelorum
1687 1511 1820 1538 regnum.

999 1544 1101 1578 Iniicio
1115 1546 1214 1572 autem
1226 1544 1308 1572 vobis
1324 1545 1354 1572 in
1370 1546 1509 1580 mentem,
1526 1555 1583 1574 non
1599 1546 1684 1582 quasi
1706 1555 1818 1583 meum,

999 1588 1182 1624 propositum
1210 1597 1316 1616 aurum
1332 1591 1360 1617 et
1375 1592 1541 1625 argentum,
1570 1593 1608 1625 et,
1638 1599 1696 1619 uno
1720 1592 1819 1626 verbo,

1002 1633 1240 1666 faeneratum,sed
1257 1633 1349 1669 ipsius
1365 1634 1465 1670 magni
1483 1635 1543 1669 Dei,
1560 1635 1610 1671 qui
1626 1636 1672 1664 sui
1688 1636 1822 1664 thesauri

1000 1677 1071 1705 dicit
1085 1677 1147 1705 hac
1172 1685 1237 1706 esse
1254 1686 1260 1705 :
1277 1690 1291 1703 «
1322 1678 1419 1706 Meum
1445 1681 1500 1714 est,
1529 1680 1676 1716 inquiens,
1704 1690 1821 1718 aurum,

998 1724 1027 1750 et
1054 1730 1152 1750 meum
1182 1725 1335 1759 argentum
1359 1724 1380 1756 ³,
1399 1734 1413 1748 ››
1440 1732 1474 1752 ac
1502 1726 1605 1752 cetera
1627 1733 1690 1761 quis
1719 1734 1823 1754 conse-

998 1768 1122 1803 quenter
1135 1767 1182 1795 his
1198 1767 1337 1803 adjuncta
1354 1770 1434 1797 sunt.
1460 1771 1494 1796 Et
1519 1769 1574 1797 hoc
1603 1770 1682 1797 vobis
1697 1770 1728 1798 in
1742 1778 1822 1798 men-

996 1814 1055 1840 tem
1072 1812 1219 1848 ingerens,
1235 1812 1346 1847 hortor,
1363 1815 1396 1841 ut
1419 1822 1477 1841 non
1507 1822 1554 1842 me
1570 1814 1646 1842 bona
1673 1823 1724 1851 spe
1745 1815 1822 1843 frau-

996 1857 1082 1892 detis,
1113 1865 1210 1894 neque
1248 1859 1308 1885 tam
1338 1866 1446 1894 magna
1473 1858 1665 1887 faenerantem
1695 1859 1821 1896 decipia-

994 1901 1033 1929 tis
1047 1910 1082 1930 ne
1097 1910 1144 1929 me
1160 1902 1289 1930 maximo
1305 1902 1487 1931 Dominatori
1504 1903 1617 1931 faciatis
1645 1904 1817 1940 obnoxium,

994 1949 1136 1982 tanquam
1152 1955 1199 1974 res
1210 1947 1352 1983 ipsius,ut
1367 1948 1417 1983 qui
1431 1948 1817 1986 putarit,abjicientem,neo

993 1999 1043 2019 vos
1058 1992 1228 2019 innocentes
1242 1991 1413 2028 innoxiique
1428 1994 1582 2021 maneatis.
1599 1994 1723 2023 Prorsus
1738 1995 1816 2023 enim

993 2035 1066 2063 lucri
1081 2036 1205 2071 cupidus
1221 2036 1269 2064 ille
1298 2037 1492 2073 dignoscitur,
1508 2040 1536 2066 et
1563 2038 1628 2066 ideo
1656 2039 1766 2074 passim
1787 2042 1816 2067 et

993 2080 1070 2115 apud
1086 2080 1196 2108 multos
1211 2081 1346 2116 seminat,
1357 2090 1452 2117 neque
1467 2082 1528 2110 vult
1536 2082 1580 2110 vel
1596 2083 1750 2111 minimam
1765 2083 1815 2111 fos-

993 2124 1088 2151 nerati
1101 2124 1277 2160 particulam
1295 2125 1406 2154 frustra
1416 2126 1529 2162 cadere,
1542 2126 1586 2154 vel
1611 2135 1703 2155 unum
1723 2135 1815 2163 punc-

993 2170 1056 2196 tum
1082 2169 1217 2205 abrogari
1237 2172 1462 2206 conventorum,
1478 2179 1541 2207 quas
1558 2172 1595 2200 ad
1611 2171 1710 2208 ipsum
1725 2172 1816 2200 frene-

993 2215 1108 2241 rantem
1124 2216 1269 2249 spectant.

1033 2303 1059 2330 ι.
1075 2303 1114 2331 Eo
1131 2303 1208 2339 quod
1221 2303 1311 2340 igitur
1325 2305 1561 2338 assentientes.et
1577 2314 1628 2334 vos
1644 2308 1732 2335 etme
1748 2314 1820 2334 con-

998 2347 1119 2376 tenditis
1136 2348 1270 2376 innoxios
1299 2350 1428 2385 reddere,
1455 2359 1522 2378 cum
1548 2359 1657 2387 magna
1671 2351 1821 2379 rationum

1000 2393 1153 2428 inquisitio
1169 2393 1368 2430 terribilisque
1394 2395 1443 2422 fiet
1457 2395 1630 2432 supputatio
1654 2395 1822 2424 Dominico-

1001 2445 1066 2465 rum
1082 2437 1224 2466 foenorum
1251 2441 1279 2466 et
1307 2441 1412 2467 nostra:
1428 2440 1609 2476 operationis
1630 2441 1660 2468 in
1675 2440 1736 2468 vita
1749 2448 1822 2468 cun-

1001 2484 1113 2518 ctaaque
1140 2482 1217 2511 alius
1245 2484 1424 2519 mconomiaa,
1441 2492 1516 2521 ecce,
1536 2493 1600 2521 qua
1617 2485 1759 2521 queritis,
1775 2493 1823 2514 ac-

1002 2526 1099 2563 cipite.
1131 2527 1207 2555 Sunt
1231 2530 1330 2556 autem
1360 2529 1430 2565 ipsas
1458 2529 1564 2566 regalis
1592 2529 1770 2558 characteris
1786 2529 1825 2558 sf-

1003 2572 1097 2608 ﬁgies,
1114 2581 1172 2600 non
1188 2573 1332 2609 quasdam
1354 2574 1463 2610 ﬁguras
1480 2574 1630 2608 mortales,
1647 2575 1749 2611 quales
1764 2574 1825 2611 ple-

1003 2624 1093 2653 raque
1107 2619 1190 2645 terre
1206 2618 1393 2646 metallorum
1415 2619 1571 2655 effingunt,
1587 2620 1638 2648 sed
1654 2620 1749 2656 ipsius
1763 2619 1825 2654 Dei,

1003 2670 1093 2697 super
1108 2662 1207 2690 omnia
1234 2663 1411 2699 praestantis,
1439 2664 1565 2692 formam
1594 2663 1826 2701 experimentis:

1005 2707 1051 2734 cui
1080 2707 1240 2735 characteri
1257 2708 1313 2745 ipsi
1330 2708 1522 2743 adhaerentes,
1540 2712 1642 2746 typum
1658 2709 1827 2742 ediscimus,

1004 2754 1033 2780 et
1054 2752 1215 2780 secundum
1243 2752 1404 2788 imaginem
1428 2754 1576 2790 prototypi
1604 2754 1704 2782 ﬁmus.
1733 2752 1827 2780 Sacrze

1005 2799 1076 2825 sunt
1089 2796 1151 2826 istae
1178 2797 1283 2826 divitia:
1313 2798 1582 2836 possessionesque,
1598 2798 1642 2827 vel
1673 2801 1704 2826 ut
1718 2798 1830 2835 absque

1631 2926 1669 2958 l9
