2030 3167
233 162 293 193 587

619 162 831 193 EUSTATHII
853 161 1238 193 THESSALONICENSIS
1262 162 1555 194 METROPOLlT/E
1882 165 1926 196 588

231 232 316 266 tropo
333 228 529 257 communiter
543 228 652 264 dicam,
669 229 786 265 negotia
815 237 898 258 sacra
929 238 936 257 :
952 228 1055 257 divinae

1117 229 1208 259 ιοινῶς
1223 226 1252 256 δὶ
1272 227 1318 256 καὶ
1345 231 1451 266 τροπῆς
1475 227 1540 267 δίχα
1564 228 1663 263 εἰπεῖν,
1696 227 1855 266 πράγματα·
1884 233 1928 262 θεῖα

233 282 354 312 gemma
370 273 514 302 sunthaec
545 273 696 309 fanerata,
720 283 783 310 quae
806 274 830 302 si
859 273 1057 302 ecclesiastica

233 320 360 348 dicimus
377 319 566 354 numismata,
583 318 609 346 si
625 319 733 346 bonum
748 321 792 348 est
808 319 843 347 ad
860 321 988 347 exactam
1001 318 1058 347 elo-

234 364 455 398 cutionem,non
465 366 564 391 tamen
574 364 646 392 satis
654 363 783 392 clarum:
796 364 869 401 legis
879 367 976 392 autem
990 373 1060 400 prm-

234 409 343 445 scripta
358 408 457 445 potius
477 409 609 443 dicenda,
626 409 703 444 quod
726 409 890 438 evidentius
905 409 1061 446 magisque

236 454 397 492 proprium.
414 453 562 481 Salutares
587 454 779 488 characteres,
797 456 825 482 et
852 463 909 482 non
934 462 1004 482 sane
1020 454 1058 482 si-

237 500 286 527 cut
300 498 348 526 isti
365 498 560 531 damnabiles,
573 499 607 525 de
623 499 730 534 quibus
747 499 964 535 pronuntiatur,
981 499 1059 535 quod

237 543 327 572 aDeo
353 545 487 570 avertant
515 543 718 579 applicentque
747 544 880 572 daamoni.
910 544 984 577 Quid
1001 552 1059 572 non

237 588 314 624 quod
331 596 420 624 super
434 595 520 615 omne
536 588 734 616 venerandum
753 591 797 616 est
813 588 987 617 dico?Dcus
1011 587 1062 616 illa

237 633 332 666 ﬁnxit,
348 632 425 661 Deus
442 632 577 660 formavit
595 642 601 661 :
618 633 704 668 cujus
721 633 809 661 etiam
826 642 899 669 opus
917 635 987 661 sunt
1005 632 1060 661 ille

237 677 342 705 tabulae
358 677 449 713 digito
472 677 519 705 Dei
534 678 715 714 conscriptas,
733 679 768 706 de
784 679 891 714 quibus
906 679 1062 707 observan-

237 723 307 750 dum
324 724 378 754 est,
396 722 486 758 quod,
502 722 527 750 si
539 722 685 758 judicavit
699 722 765 751 illas
781 723 810 750 in
827 732 894 751 arca
913 724 1061 759 deponen-

238 768 302 802 das,
320 767 355 794 ad
372 767 514 803 profunde
531 767 758 803 significandum
773 776 838 796 esse
855 770 922 796 tunc
938 769 1060 797 abscon-

238 812 299 840 dita
329 811 500 847 posterioris
535 811 638 840 divinis
666 812 913 841 manifestationis
943 813 1060 850 placita,

238 856 300 884 hinc
314 857 413 883 tamen
446 855 476 883 in
506 857 663 884 manifesto
689 857 854 893 proposuit,
868 866 902 885 eo
930 859 1008 894 quod
1024 858 1060 886 ab

238 900 290 928 illa
310 900 432 936 antiqua
449 901 560 934 umbra,
575 900 679 929 ultimo
695 901 738 929 sol
754 901 886 930 veritatis
901 902 1005 930 illuxit.

274 954 302 982 5.
318 953 399 982 Illius
423 961 509 989 porro
539 954 672 982 fmnerati
702 954 846 991 quidquid
874 963 909 983 ex
924 955 981 984 Deo
997 956 1061 992 ipso

239 1001 283 1028 est
302 999 331 1026 in
347 999 410 1035 lege
426 1000 453 1026 et
470 998 499 1026 in
523 999 686 1035 Evangeliis
702 998 850 1035 loquente,
865 1002 893 1028 et
916 1001 1061 1037 quidquid

238 1053 254 1072 e
269 1043 360 1071 servis
370 1044 444 1078 ejus,
472 1043 587 1077 multis,
612 1044 815 1081 sapientiaque
836 1053 868 1073 ac
884 1045 960 1073 dono
976 1046 1062 1081 apiri-

238 1088 289 1116 tali
305 1088 406 1122 variis,
424 1088 453 1115 in
481 1096 586 1116 aurum
612 1089 781 1124 ponendum
795 1091 839 1117 est
854 1090 928 1118 bene
942 1098 1061 1124 sonans,

240 1133 286 1161 cui
313 1132 394 1160 nulla
410 1132 505 1161 scoria
529 1133 748 1161 commiscetur.
770 1134 884 1162 Etenim
900 1134 950 1170 qui
971 1135 1062 1171 scrip-

239 1177 315 1206 toria
331 1177 445 1205 fodiunt
473 1177 687 1213 inveniuntque
716 1178 847 1213 metalla,
870 1187 989 1206 auream
1004 1179 1062 1207 Deo

238 1225 412 1251 consecrant
441 1222 708 1259 participationem,
739 1231 772 1251 eo
788 1224 864 1259 quod
896 1223 1062 1259 rubiginem

239 1275 296 1295 non
313 1267 416 1303 recipit
443 1269 471 1294 et
486 1266 550 1294 ideo
579 1266 697 1294 difﬁcile
725 1268 942 1303 corrumpitur;
959 1276 1062 1304 argen-

237 1314 302 1340 tum
332 1314 430 1339 autem
453 1311 481 1339 in
511 1312 683 1346 secundam,
699 1311 767 1340 licet
796 1313 890 1349 ipsam
921 1312 1062 1349 divinam,

239 1356 392 1384 materiam
409 1356 590 1392 ablegarunt.
607 1357 794 1392 Qumeunque
808 1364 874 1385 vero
883 1357 955 1385 artis
964 1365 1061 1393 opera,

238 1401 294 1437 vel,
313 1403 345 1429 ut
361 1401 400 1429 ita
417 1401 524 1437 dicam,
541 1401 657 1429 numuli
673 1401 774 1430 alienas
803 1402 871 1430 licet
897 1404 979 1430 rectae
1003 1411 1064 1430 sec-

240 1446 341 1480 tionis,
357 1455 410 1474 nec
425 1454 512 1474 aureo
530 1455 624 1482 neque
637 1446 771 1475 ﬂammeo
798 1446 923 1475 lucentis
939 1446 1063 1483 fulgore,

241 1500 295 1520 nec
310 1492 422 1528 argenti
439 1491 596 1528 praebentis
611 1492 779 1528 candorem,
796 1500 882 1528 quem
898 1492 966 1528 Deo,
984 1493 1063 1520 Patri

242 1536 401 1571 luminum,
418 1536 589 1571 tribuimus,
620 1537 678 1565 haec
703 1537 774 1564 talia
802 1537 885 1565 vobis
915 1538 943 1565 in
960 1540 1064 1566 caetera

243 1581 361 1610 metalla
376 1585 446 1609 sunt
472 1582 653 1618 accipienda,
680 1590 732 1609 nec
747 1582 812 1618 ipsa
827 1582 863 1610 ad
879 1582 971 1610 Deum
996 1583 1062 1610 inu-

241 1626 305 1655 tilia
320 1634 453 1662 vanaque
481 1626 608 1662 negotia,
624 1626 701 1654 sicut
727 1627 757 1654 in
786 1626 893 1655 divinis
914 1627 1062 1663 sapientes

240 1673 461 1707 perspexsrunt,
477 1671 528 1706 qui
542 1671 599 1707 ipsi
614 1672 649 1699 de
660 1671 769 1700 talibus
785 1671 921 1706 metallis,
934 1680 968 1699 ea
979 1671 1063 1700 bonis

241 1715 455 1744 mercatoribus
470 1715 641 1748 vendentes,
657 1715 781 1744 multam
796 1717 990 1752 perceperunt
1005 1715 1062 1743 uti-

238 1759 259 1788 li
264 1762 364 1788 tatem.

274 1851 301 1878 6.
317 1849 446 1885 Accipite
460 1857 528 1885 ergo
544 1857 611 1877 cum
627 1849 786 1877 attentione
800 1849 903 1877 sedula
915 1858 965 1886 pro
976 1850 1062 1879 foene-

241 1896 304 1922 rato
315 1894 492 1929 foenoreque,
509 1894 697 1929 supradictis,
715 1902 748 1922 ea
763 1903 826 1930 quae
842 1903 859 1922 a
877 1895 932 1923 Deo
947 1904 1001 1923 nos
1016 1895 1060 1931 ip-

239 1938 303 1966 sius
317 1946 393 1974 gazas
416 1938 553 1966 custodes
568 1938 776 1974 dispensamus
792 1939 944 1974 fwnerata;
958 1941 986 1968 et
1002 1941 1061 1976 pri-

240 1991 322 2010 mum
348 1982 453 2010 habete
467 1982 617 2011 charitatis
645 1983 801 2016 talentum,
816 1992 873 2019 quo
889 1993 964 2020 saepe
978 1985 1061 2013 vobis

238 2027 358 2063 tradito,
371 2027 469 2055 nescio
482 2036 518 2055 an
529 2035 563 2056 ex
573 2027 648 2063 ipso,
660 2036 765 2064 nempe
777 2028 889 2056 infusae
900 2030 928 2056 et
939 2029 1061 2057 abscon-

238 2072 297 2100 dito
313 2076 340 2100 et
355 2072 396 2100 ita
421 2072 601 2100 mendaciter
625 2081 730 2101 aurum
747 2073 915 2107 simulante,
932 2074 1059 2102 fructum

237 2117 409 2153 acceperim;
424 2117 575 2145 charitatis
591 2117 655 2146 dico
672 2126 728 2146 non
755 2118 912 2152 fabricatis,
928 2118 1058 2152 sinceras,

235 2161 358 2194 veracis,
376 2170 433 2190 non
450 2162 581 2196 curiosas,
599 2171 656 2190 non
671 2162 850 2198 adulterata,
863 2172 926 2199 quae
943 2172 1000 2191 non
1015 2165 1061 2192 est

235 2206 266 2235 in
282 2207 378 2243 specie
394 2215 446 2234 nec
461 2207 491 2234 in
503 2207 686 2243 apparentia,
702 2208 753 2235 sed
769 2207 893 2240 interna,
915 2210 944 2236 et
957 2208 988 2236 in
1000 2209 1060 2236 ani-

234 2259 284 2279 ma
294 2251 432 2286 radicata,
450 2251 491 2278 ita
506 2254 538 2279 ut
554 2251 635 2279 nulla
651 2252 788 2279 violentia
798 2253 984 2288 tempestatis
994 2261 1058 2280 eam

1112 273 1246 310 κειμήλια
1275 273 1310 301 τὰ
1337 272 1428 300 δάνεια
1456 274 1550 302 ταῦτα,
1590 271 1831 308 Ἐκκλησιαστικᾶ
1865 274 1929 311 νομί.

1113 328 1202 354 σματα
1220 319 1266 355 μὲν
1284 319 1374 357 φάναι,
1392 318 1415 346 εἰ
1431 319 1474 346 καὶ
1500 318 1583 346 καλὸν
1605 318 1643 350 εἲς
1673 317 1848 357 ὀρθολεξίαν,
1871 321 1930 356 ὅμως

1114 363 1144 390 οὐ
1160 363 1246 398 πάντη
1263 362 1401 401 λαμπρόν.
1417 364 1634 401 Νομοτεθήματα
1660 362 1692 391 δὲ
1722 362 1831 400 μᾶλλον
1856 365 1929 403 φάναι,

1114 408 1275 446 σαφέστερόν
1295 419 1324 435 τε
1349 408 1394 437 καὶ
1428 409 1651 448 προσφυέστερον.
1692 409 1837 445 Σωτήριοι
1862 419 1931 447 χαρα-

1113 456 1212 491 κτῆρες
1248 453 1292 480 καὶ
1325 453 1357 480 οὐ
1391 452 1480 489 δήπου
1509 454 1576 481 κατὰ
1603 453 1668 485 τοὺς
1699 453 1878 492 ἐπιρῥήτους,
1900 457 1934 486 οἷς

1115 497 1261 535 ἐπαγγελία
1274 499 1341 525 Θεοῦ
1367 498 1414 534 μὲν
1429 498 1553 537 ἀφιστᾶν,
1570 497 1676 533 κολλᾷν
1701 496 1734 525 δὲ
1763 500 1806 534 τῷ
1831 496 1934 535 δαίμονι.

1114 542 1144 568 Τί
1160 542 1198 578 μὴ
1214 541 1285 579 λέγω
1299 542 1330 570 τὸ
1354 543 1462 570 πάντων
1487 542 1647 580 σεμνότερον
1663 552 1670 577 ;
1699 543 1733 571 Ὀ
1759 543 1826 573 Θεὸς
1841 542 1937 580 ἐχάραξε

1113 588 1208 623 ταῦτα,
1246 587 1260 614 ὁ
1289 587 1352 618 Θεὸς
1390 587 1557 615 ἐτυπώσατο·
1592 586 1623 614 οὗ
1652 585 1739 626 ἔργον
1777 587 1823 614 καὶ
1851 588 1935 620 πλάκες

1115 631 1213 659 ἐκεῖναι
1230 631 1385 671 θεόγραφοι,
1408 631 1448 671 ἐφ’
1472 632 1509 659 ὧν
1535 632 1590 660 ἐστι
1616 632 1776 669 θεωρῆσαι,
1803 632 1841 664 ὡς
1864 633 1884 660 si
1902 634 1936 660 ιιί

1115 675 1140 703 ἐν
1174 673 1285 712 κιϐωτῷ
1325 675 1480 704 ἐδικαίωσεν
1507 676 1610 709 ἐκείνας
1649 676 1857 712 ἐποτεθεῖσθαι,
1883 679 1936 706 κατᾶ

1116 718 1256 757 σύμϐολον
1289 721 1376 749 έκεῖνο
1412 721 1478 758 βαθὺ
1513 724 1562 749 τοῦ
1586 721 1772 758 κεκρυμμένα
1803 722 1868 749 εἶναι
1888 723 1936 750 τότε

1115 766 1148 793 τὲι
1179 769 1229 801 τῆς
1259 765 1368 804 ὕστερον
1403 766 1476 798 θείας
1500 766 1664 806 ἐπιφανείας,
1691 765 1773 794 ἀλλὰ
1797 769 1878 794 ταῦτα
1899 768 1934 804 μὶν

1116 809 1154 841 εἷς
1193 810 1309 847 ἐμφανὲς
1345 811 1486 849 προέθετο,
1524 811 1569 839 ὁιὰ
1601 812 1634 839 τὸ
1666 811 1724 839 ἀπὸ
1759 811 1878 843 παλαιᾶς
1897 817 1935 847 τῆς

1115 854 1177 882 τότε
1215 857 1291 886 σκιᾶς
1326 855 1434 893 ὕστερον
1467 855 1624 894 ἀναλάμψαι
1662 857 1695 884 τὸ
1738 860 1794 892 τῆς
1824 856 1935 892 ἀληθείας

1119 899 1211 934 ἥλιον.

1152 954 1181 982 ε’.
1196 953 1298 981 Τούτου
1328 952 1361 989 δή
1384 956 1433 982 τοῦ
1463 953 1568 982 δανείου
1597 953 1647 982 ὅσα
1677 955 1730 992 μὶν
1762 956 1833 983 Osci}
1860 954 1934 988 αὐτοῦ,

1116 1000 1164 1026 τοῦ
1179 998 1224 1026 καὶ
1240 997 1266 1026 ἐν
1280 998 1358 1035 νόμῳ
1379 999 1424 1026 καὶ
1449 998 1475 1026 ἐν
1500 999 1683 1038 Εὖαγγελίοις
1715 999 1882 1036 λαλοῦντος,
1900 1002 1934 1027 καὶ

1117 1042 1167 1070 ὅσα
1188 1045 1242 1070 τῶν
1270 1043 1354 1070 αὐτοῦ
1382 1043 1564 1081 θεραπόντων,
1591 1047 1647 1072 τῶν
1673 1044 1721 1072 καὶ
1755 1044 1868 1073 πολλῶν
1900 1045 1933 1072 ui

1117 1086 1270 1115 πολυειδῶν
1290 1088 1340 1122 τὴν
1366 1088 1462 1126 σοφίαν
1487 1089 1532 1116 καὶ
1555 1089 1605 1124 τὴν
1641 1090 1835 1126 πνευματικὴν
1859 1089 1933 1127 χάριν,

1118 1133 1155 1163 εἱς
1181 1131 1294 1170 χρυσίον
1317 1133 1406 1160 θετέον
1431 1132 1564 1171 εὕροιζον,
1589 1134 1611 1170 ᾧ
1641 1133 1730 1172 ῥύπος
1761 1133 1852 1164 οὐδεὶς
1872 1133 1932 1171 ἐγα-

1116 1177 1292 1214 ταμέμικται.
1318 1177 1370 1206 Καὶ
1392 1178 1442 1216 γάρ
1466 1188 1509 1205 τοι
1529 1179 1573 1205 καὶ
1606 1178 1633 1206 οἱ
1657 1178 1690 1206 τὰ
1721 1178 1848 1218 γράφικὰ
1869 1177 1932 1205 σιάλ-

1118 1222 1211 1253 λοντες
1240 1222 1285 1249 καὶ
1315 1222 1516 1260 ἀνευρίσκοντες
1544 1222 1668 1259 μέταλλα
1701 1226 1767 1260 Θεῷ
1795 1222 1932 1255 καθοσιοῦσι

1115 1267 1165 1301 τὴν
1195 1267 1312 1304 χρυσέαν
1333 1266 1496 1304 μετάληψιν,
1512 1266 1556 1295 διὰ
1567 1268 1598 1296 τὸ
1614 1269 1672 1295 κατ’
1699 1268 1792 1302 αὐτὴν
1809 1268 1840 1295 οὐ
1863 1265 1932 1294 δεκτι-

1116 1311 1163 1338 κὸν
1181 1310 1223 1338 ἷοῦ
1250 1321 1336 1346 τινος,
1366 1311 1410 1338 καὶ
1437 1310 1482 1339 διὰ
1509 1314 1589 1340 τοῦτο
1618 1313 1722 1350 φθορᾶς
1749 1311 1930 1340 δυσέντευκτον-

1116 1355 1161 1383 τὸν
1179 1355 1271 1392 μέντοι
1295 1354 1412 1394 ἄργυρον
1437 1356 1475 1388 εἱς
1505 1355 1725 1395 δευτερεύουσαν,
1756 1357 1829 1385 θείαν
1856 1357 1929 1393 μέντοι

1116 1399 1271 1434 καίαὖτὴν,
1288 1399 1357 1435 ὕλην
1382 1400 1523 1436 ἀπέταξαν.
1547 1402 1615 1428 Ὅσα
1641 1401 1670 1429 δὲ
1696 1404 1792 1434 κοπῆς
1820 1401 1930 1438 ἑτεροίας,

1118 1444 1201 1481 ὀρθῆς
1231 1445 1328 1482 μήντοι
1353 1445 1537 1482 τεχνάσματα,
1570 1445 1626 1481 καὶ,
1661 1446 1698 1477 ὡς
1731 1446 1822 1477 οὕτως
1850 1445 1927 1480 εἰπεῖν,

1116 1490 1248 1527 κέρματα,
1293 1490 1363 1526 μήτε
1392 1489 1508 1527 χρύσεον
1535 1487 1681 1525 στιϐούσης
1707 1490 1756 1518 καὶ
1787 1489 1849 1518 οὔτε
1874 1490 1927 1528 φλό-

1116 1543 1188 1572 γεον,
1221 1534 1290 1570 μήτε
1317 1534 1466 1571 φαινούσης
1494 1534 1562 1572 πρὸς
1579 1534 1697 1573 ἀργύρου
1723 1534 1883 1570 λευκότητα,
1903 1534 1925 1567 ἦν

1118 1581 1176 1615 Θιῷ
1202 1578 1388 1614 ἀνατιθὲαμεν,
1418 1581 1457 1614 τῷ
1483 1581 1537 1606 τῶν
1567 1581 1664 1618 φῶτων
1695 1580 1795 1617 Πατρὶ,
1821 1578 1889 1606 ἀλλὰ
1902 1578 1927 1604 τὰ

1117 1625 1229 1651 τοιαῦτα
1244 1623 1282 1654 εἷς
1307 1622 1391 1650 λοιπὰ
1408 1622 1530 1660 μέταλλα
1545 1623 1683 1652 ἐκδεκτέον
1702 1625 1789 1662 ὑμᾶς,
1806 1622 1862 1651 οὐδ’
1874 1621 1927 1650 αὐτὰ

1115 1671 1150 1705 τῇ
1163 1668 1230 1695 κατὰ
1246 1667 1309 1695 Θεὸν
1334 1667 1479 1705 ἀσύμφορα
1493 1669 1642 1706 πράγματα
1656 1669 1702 1695 καί
1725 1665 1877 1705 ἀξύμϐολα,
1898 1666 1926 1696 ὡς

1117 1713 1143 1740 οἱ
1160 1712 1194 1740 τὰ
1221 1713 1280 1739 θεῖα
1305 1711 1384 1750 σοφοὶ
1412 1713 1626 1750 τεθεωρήκασιν,
1651 1711 1676 1740 οἵ
1691 1712 1738 1741 καὶ
1753 1712 1831 1741 αὐτοὶ
1850 1709 1926 1739 πολλὰ

1116 1759 1169 1785 τῶν
1182 1756 1315 1784 τοιούτων
1334 1755 1477 1794 μετάλλων
1494 1757 1649 1793 ἀπώναντο,
1676 1758 1789 1795 ἀγαθοῖς
1812 1755 1925 1794 ἐμπόροις

1117 1801 1185 1829 αὐτὰ
1199 1801 1376 1840 χειρίσαντις.

1152 1847 1184 1879 ς’.
1203 1843 1432 1884 Παραλαμϐάνετε
1453 1845 1487 1882 δὴ
1513 1847 1580 1883 μετὰ
1603 1847 1722 1884 σκέψεως
1747 1843 1873 1885 ἀκριϐοὖς
1892 1842 1925 1870 ἐπί

1114 1902 1144 1919 τι
1159 1890 1256 1927 δανείῳ
1271 1890 1316 1918 καὶ
1332 1891 1374 1918 ἐπὶ
1402 1890 1485 1927 τόκῳ,
1514 1893 1572 1922 τοῖς
1597 1891 1835 1929 ἀνατεταγμένοις,
1861 1888 1890 1916 τὰ
1901 1887 1923 1914 ἐκ

1114 1938 1162 1964 τοῦ
1178 1938 1245 1964 Θεοῦ
1263 1934 1298 1963 δι’
1322 1936 1402 1972 ἡμῶν
1424 1937 1478 1963 τῶν
1503 1935 1585 1964 αὐτοῦ
1607 1935 1807 1975 γαζοφυλάκων
1837 1932 1923 1964 δάνεια,

1115 1981 1159 2008 καὶ
1187 1978 1264 2018 ἔχετε
1279 1982 1387 2016 πρῶτον
1413 1979 1472 2008 ἰδοὺ
1486 1981 1518 2008 τὸ
1546 1992 1559 2007 ι
1588 1983 1638 2016 τῆς
1668 1980 1777 2018 ἀγάπης
1804 1991 1818 2006 ι)
1845 1977 1925 2005 τάλαν·

1114 2036 1172 2062 τον,
1188 2026 1202 2053 ὃ
1231 2024 1370 2056 πολλάκις
1399 2024 1493 2056 ἐκδοὺς
1510 2025 1575 2062 ὑμῖν
1591 2025 1643 2053 οὐκ
1657 2024 1727 2062 οἶδα,
1749 2025 1776 2053 si:
1790 2022 1922 2058 ἀπωνάμην

1115 2071 1207 2105 αὑτοῦ,
1234 2070 1271 2101 ὠς
1295 2070 1339 2097 οἶα
1366 2070 1588 2108 καταχωσθέντος
1612 2069 1658 2098 καί
1683 2070 1869 2107 ἀφανισθέντος
1888 2064 1923 2093 καὶ

1115 2115 1186 2143 οὕτω
1215 2114 1382 2152 ψευσαμένου
1396 2124 1427 2141 το
1440 2114 1568 2152 χρύσεον,
1587 2126 1600 2140 u
1616 2114 1736 2152 ἀγάπης,
1755 2127 1766 2141 ι
1785 2113 1862 2151 λέγω,
1882 2112 1922 2143 τῆς

1114 2159 1350 2198 ἃπραγματεύτου,
1367 2162 1416 2194 τῆς
1431 2159 1622 2196 ἀνυποκρίτου,
1649 2163 1698 2194 τῆς
1718 2158 1857 2197 ἁψευδοῦς,
1881 2157 1922 2187 τῆς

1115 2205 1285 2243 ἀπεριέργου,
1301 2207 1351 2238 τῆς
1375 2203 1594 2241 ἀπαραποὶήτου,
1619 2207 1672 2239 τῆς
1699 2205 1737 2241 μὴ
1763 2204 1790 2231 ἐν
1814 2199 1919 2240 προσχή-

1116 2260 1181 2286 ματι
1207 2249 1252 2276 καὶ
1281 2247 1456 2283 έξεπιπολῆς,
1484 2246 1548 2275 ἀλλ’
1573 2247 1730 2286 ένδομύχου
1753 2248 1799 2276 καὶ
1822 2245 1917 2284 ἒῤῥιζω“

235 2295 339 2324 laedere
356 2295 458 2332 possit,
474 2304 509 2323 ex
525 2296 609 2323 horto
637 2296 736 2324 divino
765 2296 815 2332 qui
845 2297 873 2324 in
904 2296 989 2324 nobis
1005 2299 1058 2331 est,

1117 2295 1200 2330 μένης
1224 2293 1250 2320 ἐν
1276 2294 1374 2331 ψυχῇ,
1403 2292 1440 2323 ὡς
1466 2291 1535 2329 μηδὲ
1566 2292 1629 2330 μίαν
1657 2293 1775 2331 ἀνάγκην
1805 2289 1916 2340 λαίλῗπῗς

235 2340 388 2374 avulsam;
405 2340 567 2375 cbaritatis,
583 2349 641 2368 non
653 2340 732 2368 illius
743 2349 807 2376 quae
823 2341 951 2368 exterius
965 2341 1060 2369 subri-

237 2384 286 2411 det
300 2387 329 2412 et
355 2384 385 2412 in
415 2385 501 2412 corde
530 2386 693 2413 ditacerare
721 2385 882 2413 meditatur
906 2386 1058 2420 amicum;

236 2428 397 2464 charitatis,
415 2437 503 2464 quam
521 2429 597 2457 Deus
613 2429 717 2457 tribuit
729 2437 762 2457 ac
773 2429 879 2465 diligit,
896 2439 958 2465 quae
971 2432 1015 2458 est
1026 2439 1060 2459 ex

234 2474 297 2500 tota
313 2475 420 2508 mente,
435 2474 521 2501 corde
536 2478 564 2502 et
584 2474 682 2501 anima
696 2483 702 2507 ;
734 2482 785 2510 per
801 2482 889 2510 quam
906 2477 1014 2502 cuncta
1029 2476 1059 2503 in

235 2518 346 2545 mundo
362 2518 519 2553 produxit;
549 2527 600 2554 per
629 2527 717 2554 quam
748 2519 850 2546 unitur
878 2519 974 2552 nobis,
1004 2528 1059 2548 nos

233 2561 342 2589 docens
368 2562 410 2590 sic
439 2563 475 2590 ad
491 2562 613 2591 invicem
645 2563 734 2598 uniri,
751 2566 893 2599 tanquam
918 2566 1015 2599 partes
1032 2567 1060 2592 et

231 2607 364 2635 membra
380 2606 441 2640 Dei,
459 2607 486 2634 in
506 2616 594 2634 unam
610 2607 814 2635 cohaerentiam
830 2608 1059 2644 societatemque

230 2653 376 2688 coaptata.

269 2753 296 2780 7.
311 2752 392 2780 Hanc
407 2751 489 2780 vobis
518 2751 707 2788 operantibus
733 2753 796 2779 tota
809 2751 951 2779 virtutum
968 2753 1058 2779 cater-

235 2805 270 2825 va
283 2799 389 2834 praesto
405 2797 469 2832 erit,
485 2799 518 2824 ut
546 2795 614 2824 alibi
641 2796 768 2833 propriis
798 2796 1056 2824 demonstrationi-

231 2841 287 2869 bus
301 2842 453 2870 evidenter
468 2841 663 2871 ostendimus.
675 2843 751 2878 Ipsa,
765 2849 822 2870 non
836 2848 920 2869 secus
933 2848 965 2870 ac
975 2840 1057 2877 prin-

1114 2337 1187 2376 ἔχειν
1211 2340 1432 2375 κατακαυχᾶσοαι
1461 2336 1556 2372 αὐτῆς,
1596 2338 1794 2374 ἀνασπωμένης
1829 2334 1870 2363 τοῦ
1897 2334 1917 2358 ἐν

1114 2384 1181 2420 ἡμῖν
1211 2382 1283 2410 θείου
1305 2383 1407 2417 κήπου·
1440 2392 1451 2408 ι
1481 2382 1599 2420 ἀγάπης,
1617 2395 1628 2408 »
1658 2384 1709 2415 τῆς
1739 2383 1778 2419 μὴ
1799 2378 1917 2417 προσώπῳ

1116 2429 1163 2465 μὲν
1192 2426 1379 2466 γελώσης,τῇ
1395 2426 1424 2454 δὲ
1448 2426 1546 2464 καρδίᾳ
1568 2425 1728 2463 μελετώσης
1755 2426 1862 2460 διασπᾷν
1880 2421 1914 2449 τὸν

1115 2471 1290 2510 φιλούμενον
1321 2483 1335 2497 (ι
1355 2471 1472 2509 ἀγάπης,
1498 2483 1513 2498 ››
1528 2473 1561 2506 ἦν
1578 2471 1592 2498 ὁ
1619 2472 1684 2502 Θεὸς
1708 2472 1753 2499 καὶ
1767 2466 1916 2508 παραδίδωπι

1113 2517 1158 2545 καὶ
1185 2516 1270 2556 φιλεῖ,
1285 2517 1335 2551 τὴν
1363 2515 1388 2552 ἐξ
1405 2515 1471 2549 ὅλης
1488 2514 1608 2548 διανοίας
1631 2517 1676 2544 καὶ
1700 2515 1812 2554 καρδίας
1825 2513 1864 2542 καὶ
1877 2512 1916 2547 ψυ-

1114 2564 1179 2600 χῆς,
1206 2561 1240 2589 δι’
1254 2562 1284 2596 ἦν
1301 2561 1347 2589 καὶ
1370 2561 1404 2588 τὰ
1417 2560 1483 2598 τῇδε
1497 2561 1584 2589 πάντα
1598 2562 1753 2599 παρήγαγε,
1770 2560 1805 2589 δι’
1817 2561 1845 2594 ἢν
1857 2556 1915 2591 ἧνω·

1112 2618 1156 2634 ται
1172 2608 1251 2643 ἡμῖν,
1266 2604 1401 2633 διδάσκων
1417 2604 1489 2632 οὕτω
1509 2606 1560 2640 τὴν
1585 2606 1654 2643 πρὸς
1676 2605 1816 2641 ἀλλήλους
1839 2601 1915 2630 ἕνωσιν

1114 2651 1151 2683 ὠς
1169 2652 1237 2689 μέρη
1254 2651 1298 2679 καὶ
1317 2649 1386 2687 μέλη
1403 2652 1469 2678 Θεοῦ
1481 2642 1616 2685 ὅντας,ιῖς
1634 2650 1696 2687 μίαν
1712 2642 1916 2688 συναρμολογοῦ-

1116 2707 1181 2734 μενα
1210 2694 1343 2735 συμφυΐαν
1359 2705 1388 2723 τε
1403 2695 1447 2723 καὶ
1464 2695 1615 2734 συνάφειαν.

1150 2753 1179 2785 ζ.
1209 2749 1313 2784 Ταύτην
1350 2749 1641 2787 πραγματευσαμένοις
1684 2750 1747 2785 ὑμῖν
1785 2749 1798 2776 ὁ
1826 2745 1914 2787 σύμπτς

1113 2794 1213 2831 ὅμιλος
1227 2797 1281 2821 τῶν
1298 2785 1399 2831 ἀρετῶν
1414 2785 1550 2832 έφέψεται,
1566 2793 1602 2825 ὥς
1631 2792 1733 2822 ἄλλοτε
1752 2795 1838 2833 σαφῶς
1857 2785 1911 2816 ἐδεί-

1113 2840 1194 2876 ξαμεν
1211 2838 1458 2876 διασκευασάμενοι.
1475 2837 1561 2874 Αὕτη,
1578 2839 1628 2866 ὅσα
1646 2839 1691 2866 καὶ
1720 2839 1804 2878 ἀρχή,
1828 2837 1911 2864 ἅπασαν
