2030 3167
116 181 177 211 589

622 178 662 209 ΙΝ
685 178 717 208 S.
740 177 1081 214 QUADRAGESIMAM
1105 178 1254 209 ORATIO
1276 178 1314 208 ll.

1761 182 1821 214 590

115 244 315 284 άγαθοπραξίαν
342 244 369 273 ἐν
399 244 463 281 ὑμῖν
492 243 610 283 ἐκφανεῖ.
639 242 744 278 Ταύτην
773 243 786 270 ὁ
807 240 881 280 ἔχων
897 240 938 273 εἲς

1006 243 1114 280 :ipium,
1127 251 1213 272 omne
1223 244 1368 272 bonorum
1380 252 1500 281 operum
1517 245 1546 273 in
1568 247 1650 274 vobis
1677 247 1821 283 producet

115 290 218 321 ἐντελὲς
244 291 379 329 φορτηγεῖ
404 289 438 317 τὰ
461 288 683 327 τιμαλφέστατα.
711 287 769 315 Οὐκ
798 285 865 326 ἔφθη
896 297 938 317 τις

115 336 223 374 ἀγαπην
249 335 344 370 εἰπεῖν,
370 334 414 361 καὶ
438 334 641 372 συνεξεφωνήθη
671 332 738 369 αὐτῇ
759 331 864 368 ξύμπαν
892 341 940 358 κα-

117 378 177 409 λόν.
208 379 327 417 ’Δγάπης
351 377 582 416 παρεισδυομένης
605 377 644 408 εἷς
672 377 776 414 ψυχὴν,
806 376 941 413 συνεισέρ-

116 435 196 463 χεται
217 424 262 452 καὶ
289 423 386 451 λοιπὸς
415 423 484 454 ἄπας
515 421 613 458 ὅμιλος
641 421 754 459 ἀρετῶν.
772 419 848 449 E18:
872 420 939 455 αὐτὴ

118 462 219 498 ἱκεῖθεν
248 468 430 496 ἐκκέκλεισται
448 489 455 502 ,
486 465 570 502 δῆλον
609 465 650 493 ὅτι
685 462 788 503 ἔρημος
815 466 833 499 ἡ
863 465 940 502 ψυχὴ

119 515 210 550 ἐκείνη
224 513 324 545 παντὸς
336 512 449 550 ἀγαθοῦ.

155 604 191 639 η’.
204 604 321 634 Ἕνωσις
344 602 413 641 πρὸς
436 602 482 629 τὸν
508 601 568 628 Υἱὸν
591 602 609 636 ἡ
634 600 737 638 ἀγάπη,
754 599 812 627 ἐπεὶ
826 598 871 626 καὶ
885 600 939 626 τῶν

119 648 202 676 αὐτοῦ
218 647 335 676 ἐντολῶν
358 646 565 685 ἐκπληρωτική.
583 657 597 672 ‹‹
615 645 643 672 Εἰ
664 645 715 682 γὰρ
731 643 851 682 ἀγαπᾶτέ
869 654 911 680 με,
927 654 942 668 ››

119 694 196 733 φησὶ,
225 705 239 719 ‹‹
264 692 311 724 τὰς
342 691 454 722 ἐντολὰς
484 691 513 719 ἂν
543 691 662 718 ἐποιεῖτε
689 690 736 720 τὰς
765 688 841 725 ἐμάς.
860 700 871 713 ι
892 687 940 716 0?-

118 738 227 769 κείωσίς
243 737 298 765 ἐστι
320 737 388 775 πρὸς
408 737 453 764 τὸν
476 736 582 774 Πατέρα
605 735 673 762 κατά
692 734 734 762 τό·
752 746 766 760 ‹‹
783 733 942 772 Ἀγαπηθή·

120 794 193 811 σεται
223 783 275 810 ὑπὸ
302 784 352 809 τοῦ
379 780 484 819 Πατρός
515 791 588 817 μου.
620 792 635 806 »
664 777 843 816 ’Λγαλλίασίς
872 777 943 805 ἐστιν

120 827 210 860 ἔνθεος
230 827 275 855 καὶ
304 826 411 862 ἀληθὴς
438 826 512 864 ’χαρὰ
535 825 603 853 κατὰ
616 824 657 852 τίδ’
671 836 685 850 ‹‹
701 823 732 852 Εἰ
757 822 880 861 ἠγαπᾶτέ
899 832 941 858 με,

121 872 239 911 ἐχάρητε
254 872 295 900 ἄν.
312 871 443 908 »Μήτηρ
468 869 535 905 αὕτη
559 869 658 907 ἁρετῆς
682 867 799 903 ἁπάσης,
824 867 862 898 ὡς
884 865 943 894 ἕτε-

122 928 167 956 ρος
190 918 259 953 ἡμῖν
283 915 378 953 καίρὸς
402 915 451 943 οὐκ
474 913 626 953 ἠγωνίσατο
647 913 685 944 εἷς
709 911 943 956 ἀπόδειξιν,λᾲάλλὰ

121 953 168 989 καί
196 961 302 991 ἀπόνως
331 959 376 986 καὶ
406 961 497 998 σαφῶς
533 959 578 986 χαί
616 956 820 995 ἀναντιρῥήτως
850 953 943 992 ἔδειξε,

122 1006 240 1044 Χρυσὲας
259 1005 361 1043 ἀρετῶν
392 1003 513 1034 ἁλύσεως
541 1002 636 1040 κρίκος
660 1003 673 1030 ὁ
693 1004 814 1039 πρῶτος,
845 997 945 1038 βαλϐὶς

125 1050 229 1088 δρόμου
252 1051 301 1077 τοῦ
326 1049 363 1079 εἷς
394 1049 502 1086 ἀρετὴν,
531 1047 630 1084 βαθμὶς
656 1047 813 1085 προέχουσα
827 1049 877 1080 τῆς
905 1046 944 1076 εἱς

123 1095 237 1133 οὐρανὸν
254 1092 351 1121 ἀνόδου
365 1115 373 1129 ,
394 1093 506 1130 εἰρήνης
526 1091 653 1128 θεμέλιος
664 1114 671 1128 ,
687 1090 816 1129 ἀταραξία
839 1092 944 1128 ψυχῆς,

123 1139 253 1176 πολέμων
282 1137 422 1174 διώκτρια,
447 1137 492 1165 καὶ
520 1139 660 1173 τοσοῦτον,
687 1135 757 1164 ὥστε
783 1135 856 1172 εἴπερ
877 1134 944 1170 αὕτη

124 1183 169 1212 διὰ
196 1187 246 1218 τῆς
276 1182 440 1219 οίκουμίνης
470 1181 652 1216 ἐπολιτεύετο,
682 1181 732 1208 οὐκ
764 1179 793 1207 ἃν
824 1179 946 1216 οὐδαμοῦ

123 1226 190 1266 ἔρις,
219 1229 236 1262 ἡ
261 1230 310 1255 τοῦ
333 1226 458 1263 πολέμου
488 1227 595 1264 μήτηρ,
620 1225 832 1264 ἄπαρρησιάζετο
849 1246 856 1258 ,
883 1223 946 1251 ἀλλ’

123 1273 180 1301 ἀντὶ
199 1274 248 1300 τοῦ
265 1271 291 1299 ἐν
311 1271 410 1303 ὅπλοις
429 1270 593 1307 πληθυσμοῦ
614 1269 739 1307 ἂρότροις
759 1268 788 1296 ἂν
813 1268 847 1303 ἦν
877 1269 944 1304 ἡμῖν

123 1316 354 1356 πιριουσίάζεσθαι
381 1315 426 1343 καὶ
463 1313 522 1342 οὐδ’
562 1314 590 1342 ἂν
628 1313 878 1352 ἐσμικρολογοῦντο
920 1312 947 1340 οἱ

123 1361 315 1400 χαλκεύοντες,
332 1360 566 1397 λεπτοτομοῦντες
583 1358 626 1386 ἐπὶ
651 1358 746 1398 φόνοις
760 1359 806 1386 τὸν
823 1356 946 1395 σίδηρον.

124 1407 192 1444 Εἶχι
221 1405 250 1434 δὲ
278 1406 319 1440 ἂν,
336 1405 375 1436 ὡς
401 1404 472 1432 οὕτω
496 1404 588 1443 φάναι,
603 1403 648 1431 καὶ
672 1404 752 1442 χάριν
768 1405 826 1434 τοῖς
842 1401 947 1432 τέκνοις

124 1453 142 1487 ἡ
163 1451 254 1487 μήτηρ
269 1453 317 1488 γῆ,
334 1450 375 1477 δτι
393 1450 430 1486 μή
446 1449 533 1486 συχνὰ
560 1448 662 1483 ἐκείνην
688 1448 948 1485 πολυπραγμονοῦσι

125 1494 172 1523 καί
195 1494 385 1532 ἀνασχίζουσιν
407 1494 451 1521 ἐπὶ
476 1492 613 1531 σιδηρὲοις
635 1492 794 1529 μετάλλοις,
825 1493 866 1523 οἷς
882 1493 908 1518 οἱ
924 1491 949 1526 ἐξ

126 1540 214 1575 αὐτῆς
245 1538 467 1578 διαφθείρονται,
498 1537 605 1575 ἀγάπης
634 1537 677 1564 καὶ
708 1537 796 1573 μόνης
829 1537 855 1563 ol.
884 1535 951 1562 κατὰ

130 1585 191 1624 βίον
217 1583 294 1622 ὀρθοὶ
323 1583 432 1618 σκοποὶ,
461 1582 507 1610 καὶ
535 1582 569 1610 τὰ
597 1581 638 1609 ἐπ’
662 1582 755 1612 αὐτοῖς
771 1579 846 1618 ἔργα,
863 1579 898 1607 δι’
914 1578 951 1606 ὧν

995 289 1233 323 exercitium.Qui
1242 289 1322 316 illam
1331 289 1486 317 habetrem
1496 299 1565 318 sane
1576 291 1820 327 pretiosissimam

995 334 1165 369 possidebit.
1194 334 1255 361 Non
1271 334 1358 361 citius
1375 334 1479 370 aliquis
1509 335 1682 364 cbaritatem
1704 338 1818 374 dixerit,

995 385 1083 412 quam
1100 385 1167 405 cum
1183 378 1248 413 ipsa
1276 378 1464 406 consenuerit
1492 387 1578 408 omne
1600 380 1722 410 bonum.
1748 382 1820 410 Cha.

996 422 1081 449 ritate
1094 423 1123 449 in
1138 422 1413 456 animamintrante,
1427 423 1591 459 ingreditur
1609 425 1698 453 etiam
1723 427 1820 456 omnis

996 466 1111 502 reliqua
1125 467 1268 494 virtutum
1284 469 1407 494 caterva.
1424 468 1452 495 Si
1468 476 1534 496 vero
1549 469 1614 505 ipsa
1643 470 1747 499 exinde
1772 479 1820 499 ex-

997 510 1135 545 cluditur,
1152 511 1280 539 animam
1294 511 1375 540 illam
1391 512 1471 540 omni
1486 513 1561 541 bono
1584 514 1729 550 privatam
1757 523 1822 544 esse

997 555 1187 583 manifestum
1202 558 1255 584 est.

1032 600 1059 627 8.
1087 601 1129 628 Ad
1156 601 1293 628 unionem
1324 610 1391 629 cum
1420 601 1492 629 Filio
1522 603 1655 639 perducit
1683 604 1823 642 Charitas,

997 645 1143 681 siquidem
1155 645 1219 680 ejus
1233 647 1438 674 mandatorum
1450 648 1666 676 exsecutionem
1682 650 1823 678 continet.

997 700 1012 715 «
1024 689 1052 716 Si
1068 690 1146 717 enim
1165 690 1286 726 diligitis
1302 699 1359 726 me,
1376 691 1483 727 inquit,
1494 692 1631 720 mandata
1646 701 1711 721 mea
1726 697 1822 722 custo-

998 734 1084 762 dietis
1094 734 1114 760 ³.
1126 745 1140 759 ››
1150 735 1390 764 Familiaritatem
1407 744 1474 764 cum
1486 738 1570 765 Patre
1585 737 1731 773 conciliat,
1755 739 1822 774 jux-

997 781 1027 807 ta
1042 779 1133 807 illud:
1165 791 1179 805 «
1192 779 1334 814 Diligetur
1345 789 1361 808 a
1385 782 1471 809 Patre
1497 790 1562 810 meo
1576 782 1595 809 ‘.
1609 793 1622 806 ››
1658 783 1822 811 Exsultatio

998 824 1097 852 divina
1110 832 1274 860 verumque
1289 825 1430 861 gaudium
1440 827 1493 861 est,
1509 827 1672 855 secundum
1687 827 1742 856 hoc
1755 829 1761 854 ε
1775 827 1823 855 «Si

999 868 1158 903 diligeretis
1174 877 1231 902 me,
1251 869 1417 905 gauderetis
1428 870 1471 897 ⁵.»
1491 870 1556 898 Haec
1580 872 1680 899 omnia
1708 872 1825 901 virtutis

1000 915 1101 947 mater,
1119 913 1195 941 sicut
1210 913 1268 941 alia
1289 914 1373 942 nobis
1389 915 1503 942 occasio
1519 923 1577 943 non
1593 916 1687 944 caruit
1704 917 1824 945 demon-

1000 958 1204 993 strationibus,
1229 958 1288 986 imo
1324 959 1406 987 facile
1448 960 1602 988 manifeste
1639 961 1826 990 inconcusse-

1000 1011 1056 1038 que
1071 1003 1209 1031 ostendit.
1226 1004 1326 1030 Aurea:
1341 1003 1482 1031 virtutum
1499 1006 1606 1032 catena,
1622 1005 1752 1035 annulus
1767 1007 1827 1043 pri-

1001 1047 1227 1082 mus,curriculi
1242 1048 1276 1075 ad
1292 1047 1429 1076 virtutem
1447 1049 1550 1085 janua,
1581 1050 1761 1079 ascensionis
1790 1052 1827 1080 ad

1001 1092 1106 1120 omium
1131 1091 1294 1127 exordium,
1328 1093 1408 1128 pacis
1449 1094 1683 1130 fundamentum,
1724 1097 1829 1125 animus

1001 1137 1154 1170 securitas,
1171 1136 1315 1165 bellorum
1332 1137 1469 1173 fugatrix,
1485 1140 1573 1175 atque
1584 1140 1665 1174 adeo,
1683 1142 1716 1169 ut
1731 1141 1756 1170 si
1777 1150 1830 1177 per

1001 1183 1102 1210 orbem
1118 1185 1259 1210 terrarum
1279 1185 1425 1218 regnaret,
1446 1183 1550 1211 nullibi
1571 1184 1728 1222 discordia,
1757 1185 1828 1214 belli

1002 1229 1105 1260 mater;
1122 1234 1220 1254 vocem
1237 1226 1348 1254 elevare
1363 1230 1473 1263 posset,
1496 1230 1534 1263 et,
1557 1237 1706 1257 armorum
1733 1231 1827 1258 abun-

1002 1270 1108 1299 dantiae
1125 1271 1196 1304 loco,
1213 1271 1298 1299 nobis
1315 1273 1480 1300 aratrorum
1495 1272 1675 1302 abundantia
1697 1275 1826 1311 daretur,

1002 1323 1055 1343 nec
1067 1315 1139 1343 fabri
1157 1323 1243 1351 parce
1259 1319 1430 1351 prmslarent
1441 1317 1562 1354 ferrum,
1578 1318 1651 1347 illud
1671 1319 1707 1348 ad
1734 1321 1827 1350 caedes

1003 1360 1117 1388 minute
1132 1360 1461 1397 excudentes.Haheret,
1472 1365 1503 1390 ut
1515 1362 1555 1390 ita
1565 1363 1750 1398 dicam,ﬁliis
1761 1373 1828 1402 gra-

1002 1405 1075 1433 tiam
1090 1407 1168 1433 terra
1184 1406 1368 1442 mater,quod
1378 1414 1436 1434 non
1448 1415 1524 1443 saepe
1538 1408 1753 1445 exagitarentet
1767 1411 1828 1438 clis-

1004 1451 1138 1478 secarent
1147 1457 1211 1477 eam
1224 1450 1259 1476 ad
1276 1449 1451 1478 invenienda
1466 1451 1568 1487 ferrea,
1583 1453 1711 1488 metalla,
1722 1455 1830 1489 quibus

1005 1494 1099 1530 ipsius
1117 1494 1189 1521 ﬁnes
1205 1496 1445 1529 corrumpuntur,
1461 1495 1553 1523 solius
1578 1497 1730 1526 oharitatis
1759 1500 1830 1526 recti

1006 1539 1080 1566 ﬁnes
1092 1538 1128 1566 ad
1152 1538 1253 1571 vitam,
1283 1546 1430 1575 operaque
1455 1541 1616 1569 conformis
1640 1541 1748 1577 quibus
1771 1543 1831 1571 vita

1007 1582 1344 1614 sustentatur.Quaenam
1360 1583 1522 1612 autemista
1534 1584 1547 1611 7
1562 1584 1661 1613 Civilis
1675 1586 1830 1616 hominum

121 1620 277 1658 συνίσταται
304 1629 372 1667 βίος.
394 1631 464 1656 Ποῖα
493 1626 526 1662 δὴ
554 1630 637 1655 ταῦτα
654 1637 660 1662 ;
677 1627 708 1654 Ἣ
731 1627 788 1654 κατ’
805 1627 946 1663 ἄνθρωπον

1006 1627 1139 1660 societas,
1168 1626 1303 1661 concilia,
1328 1627 1417 1663 leges,
1446 1628 1563 1664 scholas,
1593 1630 1703 1658 omnis
1728 1639 1776 1660 ars
1800 1634 1829 1660 et

121 1674 255 1709 πολιτικὴ
284 1671 448 1710 συμϐίωσις,
475 1673 509 1700 τὰ
538 1671 731 1710 βουλευτήρια,
756 1671 783 1699 el
806 1671 898 1708 νόμοι,
913 1670 947 1697 τὰ

119 1718 314 1756 παιδευτήρια,
339 1717 424 1756 τέχνη
446 1719 518 1744 πᾶσα
539 1716 583 1744 καὶ
605 1716 753 1753 ἐπιστήμη,
778 1715 874 1754 γάμοι,
897 1714 946 1752 ἐμ-

119 1764 227 1801 πορίαι,
251 1763 428 1802 πανηγύρεις,
447 1763 506 1790 ὅσαι
526 1772 555 1789 τι
579 1761 673 1793 ἄλλως
693 1760 822 1799 κερόᾣαι,
848 1760 893 1788 καὶ
909 1761 945 1788 ὧν

120 1807 204 1840 σέϐας
220 1811 291 1841 θεῖον
306 1810 480 1846 προηγεῖται.

160 1855 193 1882 θ’.
210 1853 322 1884 Φύσεως
336 1851 424 1891 δῶρον
455 1853 472 1887 ἡ
498 1851 601 1890 ἀγάπη,
631 1851 675 1879 οιαὶ
705 1851 732 1879 ἒν
758 1850 826 1888 αὖτῇ
852 1850 948 1888 πρώτῃ

123 1898 194 1937 μετὰ
221 1898 284 1926 Θεὸν
313 1899 465 1935 θεωρεῖται,
482 1895 517 1924 δι’
541 1897 575 1931 ἧς
603 1897 637 1924 τὰ
665 1897 759 1934 νεογνὰ
775 1896 805 1923 οὐ
824 1895 904 1933 μόνον
921 1895 946 1922 ἐν

122 1943 290 1981 ἀνθρώποις,
306 1941 379 1970 ἀλλὰ
392 1941 436 1969 καὶ
466 1942 548 1976 ζώοις
571 1943 629 1972 τοῖς
649 1940 746 1972 ἄλλοις
772 1940 949 1976 περιέπονται

124 1988 214 2019 οὕτως
231 1988 415 2026 ἆγαπητικῶς,
432 1986 469 2017 ὥς
484 1987 529 2014 καὶ
554 1985 665 2018 θάνατον
690 1985 867 2024 αἶ’ρετώτερον
884 1985 950 2012 εἶναι

124 2036 188 2064 τοῖς
215 2031 394 2070 γειναμένοις,
425 2030 496 2068 ἤπερ
523 2030 742 2068 ἀποστερηθῆναι
769 2031 824 2057 τῶν
854 2029 951 2060 φιλτά-

125 2089 195 2106 των.
217 2075 383 2105 Ἱνδάλλεταί
411 2086 453 2106 τις
474 2074 566 2112 ἀγάπη
594 2075 638 2102 καὶ
664 2075 690 2102 ἐν
717 2077 824 2114 φυτοῖς,
851 2073 896 2101 καῖ
912 2071 952 2100 oi!-

128 2123 206 2152 δασιν
224 2121 289 2150 αὐτὸ
304 2121 330 2149 οἱ
343 2121 375 2148 τὸ
402 2120 428 2147 ἰν
458 2119 554 2158 φοίνιξι
582 2122 640 2150 τοῖς
670 2122 763 2157 φυτοῖς
790 2119 954 2156 καθιστορή-

135 2178 242 2201 σαντες,
270 2167 306 2197 ὡς
333 2165 420 2196 οὕτως
450 2164 546 2198 εἰπεῖν,
577 2163 754 2202 ἁρῤενόθηλυ,
786 2164 955 2202 Ἐνεωρεῖται

128 2212 175 2241 καὶ
191 2214 225 2249 τῇ
240 2212 298 2239 κατ’
328 2211 469 2248 ἄνθρωπον
497 2208 594 2237 πλάσει
623 2209 714 2247 χυμὸς
743 2208 834 2248 φίλιος
860 2209 956 2236 exue

129 2259 210 2293 αἷμα,
227 2256 309 2294 οὗπερ
335 2254 530 2292 ἁναδιδομὲνου
555 2254 719 2293 φοινίσσεται
744 2257 804 2289 τοῖς
828 2252 956 2290 αἰδουμέ-

1002 1671 1136 1707 scientia,
1149 1671 1347 1706 matrimonia,
1360 1672 1546 1707 commercia,
1559 1676 1664 1710 coetus,
1680 1684 1743 1712 quae
1757 1678 1827 1705 sunt

1002 1715 1074 1745 alias
1085 1716 1167 1744 utilis
1178 1716 1346 1753 quibusque
1361 1718 1510 1746 veneratio
1527 1718 1625 1747 divina
1637 1723 1754 1756 praest.

1038 1851 1064 1878 9.
1081 1850 1198 1878 Naturae
1222 1850 1333 1879 donum
1353 1852 1397 1879 est
1414 1851 1542 1886 claritas,
1566 1855 1594 1881 et
1622 1853 1653 1881 in
1679 1862 1713 1882 ea
1734 1855 1831 1891 prima

1005 1897 1071 1932 post
1085 1896 1177 1923 Deum
1193 1895 1384 1930 conspicitur,
1401 1904 1454 1932 per
1468 1904 1557 1933 quam
1570 1906 1671 1927 recens
1687 1902 1756 1928 nata
1772 1909 1831 1929 non

1005 1940 1101 1968 solum
1113 1940 1142 1967 in
1154 1940 1337 1976 hominibus,
1349 1941 1399 1969 sed
1416 1941 1504 1969 etiam
1520 1941 1551 1970 in
1563 1943 1676 1972 caeteris
1696 1945 1833 1973 animali-

1006 1985 1073 2020 bus,
1085 1993 1182 2013 amore
1197 1993 1230 2012 ac
1243 1984 1440 2013 sollicitudine
1456 1986 1687 2024 circumdantur,
1704 1990 1738 2018 ut
1755 1998 1835 2018 mors

1007 2029 1269 2065 potiuseligeretur
1276 2030 1571 2066 aparentibus,quam
1579 2032 1758 2060 charissima:
1766 2042 1835 2069 pro-

1008 2074 1044 2101 lis
1065 2074 1188 2101 orbatio.
1205 2074 1331 2109 Apparet
1345 2075 1468 2102 etiamin
1480 2075 1590 2111 plantis
1599 2077 1732 2112 quadam
1740 2078 1837 2106 chari-

1008 2121 1064 2152 tus,
1078 2120 1106 2145 et
1123 2117 1174 2145 hoc
1190 2120 1333 2146 noverunt
1353 2119 1403 2154 qui
1418 2119 1447 2146 in
1470 2119 1589 2155 palmis,
1619 2123 1651 2148 ut
1667 2121 1708 2149 ita
1728 2121 1835 2157 dicam,

1010 2165 1169 2198 utrumque
1177 2171 1278 2190 sexum
1288 2164 1639 2199 agnoverunt.Videturet
1646 2166 1674 2193 in
1680 2166 1836 2195 hominum

1011 2207 1183 2236 formatione
1199 2207 1363 2235 dilectionis
1378 2208 1486 2236 humor
1511 2209 1547 2237 ad
1575 2210 1749 2246 sanguinem
1776 2220 1837 2248 per-

1011 2253 1192 2287 tinens,quo
1209 2251 1331 2280 saliente
1360 2253 1543 2288 pudibundis
1567 2254 1596 2282 in
1617 2255 1751 2283 decorem
1775 2255 1839 2284 vul-

130 2312 189 2332 νοις
217 2301 249 2328 τὸ
278 2300 424 2338 πρόσωπον
466 2300 503 2331 εἰς
536 2299 696 2337 ὡραϊσμόν.
727 2299 839 2330 Πάντως
870 2298 898 2326 δὲ
926 2298 948 2325 τί

1013 2299 1061 2325 tus
1076 2297 1215 2325 rubescit.
1240 2297 1364 2325 Omnino
1386 2306 1454 2326 vero
1479 2298 1595 2327 dilectio
1622 2299 1689 2328 talis
1713 2301 1841 2329 adhaeret

132 2348 256 2374 τοιοῦτον
274 2344 365 2383 φίλιον
397 2344 542 2383 σύστοιχον
573 2343 661 2382 ἀγάπῃ
685 2343 752 2378 ἐστὶ,
768 2343 835 2370 καθᾶ
851 2353 957 2370 συστοι-

135 2391 218 2428 χοῦσι
252 2389 297 2416 καὶ
333 2391 351 2424 ἡ
390 2389 478 2427 ἀγάπη
511 2389 556 2416 καὶ
583 2389 617 2416 τὰ
650 2387 756 2419 φίλικά·
786 2388 831 2415 καὶ
858 2387 902 2415 ὅτε
931 2386 959 2414 δὲ

136 2434 178 2470 τῷ
194 2432 283 2469 ὁμοίῳ
296 2433 400 2471 χαίρειν
427 2434 513 2472 φαμὲν
539 2433 570 2460 τὸ
595 2432 691 2470 ὅμοιον
721 2432 795 2470 λόγῳ
809 2432 958 2468 καθολικῷ,

139 2478 248 2515 ἀγάπην
265 2477 342 2513 οἶμαι
356 2478 488 2509 κάνταῦθά
497 2478 557 2504 τινά
566 2488 626 2504 τινα
642 2476 845 2514 ὑπολαλοῦμεν.
858 2478 891 2505 Ἠ
908 2476 959 2514 γὰρ

140 2523 193 2551 οὐκ
222 2521 359 2560 ἀγαπητὸν
387 2523 404 2556 ἠ
436 2522 534 2559 χαράς
559 2522 621 2554 Καὶ,
638 2522 652 2549 ὁ
680 2520 818 2560 παραδοὺς
849 2520 877 2548 δὲ
904 2521 936 2548 τό
953 2530 960 2537 θ

142 2579 153 2595 ι
170 2568 259 2595 Πάντα
273 2568 321 2594 τοῦ
346 2566 412 2593 εἶναι
441 2565 571 2605 ἰφίεσθαι,
588 2577 602 2592 ››
619 2566 724 2604 ἀγάπην
755 2567 814 2594 τινὰ
841 2564 959 2604 παρελᾶ-

139 2612 208 2648 λησε
221 2610 265 2639 διὰ
279 2614 331 2646 τῆς
346 2610 470 2650 ἐφέσεως.

176 2657 202 2686 ι’.
218 2656 266 2688 Τίς
295 2655 341 2683 οὖν
383 2655 454 2683 οὕτω
484 2653 625 2693 Θηριώδης
645 2678 652 2690 ,
682 2656 719 2686 ὡς
755 2655 786 2682 τὸ
817 2655 962 2692 πάγκοινον

139 2703 220 2729 τοῦτο
235 2700 318 2728 καλὸν
348 2701 445 2728 ἑαυτοῦ
469 2700 594 2737 ἀπάγειν,
624 2700 668 2727 καὶ
695 2699 795 2732 ἐθέλειν
828 2699 962 2736 μονάζειν,

142 2745 180 2778 εἷς
205 2745 321 2784 ἔλεγχον
343 2747 392 2774 τοῦ
423 2746 492 2783 μήτε
515 2743 658 2776 πολιτικὸς
682 2744 727 2772 καὶ
752 2745 909 2776 κοινωνικὸς
930 2746 964 2772 εἶ-

182 2853 194 2872 ⁸
207 2853 279 2882 Joan
295 2862 351 2890 xxv,
367 2854 412 2883 45.
450 2854 461 2872 ⁴
474 2852 545 2883 ibid.
561 2854 606 2882 21.
645 2852 655 2870 ⁵
670 2851 741 2882 ibid.
751 2853 798 2882 28.

1013 2341 1162 2376 charitati,
1177 2344 1322 2377 quatenus
1338 2343 1558 2379 conjunguntur
1581 2344 1711 2373 Charitas
1730 2347 1758 2373 et
1769 2345 1840 2374 deli-

1013 2387 1122 2421 ciae;et
1151 2394 1229 2421 cum,
1253 2387 1387 2415 universe
1408 2387 1564 2423 loquendo,
1594 2388 1720 2418 dicimus
1743 2390 1841 2419 simile

1015 2431 1105 2459 simili
1121 2431 1256 2467 gaudere,
1273 2430 1320 2459 hic
1342 2440 1458 2468 quoque
1482 2432 1667 2468 charitatem,
1687 2436 1769 2470 puto,
1795 2435 1841 2462 in-

1015 2476 1173 2505 tendimus.
1185 2476 1333 2512 Numquid
1344 2477 1421 2504 enim
1438 2477 1474 2505 ad
1490 2477 1674 2506 dilectionem
1687 2487 1744 2508 non
1773 2488 1840 2516 per-

1015 2521 1090 2550 tinet
1104 2520 1269 2557 gaudium?
1295 2521 1329 2549 Et
1357 2521 1406 2558 qui
1433 2521 1555 2549 tradidit
1587 2522 1679 2551 illud:
1707 2525 1841 2553 «Omnia

1017 2575 1081 2596 esse
1099 2565 1178 2601 velle,
1193 2578 1203 2591 υ
1218 2566 1390 2594 charilatem
1403 2566 1554 2603 quandam
1582 2575 1632 2604 per
1661 2569 1841 2598 desiderium

1017 2611 1149 2640 elocutus
1165 2613 1219 2639 est.

1056 2657 1098 2684 10.
1116 2656 1184 2688 Quis
1200 2655 1290 2691 igitur
1303 2656 1374 2683 adeo
1386 2657 1429 2683 est
1444 2656 1533 2691 ferus,
1545 2659 1577 2684 ut
1605 2657 1660 2686 hoc
1689 2665 1843 2686 commune

1019 2701 1129 2729 bonum
1148 2709 1164 2728 a
1180 2709 1210 2728 se
1225 2700 1358 2736 projiciut
1373 2702 1401 2728 et
1415 2700 1497 2729 solus
1513 2710 1577 2729 esse
1593 2702 1669 2737 velit,
1694 2703 1730 2730 ad
1745 2704 1843 2730 oeten-

1021 2746 1148 2774 dendum
1166 2754 1196 2773 se
1212 2754 1268 2773 non
1284 2745 1400 2773 civilem
1413 2754 1465 2774 nec
1494 2746 1632 2775 socialem
1657 2755 1721 2776 esse
1750 2755 1845 2784 neque
