1992 3158
223 167 282 198 591

612 168 824 198 EUSTATHH
847 165 1236 198 THESSALONICENSIS
1259 166 1553 198 METROPOLITE

1853 172 1903 202 593

223 242 287 264 esse
300 233 473 262 hominem?
487 233 690 262 Civilitatisest
705 242 804 262 amare
826 234 868 262 sic
884 242 938 270 que
968 233 1039 262 reda

1112 243 1166 266 ναι,
1193 232 1238 260 καὶ
1267 231 1330 260 οὐδὲ
1356 231 1522 270 ἅνθρωπος;
1550 232 1733 271 Ἠμερότητος
1769 233 1796 262 δὲ
1821 235 1847 263 τὸ
1870 237 1907 264 καὶ

222 278 316 308 mari:
334 278 412 306 unde
427 278 632 312 manifestum,
648 279 725 314 quod
745 279 794 315 qui
811 287 869 307 non
886 281 977 313 amat,
993 287 1051 306 non

223 323 316 352 civilis
327 325 381 352 est.
395 323 424 351 Si
442 331 500 351 non
511 325 611 355 autem
623 323 688 359 hoc,
709 324 852 358 quomodo
868 326 944 352 esset
964 323 1050 351 homo

222 368 348 406 proprie,
365 370 394 396 et
406 377 463 396 non
480 369 595 396 tantum
612 369 775 396 secundum
787 369 923 402 formam,
951 377 1049 404 quam,

223 421 258 442 ex
273 413 343 441 anili
359 412 474 448 fabella,
488 412 576 449 iocosi
589 413 668 440 simii
685 415 790 440 natura
802 413 923 449 cupiens
937 413 1049 441 obtine-

223 467 265 494 re,
281 458 397 494 incepto
413 457 536 485 cecidit?
547 458 664 494 Aliquid
690 458 795 486 sociale
816 458 924 486 habent
948 467 1049 486 aman-

223 505 288 537 tes;
305 502 355 539 qui
371 510 437 530 vero
455 501 522 530 talis
534 511 592 530 non
617 505 672 536 est,
695 503 719 530 is
748 503 822 531 bene
851 503 952 539 utique
981 502 1049 530 dici~

223 547 398 583 turquidem
413 547 584 583 solivngus:
608 555 665 575 non
697 549 794 576 autem
821 547 898 575 male
922 548 1049 583 jocando

223 594 404 621 assercretur
414 592 490 628 quod
503 591 653 620 solitarius
669 594 713 620 est
728 592 862 629 agrestis.
879 592 1050 620 Cicurantur

221 639 250 665 et
276 639 435 673 serpentes,
463 638 491 665 ct
519 636 604 664 multi
631 636 704 665 tales
721 637 751 664 in
780 637 895 665 biblicis
919 636 1049 665 historiis

218 683 396 710 occurrunt:
423 690 481 709 non
506 681 593 718 peuei
632 683 731 710 autem
770 681 925 718 hucusque
962 690 1047 710 man-

217 726 340 754 suefacti
356 728 528 754 cernuntur.
541 726 612 760 Quis
629 727 700 754 adeo
716 726 899 755 inhumanus
913 725 1002 755 fuerit
1018 729 1049 756 ut

215 771 284 800 velit
299 778 362 799 esse
374 770 560 807 serpentibus
578 771 651 806 ipsis
664 771 746 807 pejor
759 771 772 799 ?

258 869 301 897 11.
330 868 448 897 Zelatur
469 868 598 897 oharitas
627 871 655 897 et
677 869 713 897 ab
738 869 812 905 ipsis
836 869 996 905 sceleratis,
1018 871 1048 898 in

222 913 330 951 quibus
339 921 472 958 perverse
488 915 587 950 agunt.
598 916 708 942 Amant
718 914 809 950 igitur
838 914 890 949 illi,
915 915 1048 944 lubricus
1063 925 1088 958 Β

222 958 342 996 quidem
356 957 518 992 lasciviam,
542 958 649 986 caedem
673 960 773 986 autem
799 958 847 987 ille
877 960 927 995 qui
956 960 1047 988 semel

220 1003 308 1031 homo
324 1002 479 1039 sanguinis
490 1010 554 1030 esse
569 1001 679 1037 voluit;
697 1004 808 1031 furtum
824 1012 902 1038 vero,
918 1004 968 1040 qui
995 1004 1049 1032 cir-

218 1047 371 1076 cafurtum
391 1049 525 1075 versatus
553 1049 615 1082 est;
645 1050 674 1076 et
703 1047 753 1075 alii
782 1047 839 1076 alia
865 1057 963 1084 prave,
987 1057 1049 1077 sex-

216 1092 440 1121 centisexcenta
456 1091 536 1120 talia.
557 1092 627 1120 Dico
657 1095 756 1121 autem
785 1092 832 1121 hic
861 1093 1049 1122 dilectionem

217 1146 277 1166 non
293 1136 483 1173 peculiarem,
500 1145 557 1164 non
569 1139 626 1165 Deo
642 1137 779 1172 amicam,
795 1146 853 1165 non
878 1139 1047 1174 perfectam,

220 1181 272 1210 sed
287 1189 455 1218 perversam
474 1183 502 1209 et
515 1181 616 1208 virtuti
631 1181 819 1210 contrariam.
837 1182 949 1218 Duplex
970 1184 1050 1211 enim

219 1226 298 1255 sicut
312 1225 453 1260 eharitas,
470 1225 510 1253 ita
539 1225 666 1254 dilectio.
697 1225 779 1254 Unus
809 1227 928 1262 quidem
952 1227 1049 1263 diligit

215 1270 303 1308 juxta
320 1269 415 1306 legem
439 1278 528 1306 quam
558 1271 633 1298 Deus
661 1270 741 1298 dedit
769 1273 797 1298 et
821 1270 875 1298 hoc
901 1279 967 1298 cum
992 1272 1048 1299 Deo

221 1324 275 1344 nos
291 1315 430 1343 docemus
445 1327 451 1349 ς
467 1315 544 1343 alius
561 1317 659 1342 autem
680 1314 786 1351 diligit,
817 1314 894 1343 sicut
917 1316 1049 1352 suggerit

222 1359 598 1396 ndversarius,oppositam
627 1359 685 1387 Deo
710 1359 804 1396 legem
831 1362 974 1388 statuens.
1000 1360 1049 1388 Sic

221 1405 312 1434 etiam
328 1405 431 1440 praeter
454 1403 532 1432 dicta
551 1403 658 1440 diligit,
687 1403 738 1440 qui
766 1403 942 1440 simpliciter
970 1404 1048 1432 hunc

223 1457 345 1478 sensum
357 1449 529 1484 corrumpit.
559 1448 618 1477 Hoc
649 1450 747 1476 autem
776 1457 834 1477 non
861 1450 906 1476 est
933 1449 1049 1485 proprie

222 1493 353 1522 charitas
370 1502 377 1522 :
392 1502 449 1521 non
465 1494 543 1522 enim
560 1493 833 1530 reprehenderetur.
846 1493 947 1530 Diligit
959 1495 1048 1522 etiam

218 1539 317 1576 legum
329 1540 530 1575 transgressor
559 1538 732 1574 hujusmudi
761 1538 1047 1575 transgressionem:

219 1583 271 1612 sed
291 1592 348 1611 non
365 1583 481 1620 proprie
496 1583 643 1612 diceretur
657 1583 766 1611 habere
780 1583 972 1612 cbaritntem:
997 1591 1047 1620 ge-

220 1627 341 1656 sticulat
352 1627 464 1656 malitia
479 1627 616 1656 deformis
640 1630 707 1656 ante
732 1628 905 1662 formosum,
927 1629 1046 1656 nomine
1062 1611 1084 1644 C

219 1672 379 1701 venerabili
390 1681 476 1700 suam
492 1672 715 1700 circumducens
731 1673 917 1709 pravitatem,
943 1675 972 1701 et
993 1673 1048 1701 boo

222 1717 342 1745 nomine
357 1717 559 1745 contradicens
575 1717 644 1750 Deo,
659 1717 720 1752 qui,
732 1717 817 1752 juxta
832 1725 972 1754 magnum
983 1718 1047 1748 ,Da-

222 1761 281 1795 vid,
296 1761 393 1797 diligit
408 1761 690 1796 quidemjustitiam,
707 1761 767 1789 odit
778 1765 876 1789 autem
906 1762 1049 1798 iniquita-

223 1809 295 1840 tem,
311 1808 387 1834 certe
401 1814 459 1833 non
474 1805 579 1841 diligit.
595 1807 733 1833 Attamen
764 1806 820 1835 ista
848 1807 1050 1835 demonstrant

225 1850 399 1878 charitatem
414 1857 475 1877 rem
490 1857 555 1877 esse
572 1857 690 1884 prorsus
714 1850 881 1885 amabilem,
903 1850 1048 1886 siquidem

227 1894 368 1930 perversi,
384 1901 436 1921 suo
447 1892 564 1921 nomine
579 1894 754 1929 pudibundi,
766 1894 820 1921 sub
831 1894 982 1922 charitatis
998 1894 1050 1923 n'o-

228 1938 308 1966 mine
321 1945 352 1965 se
367 1938 505 1972 condant,
522 1940 550 1965 et
559 1938 595 1965 ad
611 1946 643 1966 se
662 1946 738 1974 eum,
763 1937 831 1966 licet
854 1947 912 1967 non
936 1939 1051 1975 possint

225 1982 372 2012 attrahere
384 1984 536 2010 conentur.
554 1982 628 2010 Felis
643 1982 740 2018 imago
761 1985 806 2011 est
826 1991 926 2012 eorum
955 1992 1050 2012 unus-

225 2028 352 2064 quisque
367 2029 511 2056 erocotam
528 2026 585 2055 sibi
599 2036 657 2055 non
687 2027 909 2056 convenientem
937 2028 1047 2062 ferens;

222 2073 401 2109 autjocosus
412 2071 526 2106 simius,
541 2071 666 2100 illustris
683 2080 747 2100 esse
772 2072 882 2109 volens,
908 2081 976 2101 cum
1001 2077 1049 2101 tu-

219 2118 285 2146 nica
300 2117 422 2146 ﬂoribus
433 2117 513 2145 varia
523 2117 741 2151 circumdatur;
763 2118 852 2152 unde,
882 2120 952 2154 puto
981 2126 1048 2154 pro-

216 2162 383 2191 verbialiter
394 2162 577 2198 blandiloqui
605 2170 674 2190 eum
697 2161 881 2198 «pulchrum
897 2173 911 2188 ››
940 2171 1047 2198 cogno-

218 2207 343 2236 minent.

253 2261 295 2289 12.
314 2260 418 2288 Adhuc
433 2260 530 2289 divine
545 2259 665 2296 quidem
695 2259 859 2296 diligimus,
886 2260 1046 2289 salubriter

215 2306 410 2342 recogitantes
434 2304 656 2333 matrimonium
686 2305 764 2339 quod
789 2304 867 2332 Deus
882 2304 912 2332 in
938 2305 1041 2341 primis
1056 2298 1080 2331 D

214 2350 354 2384 instituit,
369 2351 433 2385 ipse
462 2349 650 2378 sanctissime
674 2349 836 2384 conjunxit,
863 2350 925 2385 ipse
955 2350 1041 2378 bene-

214 2395 286 2422 dixit
299 2403 304 2422 :
319 2402 446 2429 cumque
454 2393 615 2429 permansit
626 2393 698 2421 illud
712 2393 959 2429 protoplastorum
975 2403 1042 2423 con-

209 2438 460 2474 junctioniusque
476 2439 512 2466 ad
528 2440 663 2470 mortem,
675 2440 704 2465 et
725 2446 783 2465 non
813 2437 966 2474 illegitime
993 2447 1040 2467 co-

212 2481 332 2517 pulatus
344 2485 390 2509 est
404 2481 453 2510 ille
469 2482 590 2517 pulcher
605 2482 713 2515 dualis,
730 2490 764 2509 ex
780 2491 836 2518 quo
849 2491 940 2518 usque
962 2492 1040 2512 nunc

211 2524 404 2553 fraternitatis
422 2526 626 2562 propinquitas
637 2529 770 2554 servatur
785 2527 861 2554 inter
885 2536 938 2556 nos
959 2531 988 2557 et
1010 2529 1039 2556 in

211 2569 321 2598 honore
335 2569 469 2597 habetur.
484 2571 576 2598 Aliter
587 2574 683 2598 autem
701 2570 870 2606 diligunt,et
883 2580 940 2600 non
952 2574 1038 2608 juxta

210 2615 268 2643 tale
278 2613 509 2647 matrimonium,
526 2616 574 2650 qui
594 2623 651 2642 non
668 2615 827 2650 prudentes
839 2616 934 2644 aliena
955 2617 1035 2644 clau-

209 2663 272 2689 stra
285 2658 552 2694 transgrediuntur,
568 2658 627 2686 imo
652 2663 857 2695 perrumpunt,
884 2660 927 2688 vel
952 2661 1036 2689 aliter

207 2705 265 2733 sibi
280 2703 395 2732 ruinam
412 2701 562 2730 ell‘odiunt.
581 2703 632 2730 Ille
648 2703 767 2738 quidem
779 2707 823 2731 est
836 2713 918 2732 amor
943 2705 1033 2733 bene-

208 2749 315 2782 dictus,
331 2747 432 2775 etideo
443 2749 574 2781 sanctus,
590 2750 619 2774 et
644 2747 712 2775 linis
735 2748 798 2783 ejus
830 2749 886 2777 Deo
915 2749 1031 2785 charus,

209 2791 441 2821 fructusventris
461 2791 621 2827 jucundus,
646 2799 738 2827 genus
763 2791 906 2830 lucidum,
923 2794 1030 2822 nobilis

207 2837 370 2873 progenies.
387 2836 538 2865 Secundus
553 2838 662 2870 autem,
677 2835 727 2871 qui
745 2845 802 2866 non
818 2839 953 2874 estjuxta
969 2848 1026 2868 ma.

1106 277 1210 315 ἀγαπᾷν
1227 301 1235 314 ,
1270 278 1315 305 καὶ
1357 276 1444 309 οὕτως
1492 277 1687 316 ἀνταγαπᾶσθαι
1701 287 1708 293 ·
1751 279 1806 311 ὅθεν
1844 291 1908 320 exva.

1106 321 1164 359 ρὸν,
1181 322 1218 352 ὡς
1231 323 1245 349 ὁ
1263 322 1301 359 μή
1328 321 1438 360 ἀγαπῶν
1466 320 1528 349 οὐδὲ
1549 321 1651 360 ἥμερός
1681 322 1760 352 ἐστιν.
1776 323 1806 352 Εἴ
1831 323 1856 352 δὲ
1877 327 1907 362 μὴ

1104 365 1195 403 τοῦτο,
1211 368 1269 398 πῶς
1294 365 1323 394 ἃν
1353 366 1395 402 εἴη
1426 367 1568 405 ἄνθρωπος
1598 367 1612 395 ὁ
1638 367 1748 405 κυρίως,
1765 368 1803 395 δτι
1819 370 1852 406 μὴ
1869 371 1908 406 μὸ-

1104 421 1149 438 νον
1167 412 1235 438 κατά
1250 422 1282 449 γε
1297 414 1404 449 σχῆμα,
1426 411 1509 448 οὗπερ
1533 414 1626 449 τυχεῖν
1650 411 1719 440 κατὰ
1742 412 1786 440 τὸν
1813 413 1908 450 mea,

1107 457 1190 492 μῦθον
1223 455 1267 483 καὶ
1294 457 1311 490 ἠ
1342 458 1389 483 τοῦ
1414 454 1525 494 γελοίου
1541 457 1660 492 πιθήκου
1676 456 1822 493 ἐθελήσασα
1836 458 1908 497 φύσις,

1090 498 1268 537 -ἐξήμϐλωσε
1289 501 1339 535 τὴν
1363 500 1541 538 ἐγχείρησιν;
1568 501 1801 539 Συναγελαπικόν
1825 513 1850 530 τι
1873 505 1910 531 καὶ

1105 545 1131 572 οἱ
1155 545 1321 583 ἀγαπῶντες.
1337 546 1366 574 Ὁ
1396 544 1425 572 δὲ
1455 546 1492 581 μή
1508 547 1631 577 τοιοῦτος
1649 546 1758 584 λέγεται
1783 547 1826 584 μὲν
1853 550 1910 586 παρὰ

1103 592 1162 621 τοῖς
1177 590 1265 628 ὀρθῶς
1292 590 1519 626 ὀνοματοθετοῦσι
1546 591 1652 627 μονίας*
1670 591 1720 618 οὐκ
1748 590 1777 619 ἂν
1805 591 1832 619 Et
1852 594 1909 620 σκώ-

1103 645 1199 662 πτοιτο
1229 635 1333 673 ἀφυῶς,
1364 633 1404 662 ὅτι
1432 635 1525 671 μονιός
1553 634 1623 662 ἐστιν
1648 634 1753 673 ἄγριος.
1782 637 1909 676 Ἥμεροῦν-

1101 690 1146 707 ται
1176 678 1221 706 καὶ
1247 679 1334 718 ὄφεις,
1361 679 1406 706 καὶ
1426 678 1585 719 ἐμφωλοῦσι
1615 679 1718 708 πολλοὶ
1739 683 1852 709 τοιοῦτοι
1864 685 1910 714 ταῖς

1105 722 1262 763 βιϐ).ιακαῖς
1293 725 1437 762 ἱστορίαις’
1459 725 1509 753 οὐκ
1532 725 1621 763 ὀλίγοι
1647 725 1676 753 δὲ
1696 726 1742 754 καὶ
1773 727 1851 766 μέχρι
1875 730 1909 755 νῖν

1103 769 1317 807 ἐξημερούμενοι
1335 769 1491 807 βλὲπονται.
1505 770 1554 801 Τίς
1569 770 1598 798 ἂν
1615 770 1705 802 οὕτως
1728 770 1770 807 εἴη
1799 771 1909 810 ἐξάνθρω-

1103 825 1165 849 πος,
1181 815 1218 845 ὡς
1233 814 1337 852 ἀγαπᾷν
1365 814 1431 842 εἶναι
1458 815 1504 842 καὶ
1533 814 1619 842 αὐτῶν
1641 813 1793 855 ,ἀϐέλτερος
1819 815 1909 856 ipsum;

1140 868 1183 896 ια’.
1213 868 1339 903 Ζηλωτὸν
1369 869 1386 903 ἡ
1417 869 1509 906 ἀγάπη
1545 868 1590 896 καὶ
1627 868 1724 901 αὐτοῖς
1765 869 1909 908 ἀλιτηρίοις,

1104 911 1200 949 ἐφόἴς
1227 915 1433 950 κακουργοῦσιν·
1464 913 1588 950 ἀγαπῶσι
1616 916 1681 950 γοῦν
1712 913 1810 942 ἐκεῖνοι
1837 915 1849 942 ὁ
1873 917 1908 951 μὲν

1103 958 1256 994 καταφερὴς
1271 957 1321 991 τήν
1338 957 1476 995 λαγνείαν,
1492 957 1573 996 φόνον
1598 956 1628 986 δὲ
1653 959 1668 986 ὁ
1699 959 1818 996 καθάπαξ
1842 959 1908 998 φιλή-
1959 966 1964 973 ⁸

1103 1012 1150 1032 σας
1176 1002 1242 1039 ἀνὴρ
1264 1002 1388 1038 αἱμάτων
1413 1002 1551 1030 εἶναι’καὶ
1579 1004 1628 1037 τήν
1645 1002 1797 1040 κλεπτικήν
1825 1005 1837 1032 ὁ
1862 1004 1909 1041 περὶ

1103 1045 1185 1080 αὐτὴν
1203 1045 1298 1077 δεινός·
1322 1047 1366 1074 καὶ
1394 1046 1475 1074 ἄλλοι
1506 1046 1579 1074 ἅλλα
1606 1047 1710 1087 φαῦλα,
1738 1049 1826 1087 μυρίοι
1850 1049 1909 1077 αὐτοὶ

1105 1091 1189 1129 μυρία
1215 1090 1265 1118 ὅσα
1294 1090 1392 1119 ἐκεῖνα.
1410 1091 1487 1129 Λὲγω
1515 1090 1545 1119 δὲ
1573 1092 1678 1130 ἀγαπᾷν
1708 1092 1820 1126 ἐνταῦθα
1845 1093 1871 1121 οὖ
1887 1094 1910 1120 τὸ

1103 1135 1210 1173 κύριον,
1240 1135 1271 1163 οὐ
1295 1136 1327 1163 τὸ
1356 1135 1435 1175 φίλον
1465 1139 1534 1173 Θιῷ,
1566 1137 1597 1164 οὗ
1625 1137 1658 1165 τὸ
1688 1138 1757 1176 πρὸς
1785 1135 1910 1176 ἀκρίϐειαν,

1104 1178 1178 1208 ἀλλὰ
1212 1180 1242 1208 τὸ
1272 1179 1434 1219 διάστροφον
1456 1180 1502 1208 καὶ
1531 1181 1563 1209 τὸ
1592 1181 1713 1219 ἐναρὲτῳ
1746 1183 1910 1220 ἀντίστροφον.

1104 1224 1222 1252 Διπλοῦν
1264 1225 1326 1263 γὰρ,
1371 1225 1462 1262 ὥσπερ
1500 1226 1516 1260 ἠ
1557 1226 1663 1263 ἀγάπη,
1710 1227 1782 1255 οὕτω
1815 1227 1855 1255 καὶ
1886 1227 1910 1254 τὸ

1103 1270 1220 1307 ἀγαπᾷν.
1237 1270 1346 1307 Ἀγαπᾷ
1373 1280 1424 1304 τις,
1442 1270 1478 1301 ὡς
1502 1271 1516 1297 ὁ
1542 1271 1606 1300 θεὸς
1631 1269 1707 1299 ἔθετο
1734 1271 1852 1308 νόμον,’ὀ
1875 1273 1910 1298 νῦν

1102 1313 1148 1341 σὺν
1163 1316 1222 1349 Θεῷ
1250 1315 1333 1351 ἡμεῖς
1357 1312 1530 1351 διδάσκομεν*
1547 1312 1634 1346 ἄλλος
1660 1314 1690 1343 δέ
1714 1326 1757 1347 τις
1783 1316 1871 1353 ἀγαπᾷ,
1881 1316 1909 1346 ὡς

1103 1359 1118 1385 ὁ
1147 1358 1332 1395 ἀντικείμενος
1364 1358 1530 1394 ὑποτίθεται,
1554 1359 1771 1396 ἀντινομοθετῶν
1799 1362 1835 1396 τῷ
1856 1362 1908 1394 Θιῷ.

1103 1402 1183 1431 Οὕτω
1214 1404 1282 1439 πρὸς
1318 1406 1375 1434 τοῖς
1406 1403 1561 1441 εἰρημένοις
1598 1405 1692 1442 ἀγαπᾷ
1719 1405 1764 1432 καὶ
1793 1405 1805 1432 ὸ
1831 1404 1908 1434 ἁπλῶς

1104 1446 1203 1475 ἀδικῶν
1233 1448 1281 1482 τὴν
1307 1447 1437 1483 τοιαύτην
1468 1446 1596 1476 διάθεσιν.
1625 1451 1676 1477 Ἢν
1713 1448 1742 1477 δὲ
1777 1447 1836 1477 οὐδὲ
1859 1448 1908 1476 αὐτὸ

1102 1492 1203 1525 κυρίως
1233 1491 1334 1530 ἀγάπη·
1366 1492 1400 1519 οὐ
1426 1493 1476 1530 γὰρ
1506 1493 1535 1520 ἃν
1567 1493 1690 1530 ἐψὲγετο.
1721 1495 1822 1531 ’Λγαπᾷ
1842 1493 1907 1521 καὶὸ

1101 1535 1199 1573 νόμοις
1226 1534 1396 1573 ἰπεμϐαίνων
1425 1537 1475 1572 τήν
1511 1537 1640 1573 τοιαύτην
1671 1536 1845 1576 παραϐασίαν.
1865 1537 1907 1566 Οὐκ

1103 1580 1132 1608 ἂν
1167 1579 1196 1609 δὲ
1233 1579 1276 1616 εἴη
1306 1580 1520 1619 κυριολεκτικῶς
1546 1582 1670 1620 ἀγαπῶν·
1697 1582 1770 1611 ἀλλὰ
1799 1583 1907 1621 μορφάζιι

1101 1625 1134 1653 τὸ
1161 1625 1230 1653 κατὰ
1257 1625 1352 1653 κακίαν
1379 1625 1499 1664 εἰδεχθὲς
1531 1626 1570 1658 εἷς
1597 1627 1788 1663 εὐπρόσωπον,
1816 1627 1906 1663 ὀνόματι

1102 1672 1193 1707 σεμνῷ
1222 1670 1389 1708 περιπέττων
1419 1671 1469 1705 τήν
1493 1672 1552 1698 κατ’
1579 1671 1662 1699 αὐτὸν
1694 1672 1852 1710 μοχθηρίαν,
1871 1670 1905 1697 καὶ
1964 1674 1965 1713 γ

1100 1717 1141 1751 τῷ
1169 1717 1227 1751 Θεῷ
1250 1715 1454 1752 ἀντονομάζων,
1474 1716 1504 1748 ’ὸς
1534 1716 1608 1752 παρὰ
1635 1719 1677 1752 τῷ
1705 1716 1814 1754 μεγάλῳ
1840 1712 1904 1743 Δαυϊδ

1103 1758 1194 1796 ἀγαπᾷ
1224 1759 1272 1795 μὲν
1301 1759 1350 1794 τήν
1377 1759 1562 1796 δικαιοσύνην,
1578 1761 1628 1795 τήν
1658 1759 1689 1788 δὲ
1716 1761 1823 1797 ἀνομίαν
1837 1761 1902 1797 μισεῖ,

1103 1803 1134 1831 οὗ
1158 1804 1212 1840 μὴν
1246 1804 1344 1842 ἀγαπᾷ.
1370 1804 1423 1832 Καὶ
1447 1804 1523 1841 ὅμως
1553 1804 1672 1841 δηλοῦσι
1700 1806 1745 1834 καὶ
1772 1807 1846 1833 ταῦτα
1864 1804 1902 1838 τὴν

1103 1849 1209 1886 ἀγάπην
1230 1848 1296 1876 εἶναι
1321 1851 1435 1886 πρᾶγμα
1459 1849 1650 1888 παμφιλητον,
1668 1849 1726 1888 εἴγε
1752 1851 1793 1878 καὶ
1821 1850 1844 1877 οὶ
1867 1858 1902 1876 πυ-

1103 1892 1183 1931 νηροὶ
1211 1893 1261 1927 τὴν
1289 1894 1348 1920 κατ’
1376 1893 1476 1925 αὐτοὺς
1506 1893 1666 1931 αἶδούμενοι
1686 1894 1782 1930 κλῆσιν
1809 1891 1900 1930 ὑποτρέ·

1104 1947 1186 1975 χουσι
1211 1938 1260 1972 τὴν
1277 1938 1395 1975 ἀγάπην,
1411 1938 1456 1966 καὶ
1479 1939 1547 1976 πρὸς
1574 1939 1688 1970 ἑαυτοὺς
1712 1939 1842 1968 τάττουσιν
1866 1935 1900 1963 αὖ·

1102 1982 1165 2017 τήν,
1181 1982 1204 2009 εἰ
1227 1982 1271 2010 καὶ
1289 1983 1326 2017 μὴ
1344 1981 1479 2012 δύνανται.
1495 1983 1571 2019 Γαλῆ
1598 1995 1640 2016 τις
1669 1983 1779 2015 ἕκαστος
1804 1981 1899 2015 ἐκείνων,

1103 2027 1241 2064 κροκωτὸν
1269 2029 1392 2066 φοροῦσα
1422 2029 1460 2065 μή
1482 2028 1618 2066 πρέποντα
1631 2039 1637 2046 ·
1656 2030 1675 2065 ἢ
1702 2029 1813 2064 πίθηκος
1835 2027 1847 2054 ὁ
1867 2035 1898 2062 γι-

1103 2070 1191 2106 λοῖος,
1228 2071 1327 2100 ἐθέλων
1366 2073 1431 2100 εἶναι
1473 2071 1668 2112 περίϐλεπτος,
1697 2074 1741 2102 ὅτε
1772 2074 1804 2101 τὰ
1827 2071 1899 2102 ἄνθινα

1102 2113 1310 2154 περιϐέϐληται,
1335 2115 1380 2156 ἀφ’
1405 2117 1442 2145 ὧν
1471 2118 1548 2155 οἶμαι
1576 2118 1622 2147 καὶ
1654 2131 1666 2145 ι
1696 2118 1778 2147 καλὸν
1802 2129 1815 2143 ››
1838 2113 1898 2143 αὐτὸν

1102 2161 1353 2198 προσονομάζουσιν
1371 2162 1397 2190 οἱ
1412 2165 1604 2201 παροιμιακῶς
1616 2163 1844 2202 ὑποκοριζόμενοι.

1139 2259 1184 2297 ιβ’.
1200 2262 1260 2287 Ἔτι
1284 2260 1363 2292 θείως
1389 2261 1436 2297 μὲν
1459 2261 1605 2299 ἀγαπῶμεν
1630 2262 1655 2289 οἱ
1687 2264 1742 2289 σῶα
1765 2260 1895 2300 φρονοῦντες

1095 2303 1141 2330 τὸν
1156 2304 1257 2341 γάμον,
1273 2305 1302 2332 ’ὸν
1328 2305 1342 2331 ὁ
1368 2305 1432 2336 Θεὸς
1458 2305 1484 2332 ἐν
1509 2306 1630 2343 πρώτοις
1656 2305 1763 2346 ἔφηνεν,
1778 2303 1848 2333 αὐτὸς
1867 2301 1894 2346 Ῑξ·

1097 2349 1218 2384 ρώτατον
1245 2349 1346 2383 ζεύξας,
1378 2349 1459 2381 αυτὸς
1484 2349 1654 2389 εὐλογήσας·
1677 2343 1725 2379 ἰδτε
1756 2349 1797 2378 καὶ
1831 2343 1892 2382 παρέ-

1098 2403 1186 2428 μεινεν
1208 2392 1308 2424 ἐκεῖνος
1332 2396 1366 2431 τῇ
1390 2388 1599 2431 πρωτοπλάστῷ
1627 2395 1740 2433 συζυγίᾳ
1769 2393 1839 2431 μέχρι
1859 2388 1891 2417 καὶ

1096 2437 1134 2469 εἷς
1148 2436 1272 2473 θάνατον,
1289 2438 1333 2466 καὶ
1351 2438 1400 2465 οὐκ
1421 2437 1536 2474 ἐδυάσθη
1554 2439 1680 2476 ἀθέσμως
1704 2441 1718 2467 ὁ
1744 2438 1819 2468 καλὸς
1840 2435 1890 2462 θεῖ·

1093 2491 1139 2512 νος
1165 2480 1343 2518 συνδυασμὸς,
1361 2482 1386 2518 ἐξ
1403 2483 1434 2510 οὗ
1452 2482 1535 2521 μέχρι
1562 2483 1608 2511 καί
1637 2486 1681 2512 νῦν
1703 2485 1732 2511 τὸ
1759 2482 1810 2510 κατ’
1831 2477 1890 2507 ἀδελ-

1093 2526 1198 2563 φότητα
1210 2527 1320 2564 γνήσιον
1347 2527 1392 2554 καὶ
1423 2528 1537 2563 σώζεται
1567 2528 1592 2556 ἐν
1620 2530 1700 2566 ἡμῖν,
1728 2527 1769 2556 καὶ
1796 2524 1888 2566 ἐντίμως

1091 2569 1315 2608 παρρησιάζεται.
1337 2571 1449 2603 Ἀλλως
1488 2571 1517 2600 δὲ
1555 2574 1691 2611 ἀγαπῶσι,
1716 2572 1758 2600 καὶ
1788 2569 1814 2598 οὗ
1837 2565 1887 2595 κατά

1089 2617 1214 2642 τοιοῦτον
1247 2615 1347 2653 γάμον,
1371 2617 1395 2644 οζ
1432 2617 1482 2644 οὐκ
1509 2610 1642 2657 ἔμφρονες
1670 2616 1804 2658 φραγμοὺς
1828 2610 1886 2640 αὐτοὶ

1090 2659 1254 2696 ἀλλοτρίους
1283 2659 1500 2698 ὑπερϐαίνοντες,
1519 2664 1613 2698 μήπου
1629 2662 1658 2691 δὲ
1686 2662 1729 2691 καὶ
1755 2657 1884 2688 κατακλῶν-

1087 2714 1140 2739 τες,
1156 2704 1174 2739 ἢ
1191 2703 1285 2736 ἄλλως
1303 2706 1477 2744 βοθρεύοντες
1502 2707 1608 2740 ἑαυτοῖς
1637 2706 1756 2746 ὄλεθρον.
1770 2703 1812 2734 Καὶ
1831 2699 1884 2728 εστιν

1088 2749 1174 2777 ἐκεῖνο
1201 2750 1247 2786 μὶν
1271 2750 1302 2777 τὸ
1327 2751 1432 2788 ἀγαπᾷν
1447 2751 1611 2788 εὐλογητὸν,
1626 2753 1672 2781 καὶ
1700 2751 1780 2780 οὕτως
1804 2749 1881 2783 Mm"

1087 2793 1176 2830 μένον,
1201 2794 1245 2821 καὶ
1267 2795 1298 2822 τὸ
1318 2795 1398 2826 τέλος
1423 2795 1505 2823 αὐτοῦ
1529 2797 1588 2832 Θεῷ
1612 2796 1701 2836 φίλον,
1726 2793 1817 2832 καρπὸς
1839 2798 1879 2826 γε·

1084 2839 1163 2876 ατρὸς
1189 2837 1268 2873 ἡδὺς,
1292 2840 1368 2878 γὶνος
1400 2841 1539 2880 φωτιινὸν,
1562 2841 1640 2879 γόνος
1668 2837 1874 2879 εὗπαῤῥησίαστος·
