2030 3167
119 201 186 232 593
195 228 198 229 ,

633 203 673 232 ΙΝ
696 203 727 233 S.
752 201 1095 238 QUADRAGESIMAM
1119 203 1265 233 ORATIO
1289 203 1326 233 ll.

1779 180 1840 255 594;

117 266 158 293 τὸ
174 265 202 293 δὲ
217 265 351 304 δεύτερον,
366 267 397 295 τὸ
415 267 453 304 μὴ
468 267 535 295 κατὰ
563 267 664 304 γάμον,
681 266 703 295 εί
732 266 777 295 καὶ
799 267 836 299 εἴς
864 265 952 304 ὄνομα

1008 268 1192 304 trimonium,
1205 268 1273 298 licet
1292 269 1322 297 in
1353 268 1472 298 nomine
1504 268 1683 298 matrimonii
1710 269 1835 302 dicatur.

118 311 326 349 παραλαλεῖται
351 313 452 350 γάμου,
475 310 539 340 ἀλλ’
563 312 609 339 οὗν
634 312 760 349 ὲτεροίως
790 310 955 348 διεκπίπτει,

119 355 192 388 τοὺς
205 355 302 388 νόθους
327 359 488 396 προφαῖνον,
505 356 550 384 καὶ
574 355 639 388 τοὺς
663 356 801 392 σκοτίους,
817 356 862 384 καὶ
890 356 953 388 τοὺς

118 400 297 438 παρθενίους,
323 402 366 429 καὶ
397 401 461 434 τοὺς
490 398 718 438 ὑποϐολιμαίους,
748 401 793 429 καὶ
820 402 870 429 ὅσα
896 412 953 429 τοι-

120 447 196 473 αῦτα
223 447 270 473 τοῦ
305 447 344 482 μὴ
379 445 500 483 νομίμου
542 446 632 484 γάμου
667 445 873 484 ἀποτελέσματα
909 447 954 474 καὶ

121 489 260 527 ὀνόματα.
276 491 363 522 Οὗτος
387 492 401 519 6
422 492 510 530 γάμος
525 491 539 519 ὁ
555 491 638 530 ἱερὸς.
668 492 682 519 6
716 492 784 520 κατὰ
811 491 923 528 νόμους,
940 492 954 519 6

118 535 282 571 πολιτικὸς,
297 536 310 564 ὁ
326 539 366 573 τῷ
379 538 438 572 Θεῷ
453 535 544 575 φίλος.

164 581 208 618 ιγ’.
229 581 327 619 Καιρὺς
346 579 401 616 ἤδη
429 580 518 613 πολὺς
542 581 619 619 (ὑπὲρ
644 580 782 613 ἐνιαυτοὺς
811 582 863 619 γὰρ
892 581 954 609 τού-

118 635 191 657 τους
204 625 231 661 ’ἐξ
247 623 336 658 θλίϐει
366 635 400 663 με
413 626 671 664 παρανομούμενος,
688 629 727 662 πῆ
753 626 799 663 μὲν
825 627 875 661 τὴν
895 631 955 654 κατ’

119 669 228 708 ἀρχὴν,
244 671 284 705 πῆ
311 669 340 698 δὲ
366 671 400 698 τὰ
428 671 485 708 μετ’
501 671 580 699 αὐτὸν
608 669 653 698 διὰ
668 671 830 709 ἀνθρώπων,
846 671 871 698 οἳ
888 672 954 709 ἀγα-

120 716 230 746 πῶντες
254 715 285 742 τὸ
313 716 372 743 κατ’
404 714 543 754 ἄνθρωπον
567 715 736 753 ἐξωτερικὸν,
767 718 877 752 μισοῦσι
903 716 953 750 τήν

120 758 229 787 ἰαυτῶν
253 760 358 798 ψυχὴν,
379 759 567 797 ἐξοκέλλοντες
591 760 848 797 ἀποτελεσματικῶς
875 761 893 795 ἢ
917 760 955 792 εἰς

119 803 176 838 τὴν
192 803 321 841 ἀγελαίαν
336 803 483 843 ἀδιάφορον
513 805 625 842 μίξιν,ἢ
653 805 692 836 εἷς
717 805 748 832 τὸ
778 804 952 832 Πλατωνικὸν

121 848 265 886 παίγνιον,
278 849 360 886 οὗπερ
380 849 510 886 βούλημα
537 849 615 877 κοινὰ
643 849 710 876 εἶναι
737 849 770 876 τὰ
784 851 881 885 πάντα,
897 848 952 885 ἤδη

124 890 158 920 δέ
172 903 225 921 που
252 893 298 920 καὶ
327 893 365 925 εἰς
393 894 425 921 τὸ
454 893 540 922 πάλαι
566 894 633 922 ποτε
663 893 805 926 Σκυθικόν.
837 894 952 926 Σκύθαις

120 938 189 975 γὰρ,
206 938 294 977 φασὶν,
311 937 387 966 οὐδὲν
409 938 591 976 ἐπεχωρίαζεν
606 937 686 966 ἴδιον.
701 938 743 966 ὅτι
763 939 800 975 μὴ
818 938 893 978 ξίφος
908 939 953 966 καὶ

121 982 290 1022 σκύφος)--
319 983 368 1010 οὐκ
393 980 464 1010 ἔστιν
493 982 539 1010 οὖν
565 983 656 1021 ἡμέρα
682 982 740 1020 μία,
753 983 811 1010 καθ’
834 984 867 1018 ἣν
902 984 953 1010 οὐκ

121 1026 165 1058 εἲς
183 1026 231 1063 ἰμὲ
255 1026 399 1065 τρέχουσιν
427 1027 521 1064 ἄνδρες
548 1038 577 1055 τε
603 1027 647 1054 καὶ
667 1029 802 1065 γυναῖκες,
818 1026 950 1055 ἀποκλαι-

122 1070 222 1107 όμενοι
240 1071 409 1109 ζυγομαχίας
433 1071 521 1099 αὐτῶν
545 1072 590 1099 καὶ
615 1073 824 1110 παροιστρήσεις
849 1071 950 1111 γάμου,

122 1116 231 1143 καθ”ὀν
260 1115 359 1147 αὐτοὺς
383 1116 397 1144 ὸ
425 1117 490 1147 Θεὸς
518 1116 664 1152 συνέζευξε;
694 1117 830 1144 Διίσταται
855 1127 953 1154 γυναι-

121 1160 174 1191 κὸς
191 1161 269 1198 ἀνὴρ,
286 1161 329 1188 καὶ
346 1160 363 1195 ἢ
380 1161 464 1199 πόρνῃ
489 1160 634 1196 κολλᾶται,
650 1161 667 1196 ἢ
695 1160 768 1189 ἀλλὰ
795 1161 950 1199 χρεμετίζει

119 1204 193 1232 κατὰ
223 1205 337 1242 ἐννόμου
366 1206 462 1241 κοίτης
487 1204 643 1244 ἀλλοτρίας·
672 1206 718 1233 καὶ
743 1205 794 1244 ἐγὼ
825 1206 950 1243 μανθάνω

120 1249 169 1277 καὶ
199 1248 278 1280 λαλῶ
295 1249 477 1289 μελαγχολῶν
492 1251 526 1278 τὰ
541 1249 644 1287 πολλὰ,
659 1251 703 1278 καὶ
728 1251 742 1278 ὁ
763 1250 863 1286 ἀπόζυξ
887 1262 949 1289 κερ-

118 1296 204 1331 τομεῖ
236 1294 281 1322 καὶ
314 1295 471 1330 κατα-παίζει
513 1298 575 1332 μοῦ,
606 1296 846 1334 στνεφαπτονμένων
875 1295 951 1332 αὖτῷ

120 1341 175 1374 τῆς
204 1339 309 1376 μωκίας
331 1339 376 1367 καὶ
399 1342 454 1367 τῶν
476 1340 744 1379 συμφατριαζόντων.
760 1340 811 1369 Καὶ
840 1341 854 1368 ὁ
881 1351 949 1378 σεμ-

121 1383 169 1415 νὸς
194 1383 404 1420 Θεσσαλονίκης,
422 1385 436 1412 ὁ
465 1383 738 1422 πολυπροσκύνητος,
767 1385 880 1413 ὲνταῦοα
902 1396 947 1422 μι-

120 1430 191 1466 κροῦ
219 1428 264 1456 καὶ
288 1429 479 1464 καταπτύεται,
505 1429 550 1456 καὶ
587 1428 695 1457 παίεται
731 1429 798 1457 κατὰ
832 1429 945 1468 κόρῤης.

121 1472 187 1508 Καὶ,
217 1473 266 1501 οὐκ
285 1473 389 1513 οἶμαι,
419 1476 570 1510 τηνικαῦτα
605 1473 639 1512 (εἰ
671 1475 709 1511 μὴ
739 1475 753 1502 6
779 1476 829 1502 τοῦ
857 1474 947 1512 γάμου

120 1518 287 1555 θεσμοθέτης
314 1518 412 1556 Κύριος
439 1518 547 1556 ὶγγελᾷ,
575 1518 639 1550 τοὺς
679 1518 819 1550 τοιούτους
849 1516 945 1555 ἐμϐρι-

120 1563 263 1599 μώμενος)
284 1563 359 1594 αὖθις
375 1562 503 1601 ἑτέρωθεν
528 1563 596 1600 ἀνὴρ
627 1562 798 1602 ἀναφαίνεται
826 1561 946 1591 καταϐο-

1010 314 1060 342 sed
1077 313 1133 342 alio
1150 314 1285 348 declinet,
1301 315 1439 351 praesagit
1459 314 1575 348 nothos,
1599 316 1627 342 et
1650 315 1834 348 tenebrosos.

1009 360 1037 386 et
1050 359 1207 395 virgineos,
1219 361 1247 386 et
1262 359 1454 394 adulterinos,
1471 361 1499 387 et
1514 367 1706 396 quascumque
1725 369 1783 388 non
1799 368 1834 394 ex

1008 402 1140 439 legitimo
1150 403 1337 432 matrimonio
1347 403 1520 440 proveniunt
1528 404 1831 440 origenesetnomina.

1009 447 1083 476 Illud
1099 450 1197 476 autem
1214 448 1436 476 matrimonium
1451 451 1495 477 est
1511 457 1638 483 sacrum,
1657 449 1735 485 quod
1748 450 1832 485 juxta

1009 491 1099 529 leges,
1115 493 1193 530 quod
1210 493 1302 528 civile,
1320 494 1397 530 quod
1413 496 1469 522 Deo
1485 496 1600 531 gratum
1617 496 1670 522 est.

1045 582 1090 610 13.
1113 582 1237 610 Multum
1258 582 1322 618 jam
1346 584 1464 619 tempus
1498 585 1542 611 est
1566 582 1654 618 (ultra
1679 582 1757 611 enim
1782 591 1834 611 sex

1006 627 1067 662 jam
1083 635 1175 655 annos
1191 627 1314 655 tribulat
1329 635 1375 655 me
1389 628 1465 663 quod
1487 630 1569 656 extra
1591 627 1686 664 legem
1711 627 1755 664 ﬁt,
1768 629 1833 656 tum

1010 672 1104 708 quoad
1121 671 1311 708 principium,
1326 674 1389 699 tum
1407 673 1502 708 quoad
1518 680 1552 700 ea
1578 681 1642 708 qua:
1667 674 1835 708 sequuntur

1008 716 1079 744 illud
1096 725 1146 753 per
1161 716 1305 750 homines,
1323 716 1374 752 qui
1389 716 1543 753 diligentes
1567 718 1596 745 in
1621 717 1740 745 homine
1754 716 1833 752 quod

1008 761 1147 795 exterius,
1163 769 1247 790 suam
1266 762 1390 790 oderunt
1414 762 1554 795 animam,
1579 761 1695 789 funesta
1709 761 1833 788 inclina-

1008 806 1088 834 tione
1103 806 1251 834 deviantes
1267 806 1327 834 sive
1342 806 1371 833 in
1387 806 1550 842 gregarium
1570 805 1833 841 indistinctamque

1008 849 1357 885 mistionem,sivejocum
1371 849 1563 884 Platonicum,
1574 849 1659 884 cujus
1676 848 1831 877 consilium

1008 896 1069 921 erat
1083 894 1181 922 omnia
1195 902 1259 922 esse
1275 894 1453 928 communia,
1480 894 1540 922 sive
1565 894 1653 922 etiam
1675 894 1830 930 antiquum

967 959 992 992 B
1008 937 1181 974 Scytharum
1199 947 1308 966 morem
1326 940 1492 974 sequentes.
1505 938 1619 975 Scythis
1635 938 1833 992 cnim‘dicunt'

1007 982 1081 1009 nihil
1103 991 1137 1010 ex
1164 991 1244 1011 more
1268 983 1359 1011 fuisse
1378 983 1542 1019 proprium,
1568 983 1626 1011 nisi
1648 982 1784 1019 poculum
1801 985 1830 1010 et

1006 1027 1128 1063 ensem),
1144 1043 1179 1047 —
1195 1036 1253 1055 non
1273 1030 1317 1055 est
1332 1027 1421 1063 igitur
1434 1036 1494 1055 una
1509 1027 1581 1062 dies,
1598 1028 1627 1055 in
1645 1035 1703 1064 qua
1718 1035 1774 1054 non
1792 1026 1828 1054 ad

1006 1079 1053 1099 me
1067 1074 1187 1100 currant
1201 1072 1254 1099 viri
1271 1080 1304 1099 ac
1320 1071 1469 1106 mulieres,
1493 1080 1561 1100 suas
1584 1072 1727 1100 lamentes
1750 1071 1829 1098 rixas

1005 1119 1093 1152 atque
1109 1116 1185 1144 bella
1201 1116 1391 1150 matrimonii,
1414 1121 1498 1153 cujus
1522 1116 1638 1145 vinculo
1661 1117 1739 1144 Deus
1763 1115 1830 1143 illos

1005 1161 1341 1197 conjugavit.Separalur
1355 1161 1400 1189 vir
1415 1162 1450 1189 ab
1466 1164 1598 1196 uxore,et
1611 1161 1655 1189 vel
1672 1160 1768 1197 pellici
1781 1161 1830 1188 ad-

1004 1205 1104 1239 heret,
1121 1205 1163 1233 vel
1181 1206 1209 1233 in
1225 1205 1390 1242 legitimum
1406 1205 1531 1234 aliorum
1547 1205 1656 1234 lectum
1671 1205 1769 1233 hinnit
1783 1213 1790 1240 ;
1803 1205 1831 1232 et

1004 1258 1057 1286 ego
1073 1250 1160 1278 audio
1175 1250 1338 1286 loquarque
1353 1250 1528 1287 plerumque
1542 1249 1786 1283 melancholicus,
1802 1251 1835 1277 et~

1003 1296 1109 1330 conjux
1118 1297 1272 1331 separatus
1287 1304 1334 1323 me
1359 1295 1436 1323 ludit
1447 1304 1481 1323 ac
1490 1295 1601 1331 irridet,
1620 1293 1830 1323 auxiliantibus

1003 1339 1046 1366 illi
1069 1341 1105 1368 ad
1130 1339 1316 1368 illudendum
1342 1340 1568 1368 contribulibus.
1596 1340 1629 1367 Et
1654 1338 1835 1367 venerabilis’

1002 1383 1279 1420 Thessalonicae,ille
1294 1384 1342 1412 cui
1356 1385 1500 1413 debentur
1515 1384 1708 1412 salutationes
1718 1383 1827 1418 multae,

1002 1428 1042 1462 ibi
1058 1429 1117 1457 fere
1131 1429 1305 1465 conspuitur
1323 1431 1352 1457 et
1380 1429 1410 1457 in
1440 1429 1557 1457 maxilla
1584 1428 1823 1465 percutiturlEt,

1002 1482 1059 1501 non
1074 1475 1156 1509 puto,
1171 1476 1242 1502 tunc
1258 1474 1326 1510 (nisi
1349 1474 1529 1502 matrimonii
1554 1473 1703 1510 legislator
1726 1473 1825 1501 Domi-

1001 1525 1057 1546 nus
1074 1526 1125 1554 pro
1150 1517 1276 1546 ludibrio
1304 1518 1374 1546 talia
1403 1518 1544 1554 minatur)
1573 1526 1692 1546 rursum
1708 1527 1743 1546 ex
1765 1517 1824 1546 alia

1000 1563 1082 1598 parte
1105 1563 1150 1590 vir
1176 1565 1298 1599 apparet
1327 1563 1508 1591 clamoribus
1541 1563 1722 1598 insequendo
1752 1570 1823 1590 uxo-

117 1607 227 1643 ώμενος
253 1610 302 1642 τῆς
330 1608 466 1645 γυναικὸς,
482 1607 519 1639 ὡς
548 1607 734 1646 ἀποζυγείσης,
756 1608 800 1636 καὶ
829 1608 861 1635 οὐ
896 1608 945 1644 μό-

1008 1615 1072 1639 ‘em,
1087 1607 1176 1635 veluti
1195 1609 1372 1643 separatam,
1399 1610 1427 1635 et
1451 1616 1509 1635 non
1532 1610 1648 1635 tantum
1677 1615 1823 1642 seorsum,

114 1641 167 1679 νον
196 1641 349 1688 καταμόνας
364 1649 414 1688 ἔξω
430 1652 511 1680 αὐτοῦ
525 1641 675 1690 γενομένης
699 1652 736 1683 εἷς
756 1652 839 1680 τόπον
853 1641 944 1690 χλόης

1008 1651 1104 1688 procul
1119 1652 1154 1679 ab
1166 1641 1377 1684 illo,diversam
1389 1651 1526 1680 inlocum
1546 1660 1664 1688 pascuae
1674 1652 1825 1680 mortifera

113 1696 273 1733 θανασίμου
302 1697 362 1733 μὲν,
378 1696 466 1734 ἐκείνῃ
492 1695 522 1724 δὲ
546 1696 683 1735 γλυκείας,
697 1697 741 1724 καὶ
766 1697 810 1724 ἰπὶ
838 1695 947 1731 ὕδατος,

117 1740 172 1775 τῆς
202 1741 269 1778 αὖτῇ
304 1740 439 1777 δοκούσης
462 1741 648 1776 ἀναπαύσεως,
665 1741 738 1769 ἀλλὰ
761 1741 806 1769 καὶ
832 1739 948 1780 προσϐι-

120 1783 281 1821 ϐασθείσης,
304 1783 367 1819 ἔνθα
392 1787 434 1822 μὴ
462 1785 602 1824 ἐπέτρεψεν
631 1787 645 1814 ὁ
671 1786 746 1818 Θεός.
763 1785 814 1815 Καὶ
844 1788 950 1823 θυμοῦ-

121 1840 176 1867 μαι
203 1831 337 1858 κάνταῦθα
363 1830 429 1869 ἐγὼ,
450 1831 495 1858 καὶ
527 1830 606 1868 ὀχλῶ
633 1830 671 1862 εἷς
701 1829 776 1858 οὐδὲν
802 1830 950 1869 ἀγαθὸντὲ-

118 1874 189 1906 λος·
209 1875 268 1907 ὅθεν
285 1875 467 1914 ἀμηχανήσας
481 1876 526 1904 καὶ
547 1874 679 1914 ἀπογνοὺς
703 1876 752 1910 τὴν
766 1878 820 1904 τῶν
836 1874 955 1903 πολλῶν

119 1919 281 1958 διόρθωσιν,
308 1923 422 1958 χρῶμαι
449 1921 517 1949 κο.τὰ
544 1924 594 1955 τῆς
620 1920 749 1956 τοιαύτης
777 1920 859 1948 νόσου
881 1931 949 1960 φαρ-

121 1965 223 2003 μάκοις
240 1976 271 1993 ου
288 1965 369 2002 μόνον
383 1967 587 2002 πνευματικοῖς,
608 1964 681 1993 ἀλλά
699 1975 751 1992 που
778 1964 822 1992 καὶ
851 1975 958 2002 κοσμικ-

120 2010 266 2049 κωτέροις,
281 2009 326 2038 καὶ
342 2008 414 2037 δοκῶ
430 2009 559 2049 φορτικὸς
573 2008 618 2037 διὰ
629 2010 746 2037 πάντων.

165 2062 207 2092 ιδ’.
224 2063 272 2091 Διὰ
286 2063 321 2097 τί,
337 2062 383 2091 διὰ
404 2062 431 2090 τί
460 2062 510 2090 οὐκ
538 2064 638 2101 ὀρθῶς,
654 2063 677 2090 ὦ
703 2061 827 2102 ἀδελφοὶ,
843 2063 951 2101 ἀγαπῶ-

124 2118 175 2146 μεν
212 2107 275 2136 οὔτε
311 2109 386 2144 ἡμᾶς
424 2106 532 2142 αὐτοὺς,
563 2104 624 2134 οὕτε
650 2107 696 2134 τὸν
724 2107 813 2144 ἀγάπῃ
843 2106 951 2134 ἐπιστα-

123 2155 226 2181 τοῦντα
241 2152 325 2187 Θεόν;
341 2151 391 2180 Καὶ
421 2150 491 2179 ἔστιν
519 2151 631 2179 ἐνταῦθα.
658 2152 689 2178 τὸ
716 2153 765 2179 τοῦ
791 2153 876 2178 κακοῦ
890 2152 957 2189 χεί-·

125 2207 231 2235 ριστον.
256 2199 347 2226 ’Ἔστω
367 2197 429 2235 γὰρ,
454 2195 731 2234 ὅτιλπεριφρονητέον
755 2195 805 2230 τὴν
833 2194 952 2231 Ἐκκλη-

125 2241 198 2270 σίαν.
214 2241 245 2270 Τί
273 2240 309 2277 δὴ
339 2241 379 2279 μὴ
410 2241 557 2279 ἀγαπῶμεν
581 2239 693 2272 ἕκαστος
721 2240 814 2268 ἑαυτὸν
839 2239 917 2278 γοῦν,
937 2240 952 2268 ὃ

126 2286 162 2322 δὴ
188 2287 234 2314 καὶ
262 2289 320 2315 τοῖς
362 2285 473 2323 ἀλόγοις
509 2284 677 2323 ἐμφαίνεται,
706 2285 774 2322 ἅπερ
811 2285 957 2323 ἀγαπῶσιν

1003 1695 1133 1731 quidem,
1156 1696 1207 1724 sed
1236 1705 1300 1732 qua;
1327 1696 1445 1725 videtur
1472 1696 1515 1724 illi
1545 1697 1650 1731 dulcis,
1681 1699 1709 1725 et
1739 1705 1829 1733 super

1004 1748 1118 1776 aquam,
1136 1749 1199 1776 qua:
1214 1741 1329 1769 videtur
1344 1741 1386 1769 illi
1401 1741 1579 1777 refectionis,
1606 1742 1656 1770 sed
1679 1745 1707 1770 et
1721 1742 1829 1778 produ-

1004 1787 1093 1818 ctam,
1109 1793 1166 1821 quo
1182 1793 1239 1813 non
1256 1785 1393 1821 permisit
1409 1786 1534 1814 Deus.Et
1549 1786 1596 1814 hic
1612 1787 1700 1814 etiam
1716 1786 1829 1814 irascor

1004 1831 1032 1857 et
1047 1829 1237 1865 importunus
1254 1838 1319 1858 sum
1329 1830 1366 1857 ad
1375 1830 1490 1858 nullum
1501 1831 1611 1858 bonum
1628 1831 1716 1859 ﬁnem
1735 1831 1833 1859 :unde

1003 1874 1140 1905 infirmus
1169 1876 1197 1903 et
1234 1875 1394 1911 desperans
1423 1875 1583 1903 multorum
1613 1876 1832 1910 correctionem,

1005 1919 1144 1948 adversus
1155 1919 1243 1947 talem
1260 1919 1396 1948 morbum
1410 1922 1476 1948 utor
1486 1921 1624 1949 remediis
1638 1929 1695 1950 non
1711 1923 1831 1949 tantum

1004 1963 1219 1999 spiritualibus,
1235 1964 1284 1992 sed
1301 1969 1329 1992 et
1345 1965 1581 2000 humanioribus,
1603 1967 1631 1994 et
1645 1965 1675 1993 in
1692 1965 1830 1994 omnibus

1003 2008 1103 2037 videor
1116 2010 1164 2036 vix
1178 2009 1359 2037 tolerandos.

1041 2062 1085 2089 14.
1106 2063 1210 2096 Quare,
1240 2063 1356 2097 fratres,
1384 2071 1473 2099 quare
1495 2071 1553 2091 non
1578 2065 1655 2091 recte
1677 2063 1830 2099 diligimus

1006 2114 1059 2134 nec
1074 2114 1128 2134 nos
1142 2107 1224 2142 ipsos
1239 2115 1292 2135 nec
1307 2107 1460 2135 charitatis
1480 2107 1634 2143 prasidem
1652 2107 1766 2135 Deum?
1781 2108 1832 2135 Est

1005 2150 1061 2178 hoc
1076 2150 1221 2179 malorum
1245 2151 1418 2187 pessimum.
1445 2152 1512 2180 Esto
1535 2152 1614 2180 enim
1639 2152 1716 2188 quod
1732 2151 1832 2188 despi-

1007 2194 1109 2223 cienda
1125 2195 1163 2223 sit
1177 2195 1306 2224 Ecclesia
1322 2204 1328 2223 :
1345 2204 1398 2223 cur
1421 2198 1520 2224 autem
1547 2197 1754 2233 unusquisque
1772 2203 1833 2224 non

1007 2239 1200 2275 semetipsum
1223 2240 1331 2276 diligit,
1357 2241 1434 2276 quod
1456 2240 1500 2268 vel
1525 2241 1554 2268 in
1586 2241 1682 2269 brutis
1715 2240 1831 2276 conspi-

1007 2284 1083 2312 citur
1097 2284 1288 2318 animalibus,
1311 2293 1375 2320 quae
1401 2285 1499 2321 seipsa
1528 2285 1667 2322 diligunt,
1697 2288 1730 2314 ut
1759 2293 1832 2322 quo-

127 2332 220 2365 ὶαυτά,
235 2331 273 2362 ὡς
287 2330 384 2359 ἐκτῶν
395 2331 548 2369 νὸρωμὲνων
576 2329 716 2369 φαίνεται;
744 2328 879 2366 Φεύγουσι
901 2329 952 2367 γὰρ

1008 2330 1077 2358 tidie
1110 2330 1264 2366 apparet?
1297 2331 1499 2359 Persecutores
1542 2340 1670 2368 namque
1703 2332 1831 2368 fugiunt,

129 2375 294 2412 διωκόμενα,
310 2375 355 2403 καὶ
379 2375 427 2407 τὰς
445 2374 745 2412 πληγὰςι-ἐκκλίνουσι,
766 2374 810 2403 καὶ
841 2373 958 2414 σφαττόέ

132 2429 199 2457 μενοι
220 2416 374 2456 θορυὸοὖσι.
387 2422 474 2447 Ταῦτα
497 2418 526 2447 δὲ
543 2416 636 2447 πάντα
660 2418 861 2459 φιλοσωμάτων
885 2417 952 2456 ἴδια,

129 2464 175 2492 καὶ
189 2465 360 2502 χαρακτῆρες
373 2466 421 2492 τοῦ
437 2465 541 2502 ἀγαπᾷν
556 2467 614 2502 ζῇν.

169 2518 207 2547 ιε’.
223 2519 290 2555 ’Ἄγε
321 2515 353 2552 δὴ
380 2518 425 2544 καὶ
454 2517 496 2552 σὺ,
512 2518 535 2544 ὦ
555 2518 605 2552 τὴς
620 2518 749 2555 γυναικὸς
774 2516 846 2555 ἄνερ,
863 2517 954 2555 ἀγάπα

130 2563 163 2591 τὸ
179 2559 370 2600 συμφυὲς,’καὶ
401 2561 451 2598 μή,
465 2561 552 2600 ἀφιεὶς
576 2563 625 2597 τήν
642 2563 776 2599 ὁμόζυγα,
793 2563 836 2589 καὶ
867 2560 955 2593 οὕτως

133 2606 344 2645 ἡμισευόμενος,
374 2603 476 2644 ρἐϐοο
512 2603 701 2642 πλανώμενος,
732 2606 800 2633 ὅπου
838 2606 869 2633 τὸ
903 2609 954 2641 τῆς

133 2653 226 2690 ψυχῆς
242 2651 391 2687 ἐπιθυμοῦν
415 2649 551 2688 περιέλκει
581 2659 620 2685 σε,
630 2648 677 2677 ἵνα
700 2650 738 2686 μή
758 2652 851 2681 κακοῖς
879 2661 955 2688 περι-

133 2697 235 2734 κύρσῃς
262 2694 441 2733 ἀπροόπτοις,
468 2694 535 2730 ἅπερ
564 2693 613 2721 οὐκ
645 2693 700 2721 ἔστι
730 2692 879 2733 διαφυγεῖν.
907 2695 955 2722 Καὶ

134 2740 165 2768 σὺ
181 2739 462 2778 ὃὲ,ὦγ6ναι,·ἡ¹τὸν
488 2737 558 2766 ἴδιον
579 2737 773 2776 ἀποστὲρξασα,
803 2739 872 2777 πρὸς
899 2737 954 2766 ἓτε-

135 2795 180 2824 ρον
209 2784 238 2812 δὶ
265 2785 449 2821 ἀπονεύσασα,
480 2782 607 2811 διδάσκου
647 2783 684 2820 μὴ
721 2783 882 2820 ἀποτέμνειν
908 2784 955 2820 μὲν

132 2830 181 2866 τήν
209 2831 340 2868 κυριακὴν
373 2829 494 2869 κεφαλὴν
519 2831 641 2864 σεαυτῆς,
663 2827 754 2866 ἑτέραν
779 2826 807 2855 δὲ
836 2827 954 2866 ἐφιστᾷν,

132 2874 275 2913 ἀσυμφυῆ-
291 2874 348 2902 καὶ·
368 2872 595 2912 ἀπροσκόλλητον
630 2871 674 2901 διὰ
704 2872 736 2901 τὸ
763 2871 955 2911 ἀνιυλόγητον.

1007 2375 1129 2403 vulnera
1143 2375 1282 2409 devitant,
1299 2378 1327 2403 ct
1343 2375 1478 2403 nocentia
1489 2376 1716 2412 repellunt.stc
1733 2378 1832 2405 autem

1008 2419 1108 2448 omnia
1136 2428 1199 2447 sese
1232 2419 1418 2456 diligentium
1449 2423 1518 2449 sunt
1555 2421 1683 2457 propria,
1708 2422 1832 2458 vitaque

1009 2472 1118 2492 amoris
1134 2472 1229 2500 Signi.-

1045 2518 1087 2545 15.
1105 2517 1153 2546 Eia
1170 2525 1238 2554 ergo
1254 2514 1297 2554 tu,
1314 2518 1412 2546 uxoris
1434 2517 1489 2554 vir,
1517 2520 1595 2555 quod
1619 2519 1672 2547 tibi
1701 2520 1834 2548 naturale

1009 2564 1054 2591 est
1068 2561 1167 2598 dilige,
1193 2570 1288 2599 neque
1303 2565 1386 2591 tuam
1402 2563 1539 2591 deserens
1556 2565 1722 2601 conjugem,
1739 2567 1767 2593 et
1781 2565 1827 2593 sic

1009 2607 1130 2635 dimidio
1146 2607 1290 2643 minutus,
1307 2607 1452 2643 divageris
1468 2609 1590 2644 passim,
1615 2617 1673 2646 quo
1698 2609 1835 2646 propellit

1010 2651 1114 2679 animae
1129 2651 1320 2686 desiderium,
1336 2660 1373 2680 ne
1386 2651 1472 2680 malis
1494 2653 1629 2682 incurras
1653 2653 1832 2690 improvisis,

1010 2704 1073 2732 qua
1091 2696 1188 2730 fugere
1203 2704 1262 2724 non
1277 2696 1373 2724 datur.
1391 2697 1433 2723 Tu
1463 2705 1580 2734 quoque
1609 2698 1724 2734 mulier,
1750 2700 1844 2734 tuum,

1011 2742 1143 2768 aversata
1159 2740 1314 2776 conjugem
1331 2742 1358 2768 et
1374 2741 1408 2768 ad
1426 2741 1516 2769 alium
1533 2741 1843 2777 inclinata,discenou,

1011 2784 1160 2812 abscidere
1177 2784 1220 2812 tui
1233 2784 1327 2820 ipsius
1343 2785 1525 2814 dominicum
1551 2789 1648 2823 caput,
1671 2787 1708 2814 ad
1723 2779 1845 2822 prrepo-l

1010 2830 1140 2858 nendum
1162 2829 1252 2864 aliud,
1275 2829 1365 2866 quod,
1391 2822 1604 2860 benedictionis
1630 2830 1758 2866 defectu,
1781 2822 1844 2860 nec,

1011 2873 1140 2911 cooptari
1157 2882 1210 2903 nec
1225 2874 1388 2903 consociari
1411 2877 1518 2912 potest.
1543 2876 1606 2905 Non
1621 2875 1700 2905 enim
1725 2875 1835 2912 aliquis
