1992 3158
99 191 161 221 597

616 191 655 221 ΙΝ
679 192 711 222 S.
737 191 1078 227 QUADRAGESIMAM
1103 194 1246 226 ORATIO
1268 196 1308 226 ΙΙ.

1755 200 1814 232 598

139 257 186 291 ιη’.
205 256 256 283 Καὶ
271 255 304 284 τὸ
320 255 413 294 ἐφεξῆς
441 256 513 284 ὀκνῶ
529 255 629 294 λέγειν.
657 257 687 286 Ὁ
716 256 745 285 δὲ
776 268 808 294 με
833 259 929 295 μικροῦ

1026 260 1068 288 18.
1084 261 1149 290 Jam
1165 262 1305 291 ulteriora
1320 271 1366 291 me
1382 263 1459 299 piget
1476 263 1582 292 dicere.
1610 265 1693 299 Quod
1713 268 1813 294 autem

100 300 287 339 παρέδραμεν·
319 300 498 340 ἐκεγχόμενος
527 301 540 328 ὁ
576 300 603 329 ἐν
641 303 681 338 τῷ
709 301 827 338 τοιούτῳ
856 305 932 338 κακῷ

101 346 270 383 θερμότερος
299 348 347 374 τοῦ
373 347 478 383 κόσμου
515 346 667 384 ἅνθρωπος,
703 347 748 374 καὶ
787 347 838 374 ὑπὸ
875 349 928 375 τῶν

101 391 294 429 περιεστώτων
328 395 377 426 τῆς
415 390 560 425 ἐκκλησίας
585 391 683 419 τέκνων
709 391 866 430 ἀγχόμενος
893 393 931 424 εἷς

102 436 222 474 ποίγμα,
254 435 410 473 διαλογικὸν
436 435 564 475 ἐξανοίγει
592 437 623 464 τὸ
653 436 740 474 στόμα
769 436 806 468 εἷς
838 437 931 474 χάσμα

101 491 107 496 ,
137 481 144 492 \
195 480 212 509 λ
251 479 257 489 ι
317 482 324 491 \
404 480 410 491 I
482 481 489 491 \
562 483 567 489 ι
701 492 709 499 λ
726 481 732 492 ι

103 491 145 508 και
173 492 193 509 π
216 491 265 508 ατυ
280 492 325 509 και
345 481 422 518 βαθυ.
440 484 490 509 Καί
504 492 573 509 κατα
588 482 764 520 θυμομαχιαν
791 481 930 513 ἀνατείνας

102 527 140 553 ub
156 529 248 564 χεῖρε,
264 526 309 553 καὶ
333 527 368 563 τῇ
397 527 443 563 μὲν
468 525 594 563 δακτύλῳ
628 526 765 564 ἁψάμενος
789 528 836 554 τοῦ
857 526 930 555 κάτω

102 571 243 609 στοιχείου
258 573 312 599 τῶν
341 569 471 607 οδόντων,
494 573 528 608 τῇ
554 569 583 599 δὲ
605 571 683 609 ἑτέρᾳ
705 573 754 599 τοῦ
770 571 931 609 ὑπερκειμὲ-

101 626 165 651 νου,
196 616 242 643 καὶ
273 615 364 653 μύζων
395 615 473 654 βαρὺ,
501 615 664 644 ἐνεδείκνυτο
694 615 796 648 ἐθέλειν
826 615 930 653 σχίσαι,

101 660 144 688 καὶ
171 659 260 692 οὕτως
285 660 425 698 ἆνευρῦναι
448 661 494 688 τὸν
510 661 566 688 ἄνω
581 660 682 689 λάκκον
708 661 745 692 εἰς
770 659 853 688 πλέον
882 662 931 688 τοῦ

102 708 229 744 φυσικοῦ,
264 703 311 733 ἵνα
347 703 399 744 ἔχῃ
439 706 580 743 ποταμοὺς
618 705 717 733 ἐκεῖθεν
747 705 929 742 ἐξερεύγεσθαι

102 750 310 788 ἆμαρτημάτων
338 749 516 778 παπαδικῶν.
545 750 594 778 Καὶ
621 750 659 782 εἷς
687 752 815 778 τοσοῦτον
844 749 929 777 ἐνδει-

102 796 204 825 κτικῶς
233 794 413 831 αἴνιξάμενος,
453 795 509 822 εἶτα
547 794 700 823 συνέκλεισε
737 795 783 831 μὲν
804 794 851 826 τὰς
878 796 929 827 τῆς

105 839 283 878 βλασφημίας
299 839 590 876 πυλας.Ἑξουδὲνωσε
615 839 645 867 δὲ
674 840 688 867 ὁ
718 840 800 878 μίγας
829 838 929 877 ἅνθρω-

102 895 152 915 πος
177 884 210 912 τὸ
225 884 352 912 ταπεινὸν
379 886 427 912 τοῦ
456 887 521 913 Θεοῦ
551 883 650 923 λάχος,
680 884 930 921 ἀλαζονευσάμενος

102 927 268 967 διαρῥήδην,
285 929 318 965 ὠ,
345 929 368 957 εἴ
393 930 431 967 μὴ
460 930 474 957 ὁ
504 928 566 966 δοὺξ
590 928 717 967 ἤθροισεν
748 928 797 956 οὐκ
821 928 850 956 ἃν
867 927 930 956 οὑδὲ

104 973 272 1010 λατηξίωσεν
303 974 340 1006 είς
369 972 432 1012 ὄψιν
463 977 521 1006 τοῖς
561 973 799 1010 ἐκκλησιαστικοῖς
829 972 928 1002 ἐλθεῖν.

102 1019 182 1047 Οὑτω
195 1018 264 1047 κατά
277 1020 328 1054 τῆς
344 1018 507 1053 Ἐκκλησίας
523 1017 641 1056 ὑψηλὸς,
658 1019 672 1046 ὁ
695 1019 763 1057 πρὸς
793 1015 930 1057 ἀκρίϐειαν

102 1063 153 1091 οὐκ
169 1063 308 1101 εὐώνυμος
325 1063 478 1103 ἅνθρωπος,
495 1063 566 1092 οὕτω
581 1063 731 1102 περιφανὴς
747 1064 761 1091 ὁ
773 1063 856 1102 μέχρι
869 1063 930 1091 τότε

103 1108 120 1143 ἦ
126 1111 173 1145 μῖν
190 1108 296 1148 ἀφανής
302 1131 308 1137 .

139 1153 188 1192 ιθ¹ῥ
203 1153 299 1186 Οὕτως
321 1154 348 1182 οἱ
372 1155 421 1182 τοῦ
449 1155 516 1182 Θεοῦ
546 1152 685 1185 δοκοῦντες
713 1153 780 1181 εἶναι
805 1153 927 1191 ἀγαπῶσι

99 1199 164 1231 τοὺς
181 1198 294 1235 ἀληθῶς
321 1202 370 1227 τοῦ
391 1201 475 1235 θεοῦ·
501 1198 587 1230 οὕτως
613 1200 631 1234 ἠ
661 1199 750 1237 ἀγάπη
781 1199 927 1236 νοθεύεται,

100 1244 189 1275 οὓτως
219 1245 236 1279 ἡ
277 1243 427 1280 Ἐκκλησία
465 1247 577 1282 τιμᾶται
615 1244 689 1281 παρὰ
716 1246 774 1275 τοῖς
803 1243 830 1271 ἐν
859 1245 927 1280 ἡμῖν

100 1287 291 1326 δογματικοῖς,
319 1288 346 1316 ο¹ί
370 1289 420 1323 τὴν
451 1289 499 1326 μὲν
519 1287 682 1323 Ἐκκλησίαν
697 1290 780 1325 τιμᾷν
809 1287 926 1326 αὐχοῦσι

100 1334 146 1361 καὶ
177 1330 312 1369 σέϐεσθαι,
341 1333 385 1361 καὶ
418 1334 487 1371 πρὸς
516 1333 602 1368 αὐτῆς
629 1333 706 1369 εἶναι,
736 1333 779 1360 καὶ
810 1332 928 1369 ἑτοίμως

99 1376 176 1416 ἔχειν
218 1378 466 1415 ὑπεραποθνήσκειν
504 1377 598 1412 αὐτῆς,
630 1377 694 1409 τοὺς
724 1375 752 1404 δὲ
781 1376 927 1410 ἐκκλησια-

99 1422 211 1454 στικοὺς
252 1424 452 1460 παρανοοῦντες
489 1421 551 1449 ὤσεὶ
581 1421 626 1449 καὶ
655 1421 745 1456 οὐθὲν,
774 1421 928 1457 συνεξουθε-

100 1469 178 1495 νοῦσι
216 1466 262 1494 καὶ
298 1467 331 1494 τὰ
368 1466 588 1502 ἰκκλησιαστικὰ,
627 1465 852 1505 φιλοσοφοῦντες,
890 1465 927 1496 ὡς

100 1510 252 1550 ἀπροσδεὲς
269 1512 316 1549 μὶν
346 1511 450 1539 πάντων
472 1513 525 1539 τῶν
552 1510 596 1538 ἐπὶ
616 1514 678 1548 γῆς’
695 1510 738 1538 ἐπὶ
759 1514 811 1548 γῆς
827 1509 856 1537 δὲ
883 1509 928 1537 καὶ

102 1558 129 1584 οἱ
159 1556 386 1592 εκκλησιαστικοὶ
423 1556 468 1584 καὶ
507 1556 539 1584 τὰ
576 1556 634 1583 κατ’
667 1554 775 1586 αὐτούς.
805 1554 837 1582 Τί
863 1556 927 1592 γοῦν

101 1601 232 1637 ἀξιωτὲον
262 1600 361 1640 λόγου,
391 1600 490 1640 φασὶν,
521 1600 681 1637 ἀνθρώπους
709 1599 755 1627 καὶ
781 1600 929 1637 πράγματα

988 313 1034 333 me
1050 306 1108 334 fere
1129 308 1287 343 praeteriit:
1313 308 1475 341 convictus,
1506 308 1553 337 hic
1581 309 1611 337 in
1640 310 1813 346 hujusmodi

987 350 1064 378 malo
1080 351 1202 380 calidior
1217 360 1306 388 quam
1323 353 1406 381 decet
1417 353 1610 389 hominem,ct
1622 363 1638 382 a
1649 355 1747 390 pueris
1764 364 1810 383 ec-

987 395 1105 423 clesiam
1113 396 1369 425 circumstantibus
1376 399 1411 426 ad
1419 398 1640 426 sutfocationem
1648 408 1730 434 pcenc
1737 409 1798 428 com
1805 415 1813 421 -

987 448 1116 476 pressus,
1128 449 1159 469 os
1171 442 1345 470 rationabile
1358 442 1501 470 dilatubat
1518 443 1547 470 in
1566 446 1735 479 aperturam
1752 443 1810 472 lar-

986 493 1051 519 gam
1061 493 1093 512 ac
1110 486 1286 521 profundam
1300 496 1307 521 ;
1328 489 1356 514 et
1368 487 1502 515 certatim
1517 496 1622 516 manus
1639 489 1811 524 extendens,

987 537 1045 556 una.
1060 530 1180 566 quidem
1197 539 1264 559 cum
1279 531 1371 567 digito
1386 531 1555 560 inferiorem
1571 533 1705 562 dentium
1734 533 1812 561 ordi-

986 574 1130 609 nem,alia
1145 583 1211 604 vero
1228 576 1411 612 superiorem
1431 578 1569 613 tangens,
1586 578 1770 606 monstrabat
1782 587 1813 606 se

986 618 1096 647 ﬁndere
1111 619 1181 648 velle
1197 619 1298 655 sicque
1314 621 1472 657 plusquam
1485 622 1666 657 naturaliter,
1679 623 1812 659 superio-

986 671 1046 690 rem
1064 664 1205 699 ampliare
1223 664 1332 700 lacum,
1363 667 1395 693 ut
1423 666 1589 694 enormium
1620 670 1808 703 peccatorum

985 707 1089 736 exinde
1109 709 1214 737 ﬂuvios
1230 717 1363 738 evomere
1379 713 1488 746 posset.
1518 711 1550 738 Et
1574 711 1616 739 sic
1646 712 1811 747 mnigmatis

984 752 1224 788 interpretatione
1239 754 1324 788 facta,
1341 755 1475 790 protinus
1489 755 1608 791 quidem
1621 755 1810 792 blasphemia

981 796 1089 832 januas
1096 798 1415 835 occlusit.Contempsit
1424 801 1519 827 autem
1528 800 1574 828 hic
1585 808 1711 836 magnus
1720 801 1809 829 homo

986 842 1127 870 humilem
1142 843 1192 871 Dei
1208 845 1328 879 sortem,
1350 843 1504 872 manifeste
1528 845 1669 880 jactitans
1695 854 1727 873 se
1751 845 1811 873 nisi

985 886 1045 914 dux
1060 887 1212 924 coegisset,
1229 896 1328 916 coram
1343 888 1551 916 ecclesiasticis
1567 889 1672 918 sistere
1687 889 1734 918 vix
1764 889 1810 917 di-

986 933 1145 967 gnaturum
1161 932 1262 961 fuisse.
1275 933 1321 960 Sic
1333 934 1474 961 adversus
1487 933 1646 962 Ecclesiam
1663 934 1808 968 excelsus,

985 975 1032 1004 hic
1046 985 1105 1005 non
1121 979 1256 1005 accurate
1272 977 1386 1013 pulchri
1402 977 1531 1006 nominis
1547 978 1602 1006 fuit
1626 978 1714 1007 homo
1728 988 1735 1014 ;
1766 979 1808 1007 sic

984 1021 1175 1057 conspicuus,
1191 1021 1238 1050 hic
1254 1022 1338 1050 nobis
1351 1022 1506 1058 hucusque
1521 1022 1677 1051 obscurus.

1020 1155 1063 1183 19.
1079 1154 1125 1182 Sic
1141 1154 1191 1191 qui
1206 1155 1257 1183 Dei
1272 1155 1409 1183 videntur
1423 1164 1497 1190 esse,
1523 1155 1653 1193 diligunt
1682 1164 1731 1184 eos
1756 1156 1807 1193 qui

983 1199 1033 1227 Dei
1049 1207 1113 1227 vere
1125 1201 1212 1234 sunt;
1229 1199 1271 1228 sic
1287 1199 1470 1228 adulteretur
1483 1201 1629 1233 cher-itas;
1647 1202 1688 1229 sic
1709 1201 1807 1229 Eccle-

983 1244 1028 1272 sia
1038 1244 1200 1272 honoratur
1215 1253 1232 1272 a
1247 1245 1356 1272 nostris
1373 1245 1557 1281 dogmaticis,
1573 1247 1623 1282 qui
1643 1254 1674 1274 se
1681 1245 1808 1281 glorian-

983 1291 1032 1317 tur
1046 1289 1166 1325 quidem
1180 1289 1340 1317 Ecclesiam
1355 1289 1497 1318 honorare
1512 1298 1546 1318 ac
1561 1290 1704 1324 venerari,
1721 1292 1750 1318 et
1768 1290 1806 1319 ad

983 1342 1046 1362 eam
1062 1334 1216 1369 pertinere,
1231 1337 1260 1362 et
1280 1335 1315 1362 ad
1345 1334 1529 1363 moriendum
1550 1343 1602 1371 pro
1627 1344 1661 1364 ea
1686 1337 1805 1371 paratos

983 1386 1058 1414 esse,
1075 1379 1290 1407 ecclesiasticos
1301 1382 1399 1407 autem
1411 1388 1462 1416 pro
1478 1379 1569 1408 nihilo
1590 1379 1804 1416 existimantes,

983 1423 1072 1451 etiam
1087 1424 1286 1452 ecclesiastica
1301 1424 1387 1451 nihili
1402 1424 1514 1452 ducunt
1528 1425 1806 1461 philosophicsjae-

982 1468 1103 1496 titantes
1119 1468 1258 1497 omnibus
1273 1477 1336 1504 quis
1352 1471 1422 1497 sunt
1436 1477 1526 1505 super
1540 1471 1647 1498 terram
1663 1478 1737 1506 opus
1748 1477 1806 1498 non

983 1521 1067 1540 esse:
1085 1521 1174 1549 super
1189 1515 1297 1541 terram
1314 1515 1412 1541 autem
1427 1522 1492 1541 esse
1507 1516 1535 1541 et
1549 1514 1763 1542 ecclesiasticos
1778 1515 1807 1542 et

983 1556 1192 1585 ecclesiastica.
1210 1557 1284 1590 Quid
1301 1557 1401 1593 igitur,
1417 1557 1565 1593 inquiunt,
1583 1558 1740 1586 haberetur
1761 1566 1807 1586 ra-

984 1602 1023 1629 tio
1037 1601 1072 1629 de
1087 1601 1258 1629 hominibus
1275 1604 1303 1629 et
1317 1602 1351 1629 de
1364 1602 1452 1629 rebus
1467 1602 1669 1638 ecclesiarum,
1698 1602 1808 1638 quibus

101 1646 270 1681 ἐκκλησιῶν,
310 1647 347 1674 ὧν
387 1646 536 1683 ἀνθρώπων
564 1646 607 1673 καὶ
637 1645 674 1672 ὤν
702 1644 868 1683 πραγμάτων
896 1643 927 1671 οὐ

987 1646 1155 1674 hominibus
1172 1646 1338 1682 quibusque
1351 1646 1438 1674 rebus
1455 1655 1512 1674 non
1537 1646 1650 1682 indiget
1674 1646 1777 1675 Deus?
1792 1653 1808 1674 o

99 1689 262 1728 προσδὲεται
291 1691 305 1718 ὁ
335 1691 398 1721 Θεός
412 1699 419 1726 ;
435 1693 469 1718 ’Ὠ
485 1689 625 1728 χθαμαλοὶ
642 1690 715 1716 οὗτοι
732 1688 888 1728 φιλόσοφοι,
905 1686 928 1715 ὥ

101 1735 223 1771 ἰδιῶται,
241 1733 263 1763 ὣ
278 1735 390 1771 ἀνόητοι
402 1734 447 1763 καὶ
467 1734 575 1773 βραδεῖς
592 1736 626 1772 τῇ
638 1733 744 1772 καρδίᾳ,
772 1734 816 1761 καὶ
843 1732 928 1770 μηδὲν

103 1781 196 1818 ὗγιὲςί
228 1780 295 1808 Εἶτα
319 1779 414 1811 πόλεις
442 1779 489 1816 μὲν
501 1779 545 1806 καὶ
570 1782 633 1814 νῆες
657 1778 724 1806 κατᾶ
748 1778 793 1806 τὸν
820 1777 929 1805 εἰπόντα

102 1824 179 1852 ούδὲν
197 1824 276 1860 εἷ’σιν,
293 1823 393 1862 ἔρημοι
408 1823 513 1862 ἀνδρῶν
530 1823 606 1851 οὖσαι
621 1826 674 1850 τῶν
690 1823 748 1851 κατ’
758 1822 848 1854 αὐτάς·
864 1823 928 1854 ναὸς

101 1870 146 1897 καὶ
161 1869 312 1905 Ἐκκλησία
327 1871 393 1897 Θεοῦ
407 1867 610 1906 ἀπροσλόγιστα
623 1868 692 1896 κατὰ
709 1867 755 1896 τὸν
772 1868 843 1896 θεῖον
859 1866 929 1900 κλῆ-

102 1925 148 1953 ρον
165 1915 211 1942 καὶ
222 1914 256 1942 τὰ
269 1917 328 1942 κατ’
342 1913 438 1945 αὐτοὺς
450 1914 607 1952 πράγματα.

137 1969 171 1996 κ’.
189 1968 241 1997 Καὶ
259 1968 291 1995 σὺ
318 1967 375 2005 μὶν,
401 1966 423 1995 ὦ
446 1967 630 2006 κατασοφιστά
657 1969 705 1995 τοῦ
728 1967 818 2005 γάμου
842 1976 930 2004 προσ-

104 2013 203 2050 λογίζῃ
226 2012 336 2040 σεαυτὸν
363 2014 403 2048 τῷ
427 2010 495 2048 οἷίκῳ
519 2022 582 2046 σου,
607 2012 652 2039 καὶ
674 2012 706 2039 τὸ
727 2014 779 2039 πᾶν
804 2011 829 2038 ἐν
855 2011 930 2046 αὐτῷ

103 2056 247 2095 συλλέγεις
275 2056 361 2085 εἶναι·
390 2056 435 2084 καὶ
464 2056 576 2091 ἀληθῶς
600 2055 698 2095 λὲγεις.
728 2055 779 2084 Καὶ
810 2055 856 2082 τὸν
882 2055 928 2092 μὲν

103 2102 226 2140 βαλόντα
241 2101 320 2129 λίθον
333 2101 401 2129 κατὰ
414 2103 461 2129 τοῦ
476 2100 584 2138 τοίχου,
608 2103 656 2128 τοῦ
672 2100 714 2128 σοὶ
744 2098 929 2138 διαφέροντος,

102 2147 183 2185 ὀλίγα
205 2146 315 2185 μέμνρῃ·
329 2146 374 2173 τὸν
391 2144 419 2173 δὲ
434 2145 503 2173 κατᾶ
516 2146 564 2173 σοῦ
576 2145 626 2180 τὴν
655 2144 741 2182 βολήν
755 2143 931 2180 τολμήσαντα

99 2192 201 2230 κρίνεις
212 2191 258 2219 καὶ
288 2191 471 2229 κατακρίνεις,
502 2191 588 2226 Ἠμᾶς
614 2188 653 2224 δὲ,
676 2190 725 2224 τὴν
755 2187 930 2224 Ἐκκλησίαν,

100 2238 146 2264 τὸν
164 2236 232 2264 Θεὸν
250 2235 411 2273 ἀποστερεῖς
434 2236 483 2263 τοῦ
508 2234 634 2262 τοιούτου
665 2233 780 2262 δικαίου·
812 2233 856 2260 καὶ
879 2233 929 2267 τὴν

100 2280 268 2316 Ἐκκλησίαν
303 2280 441 2317 σεμνύνων
480 2279 519 2311 οἷς
546 2278 648 2317 λὲγεις,
674 2275 856 2316 περιυϐρίζιις
879 2278 929 2313 τὴν

983 1690 1089 1726 abjecti
1117 1690 1302 1726 philosophi!
1318 1699 1333 1718 ο
1349 1690 1444 1718 idiotas
1460 1691 1466 1718 l
1482 1700 1499 1719 ο
1524 1691 1665 1720 insentati
1690 1699 1808 1727 graves-

983 1742 1039 1769 que
1055 1734 1150 1768 corde,
1168 1733 1241 1762 nihil
1256 1734 1320 1762 sani
1336 1735 1478 1763 habentes
1493 1735 1499 1763 !
1518 1735 1658 1772 Deinceps
1673 1736 1762 1764 urbes
1778 1736 1807 1764 et

984 1787 1072 1807 naves
1083 1778 1168 1814 juxta
1183 1778 1352 1815 loquentem
1367 1779 1440 1807 nihil
1455 1781 1535 1814 sunt,
1552 1780 1662 1816 absque
1677 1779 1806 1807 homini-

984 1824 1039 1852 bus
1056 1823 1085 1851 in
1102 1823 1145 1851 eis
1160 1823 1386 1852 exsistentibus:
1404 1824 1549 1860 templum
1565 1826 1593 1852 et
1604 1823 1732 1852 Ecclesia
1743 1823 1807 1860 Dei,

984 1868 1082 1905 quoad
1097 1867 1231 1896 divinum
1247 1868 1358 1897 clerum
1374 1871 1402 1897 et
1418 1877 1453 1897 ea
1466 1877 1530 1905 qua:
1546 1871 1680 1905 spectant
1695 1869 1731 1898 ad
1757 1876 1809 1897 eos

984 1922 1031 1942 res
1046 1915 1118 1942 sunt
1133 1921 1319 1949 supervacuae
1332 1912 1338 1941 l

1019 1968 1064 1995 20.
1081 1968 1116 1995 Et
1130 1970 1161 1995 tu
1178 1967 1309 2003 quidem,
1328 1968 1499 2003 nuptiarum
1523 1967 1652 2004 inimice,
1679 1968 1808 2004 teipsum

985 2020 1164 2040 snnumeras
1179 2019 1247 2039 cum
1267 2012 1354 2040 domo
1369 2014 1431 2047 tua,
1454 2014 1610 2048 totumque
1629 2013 1660 2040 in
1684 2021 1718 2041 ea
1743 2019 1810 2039 esse

984 2055 1152 2089 concludis;
1168 2058 1198 2083 et
1210 2064 1312 2083 verum
1337 2056 1420 2084 dicis.
1446 2057 1481 2084 Et
1505 2056 1590 2084 illum
1614 2056 1732 2092 quidem
1757 2055 1810 2090 qui

980 2099 1054 2136 jacit
1068 2099 1181 2136 lapides
1197 2102 1298 2128 contra
1327 2108 1458 2135 murum,
1488 2101 1523 2128 ad
1547 2103 1575 2128 te
1600 2099 1809 2136 pertinentem,

985 2143 1140 2180 paululum
1154 2143 1288 2179 inerepas
1301 2152 1307 2171 :
1325 2144 1409 2172 illum
1424 2153 1489 2172 vero
1505 2145 1664 2179 quicontra
1675 2144 1810 2180 teipsum

981 2189 1119 2224 jacuerit,
1131 2188 1249 2224 judicas
1260 2190 1289 2216 et
1304 2189 1494 2216 condemnas.
1511 2189 1569 2217 Nos
1585 2190 1694 2222 autem,
1711 2187 1810 2216 Eccle-

986 2234 1072 2267 siam,
1090 2234 1181 2260 Deum
1196 2232 1248 2260 tali
1260 2233 1379 2268 justitia
1395 2233 1511 2269 privas:
1528 2236 1558 2261 et.
1573 2233 1733 2261 Ecclesiam
1762 2232 1811 2260 ho-

986 2286 1093 2306 norans
1107 2277 1215 2311 verbis,
1233 2278 1349 2306 actibus
1366 2278 1518 2314 injuriosis
1546 2280 1666 2310 tractas,
1690 2285 1811 2305 venera-

103 2327 189 2361 αὖτήν
218 2326 258 2357 οἷς
288 2324 431 2362 πράττεις,
457 2325 553 2352 σεπτὸν
583 2324 630 2361 μὶν
645 2324 711 2351 εἴναι
733 2324 783 2358 τὴν
813 2322 929 2357 Ἐκκλη-

987 2322 1075 2351 bilem
1103 2330 1166 2350 esse
1195 2322 1314 2358 quidem
1357 2322 1495 2351 dictitans
1537 2322 1711 2357 Ecclesiam,
1751 2329 1810 2350 non

103 2371 161 2398 σίαν
188 2369 357 2410 ῥητορεύων,
382 2369 413 2397 οὖ
436 2371 559 2397 τοιοῦτον
590 2367 617 2396 δὲ
645 2368 678 2396 τὸ
706 2367 931 2403 ἐκκλησιαστικὸν

104 2415 200 2451 φῦλον.
232 2416 358 2452 Ἀγνοεῖς
387 2415 449 2452 ἄρα,
477 2413 492 2442 6'
519 2413 545 2441 τί
574 2414 640 2441 ποτὲ
669 2413 740 2440 ἔστιν
770 2411 931 2446 Ἐκκλησία.

104 2461 143 2490 Ού
157 2463 233 2488 νοεῖν
252 2470 301 2496 μοι
317 2458 417 2495 δοκεῖς,
442 2459 479 2490 ὡς
507 2457 598 2496 ἓτερον
625 2458 672 2494 μὲν
686 2468 729 2485 τοι
759 2457 772 2485 ὁ
786 2457 849 2488 ναὸς
864 2456 933 2496 πρός

101 2516 131 2544 γε
146 2502 357 2544 ἀκριϐολογίαν,
372 2501 463 2541 ἕτερον
481 2501 510 2530 δὶ
524 2504 541 2538 ἡ
559 2502 718 2538 Ἐκκλησία.
753 2503 783 2531 Ὁ
812 2502 858 2539 μὲν
881 2502 932 2539 γὰρ

101 2549 203 2587 κτίσμα
233 2548 372 2587 τεχνικὸν,
402 2547 592 2585 ἀφωρισμένον
621 2549 660 2583 τῷ
685 2549 752 2583 Θεῷ·
782 2548 799 2582 ἡ
817 2546 846 2574 δὲ
873 2546 934 2585 ady-

100 2595 203 2630 κλητος
217 2594 280 2632 ἳιρὰ
292 2593 392 2629 κλητοὶ
408 2595 466 2629 Θεῷ
493 2590 601 2630 ἄνδρες,
625 2589 749 2630 πρόϐατα
777 2590 933 2628 καλούμενα

101 2642 160 2676 Θιῷ
182 2640 244 2667 κατ’
271 2636 370 2674 ὄνομα.
401 2637 547 2674 Ἐλεοῦμεν
574 2635 637 2667 τοὺς
661 2635 730 2663 κατὰ
753 2635 782 2663 σὲ
805 2635 933 2667 νοοῦντας

104 2684 243 2722 ἄνθρωπε,
259 2683 429 2721 οἷκτείρομεν
457 2685 507 2717 τῆς
537 2679 678 2720 ἑλαφρίας,
696 2679 868 2716 θαυμάζομεν
884 2681 933 2714 τῆς

104 2729 217 2767 ἀκαίρου
259 2730 425 2765 πεισμονῆς,
467 2725 631 2764 μεμφόμεθα
673 2724 714 2756 οἶς
754 2724 848 2756 λυπεῖς
886 2725 932 2752 τὸν

106 2775 183 2803 Θιόν.

143 2829 195 2856 κα’,
218 2826 258 2856 Οὔ
289 2826 343 2864 μὴν
372 2824 446 2854 ἀλλὰ
479 2823 565 2856 οὕτως
599 2823 625 2852 οἳ
649 2822 762 2860 ἀμαθεὶς
788 2823 838 2858 τήν
868 2822 935 2861 ἀγα-

107 2881 163 2909 πην
193 2869 350 2910 ψεύδονται.
378 2869 459 2900 Ἀλλ’
487 2871 569 2907 ἡμεῖς
583 2870 642 2901 τοῖς
672 2866 781 2903 εἰδόσιν,
798 2867 892 2896 ὁποῖόν
907 2878 935 2897 τι

986 2369 1084 2396 autem
1100 2366 1237 2395 similiter
1251 2366 1481 2395 ecclesiasticam
1497 2367 1618 2394 tribum.
1631 2368 1751 2403 Ignoras
1764 2374 1810 2394 er-

987 2421 1023 2449 go
1038 2412 1107 2447 quid
1122 2412 1243 2440 tandem
1260 2412 1299 2440 sit
1313 2411 1453 2440 Ecclesia.
1470 2411 1553 2439 Haud
1582 2411 1709 2447 cogitare
1736 2411 1810 2439 mihi

987 2457 1104 2490 videris,
1122 2456 1201 2484 aliud
1216 2456 1346 2492 quidem,
1363 2458 1395 2484 ut
1410 2456 1525 2492 proprie
1540 2455 1707 2492 loquamur,
1733 2458 1809 2484 tem«

988 2501 1080 2538 plum,
1097 2500 1177 2529 aliud
1193 2504 1291 2528 autem
1307 2501 1479 2528 Ecclesiam.
1497 2501 1571 2528 Illud
1588 2501 1707 2537 quidem
1732 2501 1812 2530 enim

987 2548 1032 2574 est
1047 2546 1205 2574 artiﬁciosa
1220 2545 1408 2579 constructio,
1425 2545 1483 2573 Deo
1502 2548 1638 2582 separata
1652 2555 1658 2581 ;
1675 2546 1726 2574 illa
1744 2554 1812 2574 vero

987 2599 1070 2619 sacer
1085 2593 1185 2624 enatus,
1202 2591 1337 2618 homines
1351 2590 1398 2618 Dei
1415 2590 1520 2623 vocati,
1535 2599 1603 2619 oves
1619 2591 1668 2618 Dei
1693 2590 1811 2618 nomine

988 2636 1082 2663 dictae.
1093 2635 1152 2663 Nos
1164 2635 1339 2663 miseremus
1353 2637 1382 2662 et
1393 2634 1510 2664 illorum
1531 2636 1578 2671 qui
1597 2636 1683 2672 juxta
1698 2638 1727 2663 te
1742 2643 1810 2663 sen-

988 2681 1076 2715 tiunt,
1093 2680 1182 2708 homo
1196 2692 1203 2714 ;
1219 2679 1396 2708 miseremur
1410 2679 1548 2715 levitatis,
1566 2681 1709 2709 miramur
1727 2680 1811 2715 inop-

988 2727 1142 2761 portunam
1160 2725 1438 2761 praesumptionem;
1459 2733 1494 2753 ea
1521 2726 1630 2762 quibus
1653 2724 1811 2753 contristes

988 2770 1093 2804 Deum,
1107 2769 1317 2806 vituperamus.

1023 2824 1069 2852 21.
1085 2823 1149 2852 Νοιι
1178 2831 1262 2852 secus
1289 2823 1385 2860 ignari
1413 2824 1586 2853 charitatem
1615 2822 1810 2851 mentiuntur.

988 2869 1045 2898 Sed
1057 2876 1110 2898 nos
1125 2868 1287 2898 scientibus
1302 2868 1388 2905 quale
1404 2868 1443 2898 sit
1467 2869 1588 2898 bonum.
1615 2875 1681 2897 ecce
1704 2875 1812 2905 propo-
