1992 3158
86 190 136 220 601

584 188 624 218 IN
646 189 679 219 S.
703 188 1046 224 QUADRAGESIMAM
1069 191 1215 222 ORATIO
1237 192 1276 222 ΙΙ.

1721 192 1780 223 602

90 253 241 291 μαζώμεθα,
256 253 297 284 οἷς
310 262 340 280 τε
354 249 470 288 ἄϐλητοι
488 252 602 291 μένομεν
624 254 669 281 καὶ
685 254 837 289 ἀνούτατοι,
854 253 899 282 καὶ

964 255 1036 285 :ione
1052 257 1231 293 aspiciamur
1245 258 1392 294 quomodo
1409 265 1582 286 maneamus
1595 257 1779 286 inviolabiles

89 300 124 330 οἷς
146 296 319 335 κερδαίνομεν
350 295 384 324 δι’
410 298 565 334 ὑπομονῆς.
582 299 734 337 Προσθήσω
748 298 783 326 δι’
799 299 839 326 ὅτι
855 298 899 326 καὶ

88 341 318 380 παραμυθώμεθα,
349 344 511 379 θεωροῦντες
537 343 585 378 τήν
609 344 667 370 κατ’
696 343 794 375 αὐτοὺς
818 342 900 380 ἁδρά-

88 397 163 421 νειαν,
179 385 217 414 ἔτι
234 385 261 414 δὲ
276 385 321 413 καὶ
337 385 364 413 εἷ’
376 388 432 418 πῶς
449 386 498 425 6ψέ
513 398 579 415 ποτε
602 389 702 425 χρόνον
728 389 742 416 ὁ
773 389 900 426 μέγιστος

87 431 135 459 τῶν
161 433 256 469 ψυχῶν
285 431 375 470 ἰατρὸς
403 430 464 467 δοίη
493 431 678 471 ἀναφρονῆσαι
704 432 822 467 αὐτοὺς,
855 432 900 460 καὶ

88 475 167 507 οὕτως
191 476 409 511 ἀποκαταστῆναι
433 475 471 508 εἰς
495 477 642 515 σωτηρίαν·
668 477 702 512 ἧς
715 476 789 516 ε’ίπερ
803 475 901 505 ἐλπίδα

88 522 218 560 φοροῦσιν,
235 520 306 548 οὕτω
322 523 431 556 ζῶντες,
454 520 491 550 ὠς
517 522 577 559 ἄρτι
606 523 707 560 βιοῦσι,
739 523 902 558 ματαιάζου-

87 576 123 593 σιν
149 565 174 593 οἱ
199 565 321 603 πτωχοὶ,
336 566 381 593 καὶ
400 565 437 597 εἷς
460 566 535 594 κενὸν
559 565 824 604 ἐλπιδοκοπούμενοι
853 577 900 594 πι-

87 610 201 642 ποίθασιν
219 610 258 641 εἰς
273 607 392 642 ἆῦολοὺς
409 609 618 646 μεταδόσεως,εἲ¹
629 612 689 639 τινά
699 622 751 640 που
766 612 811 639 καὶ
825 610 902 647 ὲλεή‹

87 654 165 691 σοῦσί,
181 654 218 686 ὥς
234 654 334 687 ἐκιῖθιν
351 654 529 693 κερδήσαιτες
539 656 573 684 τὰ
587 658 718 695 σωτήρια.

115 709 159 737 κε’.
175 708 224 736 Καὶ
239 707 321 736 τοῦτο
340 709 387 746 μὶν
415 708 486 736 οὕτω
511 720 558 746 μοι
579 713 620 747 τῷ
644 710 712 743 τὲως
736 709 901 748 προκείσθω.

86 752 148 782 Ἰδοὺ
162 752 189 780 δὲ
203 753 249 780 καὶ
267 752 337 781 ἀλλο
351 753 484 782 τάλαντον
501 753 652 793 εὔχρηστον
668 756 714 782 καί
742 755 822 793 φίλον
838 756 903 792 Χρι-

87 800 136 835 στῷ
147 800 186 834 τῷ
201 800 262 835 Θεῷ
277 798 491 837 προχειρίζομαι
506 799 579 836 ὑμῖν·
608 799 639 827 τὸ
668 799 696 828 δὲ
725 799 780 828 ἐστι
796 812 809 826 ί(
826 800 857 827 τὸ
877 799 903 827 ἐν

87 845 117 880 τῇ
132 843 196 870 κατὰ
210 842 257 870 τὸν
277 842 338 881 βίον
368 843 522 883 ἀναστροφῇ
553 843 730 883 εὖδιάκριτον,
750 857 765 870 ››
794 845 816 881 ᾧ
847 854 904 872 συν‹

89 886 248 927 αναφαίνεται
289 887 387 915 αὐτίκα
428 888 473 915 καὶ
507 889 538 916 τὸ
571 901 585 915 ‹‹
620 888 852 928 συγγνωμονικόν.
888 900 903 915 ››

955 302 984 328 et
995 301 1180 336 invulnerati,
1195 303 1339 338 quomodo
1355 305 1383 330 et
1398 303 1526 330 fructum
1542 311 1593 338 per
1607 302 1777 339 patientiam

957 345 1345 382 feramus.Adjiciamautem
1357 347 1433 383 quod
1443 347 1777 381 consolamur,conside-

955 393 1052 418 rantes
1069 399 1169 420 eorum
1181 391 1370 428 fragilitatem
1382 394 1593 428 sperantesque
1614 395 1646 419 ut
1660 392 1684 420 si
1702 393 1776 420 Deus

956 434 1124 470 aliquando,
1142 437 1288 464 maximus
1317 438 1484 464 animarum
1510 436 1652 470 medicus,
1669 444 1718 464 eos
1734 445 1778 464 re-

955 479 1093 516 sipiscere
1107 482 1257 516 concedat,
1270 481 1507 510 itarestituantur
1513 482 1548 509 ad
1554 481 1727 509 salutemch
1728 481 1779 516 jus

955 524 1010 553 etsi
1027 533 1107 561 spem
1124 526 1153 553 in
1169 534 1200 553 se
1216 526 1365 561 ferant,sic
1380 526 1508 554 viventes
1524 529 1557 553 ut
1572 533 1651 553 nunc
1666 525 1779 559 vivunt,

956 577 1021 597 eam
1039 571 1166 599 reddunt
1180 570 1312 599 inutilem
1329 570 1477 604 miseri,et
1487 579 1559 599 vana
1572 578 1640 606 spes
1654 570 1779 605 decepti,

957 614 1067 643 frustra
1082 615 1282 644 retributionis
1289 614 1423 644 denarios
1435 614 1595 651 sperant,si
1606 615 1691 650 cujus
1706 615 1780 642 forte

956 659 1163 695 misereantur,
1176 663 1223 688 tan
1229 668 1317 696 quam
1334 660 1438 688 exinde
1463 659 1604 687 salutaria
1617 659 1779 686 lucrantee.

991 713 1036 740 25.
1052 713 1087 740 Et
1098 713 1176 741 istud
1187 713 1307 748 quidem
1317 713 1360 740 sic
1375 712 1447 741 mihi
1463 720 1557 748 usque
1574 712 1630 739 huc
1643 712 1777 740 obverse-

957 757 1089 785 tur.Ecce
1104 766 1170 785 vero
1182 758 1303 793 insuper
1319 757 1547 785 talentumaliud
1564 756 1635 784 utile
1646 756 1780 784 charum-

958 810 1015 837 que
1030 801 1144 830 Christo
1160 805 1216 830 Deo
1232 802 1314 830 vobis
1340 810 1479 837 propono.
1504 801 1564 829 Hoc
1583 804 1628 829 est
1644 811 1658 826 ι(
1672 800 1702 828 in
1716 801 1779 828 vita)

958 847 1178 874 conversatione
1194 847 1271 874 bono
1285 855 1350 874 esse
1361 846 1484 882 judicio,
1501 856 1516 870 »
1532 845 1579 873 cui
1595 846 1695 873 statim
1711 853 1779 873 con-

959 899 1065 918 nexum
1077 894 1198 927 apparet
1207 889 1679 927 esseindulgentemepossibile
1695 898 1781 917 nam-

87 932 236 970 Ἀμήχανον
264 931 453 976 γὰρνθάτερον
482 933 594 972 θατέρου
623 932 689 972 δίχα
714 934 903 962 συνίστασθαι.

964 944 1017 972 que
1026 938 1070 964 est
1081 944 1170 964 unum
1186 936 1297 972 absque
1313 935 1369 963 alio
1390 936 1561 963 subsistere.
1591 936 1655 962 llaec
1683 937 1781 962 autem

88 977 306 1015 Μιταχειρίσεσθε
323 975 351 1004 δὲ
369 977 414 1005 καὶ
440 977 507 1005 αὐτὰ
520 981 655 1016 τεχνικῶς
669 978 786 1015 τοιούτῳ
802 978 902 1006 κανόνι.

89 1021 237 1059 Λογίσασθε,
254 1021 280 1048 ὦ
304 1020 429 1061 ἀδελφοὶ,
453 1022 493 1050 ὅτι
519 1023 550 1050 οὐ
574 1026 626 1054 πᾶς
652 1024 666 1051 6
680 1023 860 1062 προσκόπτων
877 1023 903 1051 ἑν

89 1065 137 1102 6δῷ
151 1064 274 1104 ψέγεται.
302 1065 381 1094 ⁷Δλλ³
397 1067 411 1094 6
428 1067 476 1104 μὲν
491 1067 619 1105 ἄλλοιχοῦ
643 1067 822 1104 πλανώμενος
845 1069 905 1098 τοῖς

90 1110 244 1149 ὀφθαλμοῖς,
277 1111 320 1138 καὶ
346 1110 459 1149 πάσχων
483 1110 527 1139 διὰ
541 1114 622 1140 τοῦτο
641 1112 818 1151 πρόσκομμα,
834 1112 905 1139 σκώ-

89 1164 180 1182 πτεται·
198 1157 211 1183 6
236 1154 268 1183 δὶ
297 1154 342 1183 διὰ
364 1156 395 1183 τὸ
418 1155 565 1197 ἇρισφαλὶς
587 1160 638 1192 τῆς
655 1156 719 1184 ὁδοῦ
735 1154 904 1194 οκαμϐεύσας

90 1199 116 1226 οὐ
129 1199 193 1227 πάνυ
207 1200 238 1227 ἂν
255 1200 386 1238 ψεχθείη,
413 1199 486 1228 ἀλλὰ
510 1202 756 1239 συγγνωμονηθείη
781 1201 854 1240 παρά
876 1211 907 1239 γι

88 1247 138 1275 τοῖς
151 1244 215 1282 ὀρθὰ
227 1244 424 1283 διακρίνουσιν.
440 1244 526 1277 Οὗτος
539 1246 553 1273 6
569 1245 650 1284 λόγος
667 1247 680 1274 6
698 1246 813 1284 βραχὺς,
837 1244 905 1281 αὕτη

89 1289 104 1323 ἡ
118 1289 279 1321 εὑσύνοπτος
293 1287 450 1327 παραϐολὴ,
461 1292 543 1318 τοῦτο
558 1291 589 1318 τὸ
613 1290 825 1329 εὐπερίγραπτον
846 1290 907 1318 ἐπι-

89 1334 199 1372 χείρημα
214 1333 277 1373 ἔχει
307 1333 416 1373 ὁδηγεῖν
441 1336 511 1371 ὑμᾶς
535 1335 573 1368 εἷς
596 1335 627 1364 τὸ
643 1335 671 1363 εὖ
692 1334 836 1373 ’διακρίνειν
861 1335 906 1363 καὶ

89 1378 174 1407 αὐτίκα
189 1381 406 1418 σογγνωμονεῖν,
423 1379 485 1407 ὅποι
501 1380 601 1418 χρεών.
623 1380 725 1417 Ὁμοίῳ
737 1380 787 1418 γὰρ
811 1379 906 1418 τρόπῳ

89 1423 155 1452 καὶὸ
177 1425 245 1452 κατὰ
278 1423 337 1462 βίον
363 1423 503 1463 ἅνθρωπος
526 1425 576 1452 οὐκ
601 1425 641 1453 ἀεὶ
667 1425 800 1463 μακάριος
821 1425 904 1459 ἔσται,

91 1467 122 1500 ὡς
153 1467 269 1506 ἄμωμος
293 1468 319 1496 ἐν
343 1467 409 1506 ὁδῷ,
432 1469 476 1497 καὶ
499 1469 567 1509 κατὰ
590 1470 674 1507 νόμον
696 1470 741 1497 τὸν
771 1470 907 1507 Κυριακὸν

91 1513 281 1551 πορευόμενος’
297 1513 359 1542 ἀλλ’
384 1513 455 1542 ἔστιν
484 1513 515 1542 οὗ
538 1514 583 1542 καὶ
600 1514 710 1554 σφαλεὶς
724 1514 844 1548 ὀκλάσει,
860 1514 906 1542 καὶ

91 1559 241 1596 προσκόψει,
270 1558 317 1586 καί
342 1569 395 1586 που
416 1558 461 1586 καὶ
485 1562 616 1587 πεσεῖται.
643 1559 692 1587 Καὶ
714 1559 765 1586 οὐκ.
790 1558 866 1590 εὐθὺς
891 1559 906 1586 ὁ

91 1601 262 1641 διακρικτικὸς
283 1601 425 1642 ἄνθρωπος
446 1603 491 1631 καὶ
513 1602 585 1631 οὕτω
609 1603 717 1635 συνετὸς
742 1602 906 1641 ἐπεμπηδήτ.

90 1650 174 1685 σειτῷ
188 1648 418 1683 πεπτωκότι,καὶ
442 1647 511 1684 ὕλην
536 1648 720 1685 ἐπιτιμήσεων
746 1648 905 1687 ἒπιφορήσει

90 1692 205 1730 κειμένῳ,
235 1693 284 1721 καὶ
323 1693 469 1730 καταθάψει
510 1693 601 1720 αὐτόν·
635 1692 767 1729 ὂιαιτήσει
802 1692 840 1727 δὲ,
870 1685 917 1728 τῷ.

90 1737 220 1774 παθήματι
247 1737 403 1775 κανονίσας,
429 1737 563 1775 πνεύματι
587 1737 682 1777 σοφίας
705 1737 750 1766 καὶ
768 1736 907 1768 σδνέσεως·

90 1781 128 1808 καὶ
164 1781 367 1820 διερευνήσεται
403 1783 434 1810 τὸ
469 1782 567 1819 αἴτιον,
604 1783 816 1822 παραμετρῆσας
844 1781 909 1809 αὐτὸ

90 1827 207 1863 ποιότητι
220 1827 374 1865 προσώπου
389 1828 434 1856 καὶ
452 1827 511 1866 βίου
525 1829 573 1855 τοῦ
588 1828 646 1855 κατ’
661 1827 752 1864 αὐτὸν,
768 1827 812 1855 καὶ
826 1826 909 1864 τύχῃ,

90 1871 300 1910 καὶπεριπετείᾳ
324 1875 431 1910 καιροῦ,
460 1873 504 1900 καὶ
532 1871 605 1904 ὅλως
629 1875 688 1904 ταῖς
711 1871 800 1909 ὅλαις,
829 1872 870 1903 αἶς
895 1871 910 1898 6

93 1915 212 1952 βιωτικὸς
241 1917 386 1945 ὖπόκειται
411 1916 564 1955 ἅνθρωπος*
596 1918 642 1945 καὶ
669 1917 909 1954 σταθμωσάμενος,

92 1960 111 1987 al
126 1961 170 1998 μὶν
185 1964 234 1990 τοῦ
248 1961 357 1998 κόσμου
374 1961 427 1990 ἐστὶ
444 1962 488 1989 καὶ
505 1960 583 1998 δίκης
598 1961 758 2000 προΐσταται
787 1972 911 1999 μεταχει-

93 2009 180 2043 ριεῖται
198 2008 246 2044 μὲν
263 2007 297 2035 τὸ
312 2009 433 2045 πρᾶγμα,
451 2006 488 2038 ὠς
504 2007 518 2034 6
542 2006 628 2044 νόμος
644 2006 757 2039 εὐθύνει.
774 2007 832 2036 Οὐκ
855 2006 911 2034 ἔστι

93 2049 118 2078 Si.
131 2051 202 2084 ὅπως
231 2052 284 2081 οὐκ
301 2051 493 2079 ὲπιεικιύσεται
506 2052 551 2079 καὶ
568 2052 649 2083 αὐτὸς
665 2052 701 2083 ὡς
716 2051 772 2079 οἷόν
788 2062 827 2087 τε,
844 2050 871 2078 εἷ’
881 2061 912 2089 γε

91 2096 243 2133 Χριστιανός
268 2096 338 2132 ἐστι,
363 2096 407 2124 καὶ
432 2095 570 2132 ἓλληνίζει
585 2097 620 2124 τὰ
635 2096 672 2127 εἷς
688 2095 863 2132 χαλοήθειοιν,
880 2094 911 2123 οὐ

94 2141 141 2176 μὴν
156 2142 224 2179 πρὸς
237 2138 410 2180 βαρϐαρικὴν
425 2140 572 2179 θηριωδίαν
586 2139 751 2169 πέπλασται.

123 2196 170 2227 κς’.
187 2195 236 2224 Καὶ
253 2195 327 2223 οὕτω
353 2195 411 2231 μὶνΙ
435 2194 478 2224 ἐὰν
504 2195 522 2230 ἡ
539 2193 628 2223 δίαιτα
654 2192 790 2232 προϐαίνῃ
813 2204 912 2230 κοσμι-

93 2239 214 2277 κώτερον·
246 2239 294 2268 ἐὰν
325 2239 354 2267 at
376 2240 444 2267 κατά
466 2242 575 2277 πνεῦμα
591 2261 598 2274 ,
623 2239 673 2268 οὐκ
699 2239 730 2267 ἃν
755 2239 838 2277 ἔγωγ’
864 2239 911 2266 οὗν

93 2282 201 2320 ἐμαυτὸν
222 2285 323 2319 πείσω,
338 2285 377 2321 μὴ
401 2284 464 2322 οὐχὶ
489 2284 534 2314 τὸν
552 2287 674 2312 τοιοῦτον
701 2288 803 2323 χρῆναι
829 2282 913 2311 πλεο-

106 2315 112 2320 .
316 2315 343 2321 ι.
371 2315 376 2320 .
435 2315 454 2322 η.
705 2315 728 2323 ,υ
752 2315 757 2319 .

93 2327 173 2363 νάζιιν
210 2329 238 2357 ἐν
275 2331 316 2365 τῷ
349 2327 492 2366 διακρίνειν
520 2329 565 2357 καὶ
594 2331 804 2368 συγγνωμονεῖν,
836 2315 953 2365 μεθο-Ῐ)

96 2370 197 2402 δεύοντα
222 2374 255 2402 τὸ
271 2376 387 2412 πρᾶγμα
402 2373 593 2411 ἐπιστημόνως
623 2374 660 2405 ὡς
678 2375 692 2402 6
721 2375 785 2405 Θεὸς
812 2373 915 2408 ὑποθή-

96 2427 179 2446 σεται·
217 2419 241 2446 εί
281 2419 318 2455 μὴ
356 2418 407 2456 ἄρα
437 2419 495 2446 κατ’
524 2419 606 2446 αὐτοῦ
640 2421 707 2447 Θεοῦ
734 2419 765 2446 τὸ
793 2421 916 2454 πταῖσμα

94 2462 199 2501 πέφηνε.
229 2463 301 2492 Τότε
325 2462 375 2501 γὰρ
400 2461 462 2491 οὔτι
477 2462 632 2502 διακρίνειν,
662 2461 724 2491 οὔτε
752 2473 916 2501 συγγνωμο-

95 2510 143 2534 νεῖν
171 2507 291 2536 δέδοται.
318 2507 370 2536 Καὶ
398 2509 452 2545 μῆν
481 2508 526 2536 καὶ
551 2507 577 2536 ἐν
605 2511 664 2540 τοῖς
692 2507 829 2541 τοιούτοις
857 2506 914 2545 ἕχει

95 2551 242 2590 παρρησίαν
261 2553 299 2584 ὡς
324 2552 357 2580 τὰ
384 2551 478 2580 πολλᾶ
498 2552 543 2581 καί
564 2554 581 2588 ἡ
606 2552 738 2591 διάκρισις
761 2553 807 2581 καὶ
832 2554 850 2588 ἡ
873 2551 916 2581 ἐπ’

96 2595 158 2633 αὐτῇ
172 2598 335 2635 συγγνώμη,
352 2598 389 2628 ὡς
406 2597 420 2624 6
448 2597 516 2626 κατὰ
538 2600 643 2636 πνεῦμα
666 2598 914 2635 ἐπιπημοναρχῶν

96 2639 244 2676 εὖμεθὸδως
259 2644 399 2681 τεχνᾶται.
415 2645 452 2671 "Il
465 2642 491 2670 τί
515 2641 586 2671 ἄλλο
609 2643 640 2671 τὸ
665 2640 807 2679 Ἐϐραῖκὸν
827 2641 913 2682 φῦλον

96 2683 177 2723 ἀφῆκε
268 2688 446 2724 Χριστιανικῇ
475 2687 610 2724 πολιτείᾳ,
635 2687 681 2715 καὶ
706 2690 915 2726 συμπαροικεῖν,

96 2729 136 2756 καὶ
163 2729 256 2763 ἆλέοος
279 2732 436 2770 τυγχάνειν,
460 2732 503 2760 καὶ
533 2732 635 2770 τρόπον
658 2732 718 2761 τινὰ
741 2733 844 2770 συζῇνς
874 2732 914 2763 οἷς

97 2774 245 2811 θρησκεύειν
261 2776 379 2815 ἀφίεται,
395 2777 434 2808 ὡς
463 2777 538 2814 αὖτῷ
566 2777 657 2817 φίλον,
682 2777 728 2805 καὶ
749 2779 802 2805 τῶν
833 2777 916 2814 ἀναγ-

98 2818 176 2847 καίων
204 2821 311 2850 πάντων
340 2821 475 2861 μετέχειν,
503 2824 558 2850 τῶν
583 2822 630 2859 μὲν
647 2821 783 2861 ἀφθόνως,
811 2823 865 2849 τῶν
887 2820 916 2850 Si

99 2863 135 2902 ἐφ’
150 2864 211 2894 ὅσον
225 2865 320 2902 ἔξεστι.
336 2866 386 2896 Καὶ
402 2867 456 2905 μὴν
479 2865 639 2906 διακρίσεως
668 2868 706 2906 μὴ
725 2865 914 2906 προϋπούσης,

960 981 1116 1008 artificiose
1128 981 1178 1008 tali
1190 980 1289 1016 regula
1297 980 1550 1015 comprehendetis
1562 988 1568 1008 ;
1583 979 1782 1012 Considerate,

959 1026 1156 1061 fratres,quod
1170 1034 1227 1053 non
1243 1025 1339 1053 omnis
1350 1025 1400 1060 qui
1416 1024 1494 1052 cadit
1506 1024 1535 1051 tn
1550 1024 1607 1057 via,
1624 1023 1782 1059 reprehen-

960 1069 1107 1097 ditur.Sed
1124 1069 1173 1097 ille
1188 1069 1308 1104 quidem
1320 1068 1432 1104 passim
1448 1067 1541 1095 oculis
1551 1075 1652 1095 errans
1659 1069 1687 1094 et
1696 1074 1780 1094 scan-

961 1114 1062 1142 dalum
1077 1114 1142 1142 ideo
1158 1122 1263 1149 passus
1278 1113 1434 1141 irridetur:
1448 1112 1498 1140 ille
1510 1120 1575 1140 vero
1599 1111 1650 1147 qui
1664 1113 1783 1147 propter

961 1159 1012 1186 vis:
1025 1159 1171 1186 lubricum
1187 1157 1423 1192 vacillasset,non
1441 1164 1561 1193 prorsus
1571 1156 1781 1191 increparetur,

962 1204 1013 1231 sed
1029 1212 1046 1231 a
1056 1206 1134 1231 recte
1144 1202 1349 1238 judicantibus
1363 1210 1430 1229 cum
1441 1200 1626 1236 indulgentia
1636 1200 1784 1236 judicare-

962 1250 1019 1276 tur.
1032 1249 1090 1276 lste
1104 1247 1199 1275 brevis
1214 1255 1322 1279 sermo,
1339 1247 1397 1274 ista
1408 1244 1680 1282 comprehensibilis
1697 1252 1785 1280 para-

963 1293 1039 1326 bola,
1054 1293 1114 1320 haec
1125 1292 1300 1320 circumcisa
1313 1290 1528 1327 argumentatio
1537 1298 1589 1318 vos
1604 1289 1638 1318 ad
1656 1290 1729 1318 bene
1738 1289 1786 1324 ju-

962 1337 1163 1368 dicandum,et
1177 1336 1277 1364 statim
1290 1334 1684 1372 ubioportet,ignoscendum
1700 1333 1786 1362 facile

962 1382 1058 1410 ducet.
1074 1381 1168 1409 Simili
1184 1388 1312 1416 namque
1327 1380 1413 1408 modo
1429 1387 1482 1416 per
1509 1380 1599 1407 vitam
1615 1379 1703 1406 homo
1727 1385 1784 1406 non

962 1435 1079 1462 semper
1093 1425 1159 1454 felix
1170 1426 1235 1458 erit,
1245 1428 1387 1461 tanquam
1405 1423 1670 1460 irreprehensibilis
1685 1423 1715 1450 in
1726 1422 1784 1456 via,

957 1472 1101 1507 juxtaque
1112 1470 1294 1498 Dominicam
1309 1469 1403 1505 legem
1419 1468 1586 1503 ambulans,
1603 1468 1652 1496 sed
1665 1467 1720 1495 erit
1734 1467 1785 1494 ubi

962 1518 1121 1552 quassatus
1137 1515 1243 1548 ﬂectet,
1255 1517 1283 1542 et
1298 1514 1434 1547 otl‘endet,
1451 1514 1511 1541 imo
1526 1513 1619 1540 cadet.
1645 1514 1680 1538 Et
1693 1512 1782 1539 homo

961 1560 1030 1588 boni
1041 1560 1147 1595 judicii
1173 1560 1273 1595 sicque
1289 1559 1419 1594 prudens
1435 1566 1491 1585 non
1508 1558 1566 1585 cito
1581 1557 1698 1592 lapsum
1714 1562 1782 1583 cono

963 1604 1089 1633 culcabit
1104 1606 1133 1632 et
1145 1604 1296 1631 materiam
1304 1602 1525 1630 accusationum
1538 1599 1784 1637 imponetjacentl

964 1652 992 1677 et
1006 1648 1275 1681 obruetillum,sed
1292 1647 1439 1675 moderate
1450 1645 1606 1682 judicabit,
1623 1644 1727 1681 spiritu
1739 1652 1786 1672 sa-

965 1694 1081 1730 pientiae
1091 1696 1119 1721 et
1133 1692 1349 1726 intellectus,de
1356 1691 1492 1728 passione
1505 1689 1788 1725 discernens,inqui-

964 1742 1066 1774 retque
1081 1746 1201 1766 causam
1217 1745 1281 1765 eam
1297 1737 1454 1764 dimetiens
1473 1744 1541 1763 cum
1564 1734 1705 1770 qualitate
1720 1741 1789 1769 per—

965 1792 1043 1811 sonaa
1059 1783 1182 1818 vitisque
1198 1781 1365 1816 illius,cum
1381 1781 1498 1808 fortuna
1508 1779 1790 1813 circumstantiaque

964 1827 1179 1864 temporis,uno
1194 1827 1362 1860 verbo,cum
1380 1825 1519 1853 omnibus
1534 1824 1642 1860 quibus
1657 1823 1790 1858 subjacet

965 1873 1052 1901 homo
1068 1873 1177 1906 vivens,
1187 1874 1226 1906 et,
1244 1871 1412 1908 ponderatis
1426 1870 1575 1902 omnibus,
1592 1877 1658 1897 rem.
1669 1868 1789 1903 quidem

961 1918 1048 1954 juxta
1063 1917 1251 1945 directionem
1258 1916 1370 1952 legis,si
1378 1915 1472 1943 ordini
1480 1914 1664 1950 justitiaaque
1678 1911 1788 1949 praesit,

965 1961 1194 1990 administrabit.
1206 1961 1268 1989 Non
1285 1963 1329 1988 est
1346 1963 1445 1988 autem
1461 1968 1512 1987 cur
1528 1967 1586 1987 non
1602 1958 1790 1986 moderanter

966 2009 1189 2041 tractaretur,eo
1202 2006 1279 2041 quod
1296 2005 1359 2041 ipse
1373 2005 1412 2032 sit
1427 2003 1681 2035 Christianus,aut
1693 2001 1790 2037 quoad

966 2053 1104 2079 venustos
1125 2058 1221 2078 mores
1245 2050 1374 2085 Grazcus,
1396 2051 1447 2077 aut
1471 2048 1500 2076 in
1519 2048 1625 2083 agresti
1655 2045 1791 2074 barbarie

966 2095 1120 2124 formatus.

1001 2194 1046 2222 26.
1063 2192 1151 2221 Etita
1166 2192 1284 2228 quidem
1309 2193 1353 2220 est
1379 2190 1498 2227 quando
1520 2188 1668 2226 judicium
1683 2195 1790 2216 secun-

967 2239 1040 2267 dum
1055 2238 1201 2266 mundum
1217 2237 1349 2273 procedit
1361 2249 1368 2270 ;
1380 2236 1403 2264 si
1411 2244 1476 2264 vero
1483 2234 1645 2263 secundum
1653 2232 1790 2269 spiritum

968 2285 1019 2312 ﬁat
1034 2292 1091 2312 non
1102 2282 1185 2311 facile
1198 2282 1346 2310 crederem
1355 2289 1411 2308 non
1424 2281 1529 2308 debere
1540 2278 1629 2307 talem
1642 2277 1792 2305 abundare

968 2329 1062 2365 magis
1077 2329 1106 2356 in
1118 2327 1311 2356 diseernendo
1325 2325 1370 2353 vel
1384 2325 1561 2362 ignoscendo
1573 2323 1623 2360 qui
1635 2330 1694 2350 rem
1706 2322 1792 2358 juxta

969 2373 1122 2402 scientiam
1142 2371 1290 2406 tractabit,
1307 2373 1393 2407 prout
1414 2373 1488 2398 Deus
1505 2370 1653 2405 suggeret,
1667 2367 1724 2395 nisi
1745 2369 1791 2394 ta-

970 2427 1037 2447 men
1046 2419 1186 2446 adversus
1198 2418 1287 2445 Deum
1313 2415 1401 2452 culpa
1421 2415 1524 2443 adesse
1547 2414 1691 2442 videatur.
1711 2414 1792 2440 Tunc

970 2464 1049 2492 enim
1077 2471 1130 2490 nec
1158 2462 1325 2490 discernere
1357 2468 1409 2488 nec
1437 2460 1587 2495 ignoscere
1610 2458 1712 2486 datum
1736 2459 1791 2485 est.

968 2510 1104 2537 Attamen
1116 2508 1145 2535 in
1157 2507 1204 2534 bis
1215 2505 1363 2534 similibus
1374 2504 1550 2540 plerumque
1569 2503 1684 2539 copiam
1706 2502 1795 2530 habet

970 2553 1109 2581 discretio
1120 2554 1222 2588 etquae
1246 2550 1403 2579 comitatur
1421 2557 1485 2577 eam
1502 2548 1695 2584 indulgentia,
1706 2548 1794 2583 prout

971 2598 1020 2634 qui
1034 2597 1196 2626 secundum
1209 2595 1346 2632 spiritum
1362 2595 1391 2622 in
1402 2593 1525 2622 scientia
1533 2594 1689 2630 primatum
1702 2593 1792 2624 tenet,

970 2642 1134 2671 methodice
1145 2641 1337 2669 demonstrat.
1366 2640 1410 2666 An
1435 2641 1480 2666 est
1509 2637 1691 2673 aliud,quod
1721 2644 1792 2671 gen-

969 2689 1029 2715 tem
1041 2686 1212 2715 Hebraicam
1219 2683 1397 2713 concesserit
1407 2683 1588 2712 Christianos
1596 2680 1732 2717 regimini
1744 2687 1792 2706 co-

969 2732 1114 2765 habitare,
1124 2729 1356 2758 misericordiam
1372 2728 1513 2763 obtinere,
1530 2730 1559 2757 et
1575 2724 1791 2764 quodammodo

970 2776 1131 2811 convivere,
1143 2784 1176 2804 eo
1189 2775 1266 2811 quod
1283 2773 1396 2802 cultum
1411 2781 1544 2804 exercere
1560 2770 1750 2808 permittitur,
1761 2770 1794 2796 ut

969 2821 1027 2857 ipsi
1035 2821 1175 2859 placitum
1182 2819 1348 2853 etomnium
1356 2818 1588 2847 necessariorum
1596 2815 1702 2843 habere
1710 2812 1794 2850 parti,

969 2864 1265 2907 pipationemlhorum
1272 2862 1392 2900 quidem
1399 2860 1793 2896 abundanterﬁstorumvero
