1992 3158
95 201 153 230 605

606 199 646 229 IN
669 199 701 230 S.
725 198 1063 235 QUADRAGESIMAM
1086 199 1231 231 ORATIO
1252 199 1290 230 ll.

1741 196 1801 227 606

95 264 138 292 καὶ
155 264 169 290 ὁ
195 263 306 291 πάντων
331 262 520 297 ἐκδικώτατος,
545 262 568 290 εὶ
597 262 668 290 οὕτω
688 263 780 302 τύχοι.
802 261 921 291 "Eo-118‘s

980 264 1065 300 Operi
1077 273 1143 292 vero
1155 265 1247 300 justo,
1264 264 1288 292 si
1304 272 1390 292 easus
1409 263 1545 298 occurrit,
1561 263 1649 291 etiam
1665 262 1798 290 omnium

95 309 138 336 καὶ
154 307 241 335 παλιν
264 307 369 342 ἄδικος,
387 307 411 335 εἲ
436 308 503 344 μιτὰ
525 307 556 335 τὸ
582 307 610 335 ἓν
632 307 718 335 ἐκεῖνο
741 311 800 339 τοῖς
826 309 923 346 προτέ-

96 363 154 390 ροις
176 352 315 389 ἐπιμένειν
345 353 563 390 ἀπισχυρίζεται.
587 353 637 380 Καὶ
664 353 678 379 ὁ
704 352 770 389 ἐμὸς
794 351 828 387 δὴ
844 353 924 383 οὗτος

94 398 158 426 Νῶι
183 398 234 432 τήν
259 397 350 435 ἀρχὴν
377 399 417 433 τῷ
438 396 503 433 οἷ’νῳ
528 395 686 429 διασεισθεὶς
709 397 753 424 καὶ
777 397 924 435 ταραχθεὶς

98 442 195 479 μικρὸν
222 442 298 476 ὅσον,
334 441 380 469 καὶ
417 440 562 480 ἀνέσφηλε,
600 441 646 469 καὶ
674 442 850 474 κατασταθεὶς
888 442 925 473 ὡς

94 487 182 524 πιτρα
219 486 327 524 στεῤῥὰ,
369 485 457 514 οὐκετι
495 485 624 524 ἐτινάχθη
664 485 727 514 οὐδὲ
755 487 898 514 κατέπεσεν
916 495 922 502 ·

95 529 159 558 οὖδὶ
185 531 409 568 κατεκαυχήσατο
447 530 528 558 αὐτοῦ
563 531 577 558 ὁ
606 530 674 569 πρὸς
703 532 774 568 ὥραν
800 529 924 568 ἀνδρικὸς

93 574 197 606 ἐκεῖνος
225 577 299 607 οἶνος
315 584 322 591 ’
353 575 426 603 ἀλλὰ
452 575 593 612 θραυσθεὶς
615 575 731 614 ἐναρίτῳ
761 575 924 613 συμμετρίᾳ,

94 620 144 647 οὐκ
173 619 212 650 εἰς
241 618 364 657 δεύτερον
401 618 564 652 Βλαπτικῶς
601 619 675 656 αὐτῷ
709 620 822 656 ἀνεφύη,
851 619 925 647 ἀλλὰ

94 663 274 698 συπιτικῶς,
300 665 337 696 ὡς
367 665 385 700 ἡ
411 664 493 692 αὐτοῦ
521 664 600 703 φύσις
624 663 654 692 ἐκ
677 665 789 703 πρώτης
811 662 925 692 καταϐο-

102 707 157 744 λῆς
172 708 347 736 κελευσθεῖσα
381 709 516 737 τέτακται.
543 709 589 737 Διὸ
611 708 672 737 οὔτε
687 709 725 742 εἰς
738 708 852 746 μέθυσον
868 709 922 737 ἐνε-

94 754 260 792 γράφη,καὶ
276 755 326 788 τήν
352 753 560 790 ὶμπνευσθιῖσαν
586 753 615 781 δὲ
643 753 740 781 ἄνωθεν
765 754 838 790 αὖτῷ
854 764 924 791 προ-

96 798 209 836 φητείαν
236 798 364 836 ἰφύλαξεν
386 797 438 829 ἕως
463 798 509 826 καὶ
536 798 575 830 είς
598 798 687 834 τέλος,
703 798 749 826 καὶ
772 802 832 831 τοῖς
846 798 923 836 ἐμοῖς

95 843 285 881 προπάτορσιν
300 843 486 881 ἐγγέγραπται.
499 854 514 870 ››

131 887 170 916 λ’.
186 888 292 925 Ὀρᾶτε,
308 888 330 915 ὦ
342 886 468 926 ἀδελφοὶ,
495 886 570 919 ὅπως
597 888 677 920 αὐτὸς
702 889 716 916 ὁ
731 889 807 922 Θεὸς,
824 889 838 916 ὁ
856 889 921 926 ὑπὲρ

977 309 1193 344 injustissimus
1205 318 1324 337 manum
1337 309 1566 337 admovebit.Est
1582 311 1679 336 autem
1695 308 1800 335 iterum

978 354 1109 389 iniquus,
1126 355 1150 382 si
1167 357 1232 390 post
1246 354 1318 382 illud
1336 363 1428 381 unum
1452 354 1572 387 factum,
1591 353 1737 388 prioribus
1753 353 1800 380 in—

979 398 1087 426 haerere
1103 399 1264 427 continuat.
1282 401 1314 426 Et
1329 401 1406 426 certe
1429 405 1512 426 meus
1529 398 1578 425 ille
1592 397 1650 424 Noe
1665 396 1801 432 aliquan-

978 442 1074 470 tulum
1089 443 1119 471 in
1136 444 1278 480 principio
1295 443 1361 471 vino
1390 451 1550 470 concussus
1567 450 1599 470 sc
1624 441 1770 474 turbatus,
1784 450 1802 469 ο,

978 487 1064 523 lapsu
1080 489 1249 521 resurrexit,
1265 491 1293 516 et
1323 489 1399 516 sicut
1415 488 1509 516 solida
1535 489 1618 522 petra
1641 485 1799 519 stabilitus,

979 541 1036 560 non
1053 532 1180 568 amplius
1195 533 1343 561 vacillavit
1353 541 1448 568 neque
1463 532 1577 565 cecidit,
1594 539 1646 559 nec
1659 531 1800 559 adversus

978 585 1046 605 eum
1059 577 1152 613 gloria
1163 580 1225 606 tum
1237 580 1281 605 est
1292 577 1363 605 illud
1376 578 1411 606 ad
1428 577 1528 605 horam
1540 575 1624 604 virile
1635 574 1799 610 vinum,sed

978 622 1206 650 commendabili
1222 631 1360 650 mensura
1374 622 1592 654 devictum,uon
1606 620 1734 648 secundo
1745 619 1800 647 fuit

978 667 1014 694 ad
1030 666 1157 702 lapsum,
1174 667 1224 694 sed
1239 667 1274 694 ad
1290 665 1535 701 sustentaculum,
1551 665 1626 693 sicut
1636 664 1729 700 ipsius
1745 672 1799 691 na-

977 713 1044 738 tura
1057 711 1142 746 juxta
1158 711 1284 747 primam
1299 711 1441 747 originem
1459 710 1545 745 jusss
1568 709 1727 736 constituta
1743 709 1798 735 est.

977 754 1043 782 Ideo
1059 763 1117 782 non
1132 755 1208 782 inter
1217 754 1314 782 ebrios
1326 754 1485 790 inscriptus
1500 753 1609 786 est,sed
1624 751 1797 787 inspiratum

977 799 1003 827 ei
1019 799 1145 835 desuper
1160 799 1317 835 prophetiae
1341 799 1451 826 donum
1471 797 1637 832 custodivit,
1654 804 1747 831 usque
1761 795 1799 823 ad

976 844 1076 878 ﬁnem,
1092 852 1126 872 ac
1141 844 1214 872 meis
1230 853 1297 872 cum
1313 843 1374 872 avis
1390 845 1601 871 annumeratus
1615 843 1669 869 est.
1685 852 1699 866 »

94 933 197 964 πάντας
226 933 335 970 κριτὴς,
364 933 405 960 δτι
429 933 473 960 καί
505 932 645 971 ὑπὲρθεος,
673 933 769 971 κρίνει,
796 933 841 960 καὶ
867 932 921 961 δια-

1011 933 1055 961 30.
1085 933 1209 967 Videtis,
1236 934 1352 967 fratres,
1381 933 1528 969 quomodo
1556 932 1633 959 Deus
1659 930 1732 981 ipse,
1749 929 1798 965 qui

94 977 190 1014 κρίνει,
216 977 260 1004 καὶ
293 977 364 1004 οὕτω
394 975 576 1016 διαγινώσκει,
607 977 637 1005 οὐ
663 978 730 1015 πρὸς
759 978 921 1014 ἀποτομίαν,

978 987 1066 1014 super
1091 987 1193 1006 omnes
1206 979 1296 1014 judex
1325 981 1379 1012 est,
1396 978 1465 1014 quia
1490 985 1578 1013 super
1595 975 1695 1003 omnia
1709 975 1797 1008 Deus,

94 1020 168 1049 ἀλλὰ
183 1021 390 1060 φιλανθρωπίαν
407 1021 433 1057 ἐξ
457 1021 565 1060 ἀγάπης
585 1022 702 1054 πάντως.
720 1022 754 1051 Τί
770 1021 804 1057 δὴ
819 1022 864 1050 οὖν
883 1024 920 1060 μὴ

976 1023 1088 1058 judicet
1104 1044 1110 1057 ,
1127 1026 1155 1051 et
1170 1023 1310 1057 dicernet,
1326 1024 1355 1051 et
1379 1023 1420 1050 ita
1435 1022 1518 1058 plene
1547 1021 1715 1057 cognoscet,
1740 1027 1798 1046 non

93 1066 137 1094 καὶ
152 1067 249 1102 ἡμεῖς,
265 1065 305 1098 εἷς
329 1066 391 1094 ὅσον
417 1066 536 1106 ἐφικτὸν,
558 1066 756 1104 ἐξομοιούμεθα
783 1069 822 1104 τῷ
835 1067 924 1095 τοιού-

92 1122 132 1147 τῳ
161 1112 254 1148 κριτῇ,
284 1109 358 1138 ἀλλὰ
385 1111 452 1149 πρὸς
481 1111 609 1146 ἀπήνειαν
636 1111 681 1138 καὶ
705 1109 850 1148 δικάζομεν
877 1112 923 1139 καὶ

93 1155 313 1194 ἀποφαινόμεθα,
342 1156 385 1183 καὶ
414 1155 449 1183 τὰ
476 1155 574 1190 πλείω,
606 1155 647 1193 ἰφ¹
674 1157 716 1187 οἷς
743 1154 804 1183 οὕτε
826 1155 922 1194 πρέπει

95 1199 156 1228 οὔτε
185 1199 281 1231 ἄλλως
308 1200 377 1238 χρὴ,
405 1200 538 1236 πταίομεν
565 1200 732 1235 πολλάκις,
761 1200 849 1229 Ἀλλά
879 1211 922 1232 τις

96 1244 254 1280 περίστασις
281 1244 441 1281 παρίσταται
467 1245 606 1281 βοηθοῦσα
631 1245 712 1282 ἡμῖν,
737 1244 774 1276 sic
799 1245 832 1280 ἢν
853 1245 921 1273 ἀπο-

97 1286 209 1317 ϐλέπων
227 1289 240 1316 ὁ
255 1289 354 1327 κρίνων
380 1287 489 1317 δύναται
519 1290 557 1326 μὴ
582 1290 761 1328 καταφάσκειν
787 1288 860 1317 δεινὰ
873 1292 922 1317 τοῦ

97 1332 229 1373 ἀδελφοῦ,
261 1332 332 1370 μηδὲ
360 1333 520 1372 ἀπηλεγέως
548 1333 631 1362 αὐτοῦ
657 1334 865 1373 καταφέρεσθαι.
889 1333 922 1363 Τί

97 1377 146 1405 οὐκ
172 1377 362 1415 ὲνθυμοῦμεθα
391 1379 417 1405 οἱ
442 1377 529 1415 μάτην
562 1378 631 1406 κατὰ
651 1381 706 1406 τῶν
731 1379 857 1406 ἆναιτίων
874 1389 922 1406 πε-

95 1420 306 1460 τροϐολοῦντες,
330 1423 374 1450 καὶ
398 1422 462 1455 τοὺς
487 1423 593 1455 ἀθώους
617 1422 783 1459 λιθάζοντες,
800 1423 845 1451 τὸν
861 1423 922 1462 φιλ-

95 1467 304 1505 ανθρωπότατον
333 1467 433 1495 ἐκεῖνον
460 1466 540 1505 λόγον
565 1470 614 1495 τοῦ
635 1467 759 1498 εἰπόντος
776 1477 783 1484 ⁴
800 1480 813 1493 ‹‹
830 1470 922 1499 Ὅστις

95 1512 149 1550 οὐχ
164 1512 282 1550 ἥμαρτε,
301 1510 408 1550 βαλέτω
433 1510 509 1544 λίθον
533 1510 577 1539 ἐπὶ
604 1512 635 1539 τὸ
661 1512 822 1549 ἡμαρτηκὸς
835 1512 921 1550 πρόσ-

95 1565 224 1591 ωπον;υ
250 1555 362 1585 Μᾶλλον
389 1556 436 1593 μὶν
462 1556 507 1584 οὖν
532 1555 558 1583 τί
585 1556 648 1587 τοὺς
680 1556 764 1593 μηδὲν
791 1555 923 1593 μηδόλως

94 1602 163 1637 ἡμῖν
190 1600 424 1639 ἐξαμαρτάνοντας
449 1600 578 1638 ἐθέλομεν
601 1601 802 1638 καταχωννύειν
820 1601 919 1636 λίθοις,

95 1645 155 1673 οὕτε
187 1645 355 1684 βλάπτοντις
394 1646 513 1677 ἐκείνους
553 1643 642 1682 οὐδὲν,
682 1644 755 1673 ἀλλὰ
782 1646 921 1684 στεφάνοις

94 1689 291 1727 καλλύνοντες,
329 1689 383 1717 εἴτε
419 1690 560 1727 ὑπομονῆς
597 1688 695 1724 ἕνεκεν,
725 1689 778 1718 εἴτε
806 1691 851 1717 καὶ
880 1690 921 1718 δτι

94 1745 233 1772 πασχουσι
263 1735 308 1762 καὶ
337 1734 507 1771 ὀνειδισμοὺς
531 1735 575 1762 καὶ
601 1735 635 1762 τὰ
669 1733 751 1769 ἄλλα,
769 1733 804 1762 δι’
819 1735 855 1762 ὧν
868 1746 922 1772 μα-

93 1779 231 1817 καρίζεται
257 1779 330 1816 παρὰ
355 1782 412 1811 τοῖς
435 1780 520 1817 ἱεροῖς
540 1779 717 1818 Εὑαγγελίοις
731 1781 855 1811 τοιοῦτος
876 1780 921 1807 ἄν-

93 1824 203 1862 θρωπος
219 1833 227 1858 ;

128 1867 182 1896 λα’.
213 1865 398 1905 Ἐμϐαθύνατε
422 1869 448 1896 οἱ
477 1867 522 1896 διὰ
546 1867 594 1895 τοῦ
619 1868 819 1906 ἱερογρωφικοῦ
840 1867 922 1896 πελά-

92 1923 157 1950 γους
175 1912 311 1951 ἐντέχνως
336 1913 499 1952 νήχόμενοι,
526 1913 571 1940 καὶ
588 1912 716 1950 δράξασθε
733 1911 921 1951 διορατικώτε-

93 1968 139 1995 ρον
168 1958 219 1992 τῆς
258 1957 360 1990 ἐννοίας
396 1960 444 1985 τοῦ
486 1957 666 1995 εὐαγγελικοῦ
696 1957 819 1996 ῥήματος
847 1957 919 1985 τοῦ-

92 2014 106 2028 ιι
121 2003 216 2034 Ὅστις
241 2002 297 2040 οὐχ
320 2001 437 2040 ἥμαρτε,
465 2000 572 2040 βαλέτω
593 2001 669 2034 λίθον
686 2000 730 2029 ἐπὶ
745 2002 775 2029 τὸ
791 2002 920 2040 ἁμαρτω‹

92 2045 139 2074 λὸν
156 2046 315 2085 πρόσωπον.
333 2059 347 2072 ιι
371 2047 529 2084 Μυστήριον
555 2046 586 2074 τὸ
610 2048 725 2084 πρᾶγμα
737 2045 919 2082 ἐκπληκτικὸν

92 2090 216 2128 ἀληθῶς,
241 2091 286 2119 καὶ
316 2091 364 2119 οὐκ
390 2090 460 2119 ἔστιν
490 2090 648 2126 ἐξισωθῆναι
673 2090 806 2128 διάκρισιν
830 2089 918 2126 ἄλλην

90 2137 158 2174 πρὸς
195 2137 247 2171 τήν
283 2135 395 2164 ἐνταῦθα
433 2136 667 2174 προφαινομὲνην.
705 2135 754 2163 Καὶ
795 2135 919 2166 εἰκότως.

90 2181 154 2212 Θεὸς
181 2192 212 2209 τε
239 2181 292 2220 γὰρ
323 2181 390 2219 ὑπὲρ
414 2180 518 2209 ἅπαντα
544 2181 590 2208 καὶ
615 2183 677 2208 νοῦν
698 2179 742 2208 καὶ
761 2180 918 2218 πράγματα,

88 2227 130 2253 καὶ
148 2227 218 2254 Θεοῦ
243 2225 377 2264 διάκρισις
405 2226 471 2263 ὑπὲρ
502 2225 615 2254 ἅπασαν.
648 2223 774 2260 Ἐδὲζατο
797 2223 841 2252 ἔπὶ
870 2227 919 2253 τοῦ

90 2271 170 2307 ὤμου
194 2270 329 2309 ἁμαρτίαν
356 2271 490 2298 κάνταῦθα
514 2271 528 2298 6
548 2270 631 2309 αἶ’ρων
653 2271 700 2301 τὰς
723 2269 856 2308 ἀμαρτίας
871 2268 919 2297 to;

977 1068 1014 1095 ad
1030 1067 1179 1101 duritiem,
1191 1067 1242 1095 sed
1257 1076 1291 1095 ex
1312 1067 1454 1095 charitste
1470 1073 1589 1103 prorsus
1612 1064 1645 1092 ad
1660 1062 1798 1091 humani-

977 1113 1078 1140 tatem.
1095 1113 1152 1139 Cur
1164 1111 1255 1148 igitur
1269 1113 1297 1139 et
1307 1113 1519 1147 nos,quantum
1534 1112 1578 1138 est
1588 1107 1798 1145 possibile,uon

976 1156 1147 1193 elﬁngimur
1160 1156 1211 1184 tali
1222 1156 1316 1191 judici
1332 1155 1456 1190 similes,
1472 1155 1522 1183 sed
1543 1154 1579 1182 ad
1596 1152 1798 1181 crudelitatem

976 1201 1185 1237 etjudicamus
1200 1203 1229 1229 et
1240 1209 1428 1237 apparemus,
1444 1202 1473 1228 et
1491 1199 1674 1236 plerumque,
1690 1197 1720 1224 in
1735 1204 1797 1231 quas

977 1254 1030 1274 nec
1045 1246 1127 1274 decet
1141 1254 1194 1274 nec
1210 1254 1331 1282 prorsus
1346 1247 1468 1281 oportet,
1485 1252 1560 1280 saepe
1581 1241 1774 1278 impingimus
1784 1240 1799 1268 ’ἶ

975 1292 1111 1319 Attamen
1127 1291 1259 1326 quaedam
1286 1290 1371 1318 nobis
1386 1289 1532 1317 auxiliaris
1560 1289 1666 1323 praesto
1681 1288 1727 1314 est
1741 1285 1796 1313 cir-

976 1335 1165 1369 cumstantia,
1180 1335 1216 1363 ad
1231 1343 1317 1370 quam
1330 1334 1447 1362 intuens
1458 1333 1508 1369 qui
1520 1333 1634 1369 judicat
1649 1339 1706 1359 non
1722 1330 1797 1357 valet

976 1380 1050 1408 dura
1076 1379 1156 1415 loqui
1185 1383 1285 1407 contra
1301 1380 1420 1407 fratrem
1445 1386 1539 1414 neque
1559 1385 1631 1405 save
1658 1376 1798 1404 adversus

976 1432 1042 1452 eum
1061 1424 1139 1452 ferri.
1162 1424 1220 1452 Cur
1235 1432 1293 1452 non
1309 1423 1338 1451 in
1355 1425 1452 1451 mente
1480 1421 1665 1454 revolvimus,
1680 1429 1733 1448 nos
1747 1420 1798 1456 qui

976 1469 1085 1496 frustra
1100 1471 1201 1496 contra
1224 1469 1356 1496 insontes
1371 1467 1498 1503 lapidem
1515 1467 1655 1502 jacimus,
1671 1467 1700 1493 et
1715 1465 1799 1493 inno-

977 1515 1076 1540 centes
1090 1513 1267 1548 lapidamus.
1291 1512 1555 1540 clementissimum
1581 1510 1652 1537 illud
1676 1510 1797 1537 verbum

977 1557 1119 1585 dicentis:
1137 1568 1150 1582 ‹‹
1167 1557 1220 1588 Qui
1243 1557 1307 1585 sine
1329 1559 1447 1593 peccato
1472 1558 1516 1584 est
1540 1557 1670 1583 vestrum
1687 1554 1799 1590 primus

977 1601 1006 1629 in
1021 1601 1103 1629 illam
1119 1601 1247 1638 lapidem
1260 1601 1357 1629 mittat
1367 1601 1400 1628 6?
1416 1612 1430 1626 »
1441 1600 1492 1627 Vel
1509 1599 1606 1636 potius
1619 1607 1671 1627 cur
1686 1606 1735 1626 eos
1747 1597 1798 1634 qui

936 1634 958 1667 (ἶ
977 1634 1208 1682 haudquaquam
1217 1647 1246 1674 in
1256 1655 1308 1674 nos
1318 1634 1666 1682 pecceveruntrlapidibus
1677 1644 1799 1672 obruere

975 1691 1122 1725 volumus,
1140 1691 1213 1719 nihil
1240 1691 1320 1727 ipsos
1345 1691 1494 1726 laedentes,
1511 1690 1561 1718 sed
1585 1688 1700 1717 coronis
1716 1696 1798 1716 exor-

976 1738 1091 1770 nantes,
1121 1737 1182 1764 sive
1211 1738 1329 1772 propter
1358 1735 1541 1772 patientiam,
1569 1734 1629 1762 sive
1656 1732 1725 1769 quis
1748 1740 1800 1768 pa-

976 1780 1092 1808 tiuntur
1106 1781 1264 1817 opprobria
1287 1783 1458 1816 ceteraque,
1475 1787 1600 1816 quorum
1622 1778 1716 1815 gratia
1731 1777 1799 1806 telis

976 1826 1064 1854 homo
1079 1826 1189 1854 sanctis
1205 1826 1234 1854 in
1251 1825 1414 1862 Evangeliis
1430 1825 1605 1861 predicatur
1619 1823 1746 1852 beatus?

1012 1872 1056 1899 31.
1082 1871 1178 1899 Altius
1203 1873 1364 1907 penetrate,
1389 1871 1439 1907 qui
1465 1878 1516 1906 per
1543 1867 1798 1905 hierographicum

976 1924 1058 1943 mare
1073 1916 1164 1952 perite
1179 1915 1333 1952 nevigstis,
1349 1918 1378 1943 et
1404 1915 1514 1951 aliquid
1530 1913 1672 1942 assumite
1688 1911 1800 1949 perspi-

976 1960 1075 1988 cacius
1090 1969 1125 1988 ex
1140 1960 1228 1996 hujus
1251 1960 1408 1997 evangelici
1438 1960 1584 1988 sententia
1598 1958 1696 1987 verbi:
1715 1968 1729 1984 «
1745 1956 1799 1990 Qui

975 2004 1039 2033 sine
1054 2007 1172 2040 peccato
1187 2008 1232 2033 est
1247 2008 1377 2034 vestrum
1393 2004 1506 2041 primus
1528 2005 1558 2032 in
1573 2004 1654 2031 illam
1671 2002 1799 2038 lapidem

976 2049 1084 2077 mittat.
1108 2060 1122 2075 ››
1148 2050 1207 2077 Hoc
1236 2058 1303 2077 vere
1331 2049 1509 2085 stupendum
1538 2050 1583 2076 est
1612 2047 1797 2083 mysterium,

975 2101 1028 2120 nec
1044 2101 1110 2120 cum
1126 2093 1173 2121 hic
1193 2092 1341 2121 relucente
1366 2092 1563 2127 comparanda
1590 2094 1635 2119 est
1649 2090 1707 2118 alia
1722 2089 1798 2124 diju-

974 2136 1090 2164 dicatio.
1107 2139 1144 2165 Et
1157 2137 1236 2165 enim
1266 2137 1369 2165 merito
1385 2137 1462 2164 Deus
1490 2144 1578 2172 super
1592 2134 1701 2167 omnia,
1716 2142 1798 2161 men-

974 2183 1034 2209 tem
1065 2190 1098 2209 ec
1127 2190 1184 2216 res,
1212 2184 1268 2216 est,
1297 2181 1406 2218 Deique
1425 2181 1572 2217 judicium
1599 2187 1688 2216 super
1712 2185 1799 2206 omne

974 2228 1103 2262 prastat.
1121 2226 1172 2254 llic
1187 2227 1274 2254 etiam
1289 2234 1378 2262 super
1398 2226 1555 2253 humerum
1582 2226 1733 2261 peccatum
1749 2230 1799 2250 ac-

975 2270 1155 2306 ceperat,qui
1172 2270 1249 2298 tollit
1270 2273 1388 2307 peccata
1403 2270 1517 2302 mundi,
1542 2269 1591 2304 qui
1608 2267 1798 2305 purissimus,

87 2316 206 2352 κόσμου,
225 2315 240 2342 ὁ
263 2315 460 2354 ὑπερκάθαρος,
486 2315 500 2342 ὁ
527 2315 694 2354 ὑπὲρφωτος,
713 2313 759 2342 ἵνα
773 2314 874 2351 ἔλεηθῇ
888 2314 919 2342 τὸ

976 2314 1025 2351 qui
1041 2315 1241 2343 lucidissimus
1254 2317 1309 2349 est,
1325 2317 1358 2343 ut
1372 2315 1451 2342 illius
1470 2322 1599 2350 personas
1615 2321 1666 2349 pro
1682 2320 1740 2348 qua
1756 2310 1798 2338 lo-

88 2359 247 2398 ηρόσωπον,
279 2359 346 2398 ὑπὶρ
376 2358 407 2387 οὗ
436 2358 581 2395 ἔλάλησεν.
608 2371 622 2387 ι(
649 2360 680 2388 Ὁ
711 2360 748 2396 μή
778 2359 919 2397 ἁμαρτὼν,

88 2404 165 2442 φησὶ,
185 2402 296 2442 βαλίτω
326 2402 402 2431 λίθον
427 2403 470 2431 ἔπ’
493 2403 588 2440 αὐτήν.
606 2416 620 2430 n
645 2404 698 2432 Καὶ
718 2403 825 2435 πάντως
841 2403 918 2442 εἶχον

89 2447 116 2476 ἄν
132 2449 220 2476 εἰπεῖν
236 2449 262 2476 οἱ
287 2448 432 2481 ἀκούοντες
455 2449 613 2476 αὖθὲκαστοι
636 2447 734 2476 ἔκέῖνοι
758 2448 861 2486 κριταὶ,
878 2448 919 2476 ὅτι

89 2504 102 2518 α
117 2493 180 2521 Ἐὰν
198 2494 212 2520 ὁ
231 2493 269 2530 μὴ
292 2492 420 2531 ἁμαρτὼν
445 2492 520 2526 λίθον
542 2491 716 2530 ἔγκελεύηται
745 2492 836 2531 βαλεῖν
852 2493 920 2521 κατὰ

87 2540 135 2565 τοῦ
150 2537 326 2572 πταίσαντος,
343 2537 374 2565 σὺ
393 2537 421 2565 δὲ
444 2537 481 2569 ὡς
506 2540 573 2565 Θεοῦ
595 2537 654 2569 υἱὸς
678 2537 868 2576 ἀναμάρτητος
885 2538 917 2572 εἴ,

87 2581 165 2620 ῥίψαν
197 2582 230 2610 σὺ
259 2584 369 2620 πρῶτος
394 2582 481 2617 λίθον,
505 2583 550 2609 καὶ
575 2583 703 2620 φόνιυσον
725 2582 776 2616 τὴν
799 2581 918 2619 παράνο-

89 2637 150 2664 μον.
165 2641 180 2654 ››
197 2626 310 2658 Εῐδότες
320 2625 359 2662 δὶ,
377 2627 413 2658 ὡς
428 2626 556 2666 ἕμφράξεί
571 2627 664 2658 αὐτοῖς
677 2626 709 2654 τὸ
725 2625 822 2663 στόμα,
836 2626 918 2653 ὑπαν-

85 2673 170 2708 τήσας
185 2671 284 2700 αὒτίκα
309 2671 429 2710 στερρῶς
454 2670 481 2700 ἕν
509 2674 549 2708 τῷ
580 2671 664 2700 εἴπεν.
690 2670 732 2699 ὅτι
762 2683 777 2697 ι(
793 2671 842 2698 Καὶ
858 2670 917 2699 ἰδοὺ

87 2716 140 2755 ὶγὼ
169 2718 236 2750 Θεὸς
267 2714 305 2745 ὧν
339 2717 541 2755 ἀναμάρτητος,
578 2717 628 2744 οὐκ
662 2715 812 2755 ἑπιρῥίπτω
840 2715 918 2744 λίθον

87 2759 132 2790 ἰπὶ
153 2761 240 2801 φόνῳ,
269 2761 340 2790 καθὰ
364 2760 427 2790 οὐδὶ
452 2760 550 2790 ὀδόντα
577 2758 688 2790 ἔκϐαλῶ
714 2760 773 2790 ἀντὶ
797 2757 916 2792 ὀδόντος.

124 2871 136 2889 ⁶
149 2872 238 2901 Joen.
252 2878 314 2908 vm,
327 2871 356 2900 7.

975 2362 1061 2388 cutus
1075 2363 1130 2394 est,
1144 2360 1304 2388 misereret.
1317 2371 1330 2384 ι(
1343 2360 1395 2393 Qui
1407 2359 1470 2387 sine
1482 2361 1598 2396 peccato
1608 2359 1653 2385 est
1666 2359 1798 2385 vestrum

974 2403 1088 2440 primus
1097 2405 1127 2432 in
1139 2404 1219 2433 illam
1231 2404 1357 2440 lapidem
1370 2404 1493 2432 mittat.»
1504 2403 1629 2432 Omnino
1641 2401 1736 2430 dicere
1746 2409 1799 2437 po-

973 2449 1103 2477 tuissent
1117 2449 1160 2477 illi
1175 2449 1226 2485 qui
1242 2449 1400 2477 audiebant
1414 2448 1505 2476 severi
1519 2447 1632 2483 judices
1645 2456 1651 2475 :
1664 2458 1677 2472 (ι
1694 2446 1733 2480 Si,
1746 2445 1798 2482 qui

974 2502 1032 2521 non
1049 2494 1188 2530 peccavit,
1213 2493 1340 2530 lapidem
1359 2494 1456 2530 jacere
1476 2493 1598 2529 jubetur
1612 2492 1641 2520 in
1664 2494 1799 2528 peccato-

974 2546 1048 2572 rem,
1064 2540 1092 2566 et
1107 2541 1150 2574 tu,
1170 2538 1251 2566 velut
1265 2538 1315 2567 Dei
1327 2538 1429 2572 Filius,
1445 2538 1509 2566 sine
1533 2540 1651 2574 peccato
1669 2545 1699 2565 es
1711 2545 1718 2571 ;
1731 2536 1798 2572 jace

973 2585 1005 2611 tu
1023 2583 1136 2619 primus
1152 2583 1290 2620 lapidem,
1308 2585 1337 2611 et
1359 2583 1489 2619 iniquam
1511 2583 1620 2611 occide.
1638 2593 1652 2606 n
1666 2582 1797 2610 Scientes

973 2630 1070 2656 autem
1087 2628 1172 2656 illum
1197 2637 1229 2656 os
1254 2628 1326 2664 ipsis
1350 2628 1555 2656 obturaturum
1583 2635 1656 2661 esse,
1675 2626 1798 2654 ﬁrmiter

972 2672 1117 2709 extemplo
1129 2673 1354 2709 respondentem
1367 2681 1373 2700 :
1384 2685 1398 2698 α
1410 2673 1451 2701 En
1461 2681 1511 2708 ego
1522 2673 1723 2707 Deus,absque
1734 2677 1798 2706 pec-

973 2720 1048 2751 cato,
1064 2726 1121 2745 non
1133 2717 1212 2754 jacio
1236 2716 1365 2754 lapidem
1381 2718 1417 2746 ad
1445 2718 1633 2750 occisionem,
1650 2717 1796 2752 quatenus

973 2769 1026 2791 nec
1041 2762 1159 2791 dentem
1187 2770 1257 2791 eruo
1273 2770 1325 2800 pro
1355 2763 1451 2798 dente,
1476 2770 1529 2791 nec
1557 2761 1675 2790 oculum
1691 2758 1796 2787 elYodio
