2030 3167
220 182 277 214 607

220 295 270 331 qui
287 295 497 331 peecavit,quia
512 304 569 322 non
586 295 621 322 ad
639 295 774 322 umbram
791 293 897 322 similis
912 302 978 322 sum
993 301 1042 320 vo-

218 340 275 373 bis,
294 351 304 365 ι
323 339 479 373 siluerunt,
504 342 532 368 et
552 339 661 375 incepti
689 339 805 375 pondus
820 339 898 367 sicut
925 341 954 366 et
967 337 1043 374 lapis

220 385 249 412 in
266 384 346 420 ipsos
362 385 474 412 recidit.
491 385 525 412 Et
539 392 605 412 ecce
626 384 708 412 vobis
724 383 870 419 Evangelii
889 383 964 419 lapis
980 383 1044 418 ipsa

221 429 390 465 margarita,
407 437 496 465 quam
522 432 555 457 ut
569 428 717 465 Evangelii
746 427 917 464 pretiosam,
932 427 968 456 ad
997 427 1042 455 lu-

220 482 304 502 crum
320 473 552 509 negotiabimini.

223 518 281 546 ἐπεὶ
308 518 352 546 καὶ
382 517 461 550 λίθου
490 516 560 549 εἶδός
588 528 614 545 τι
641 516 686 544 καὶ
716 517 730 544 ὁ
760 526 917 554 μαργαρος,
946 515 975 543 ὃν
1002 515 1041 546 ὡς

224 569 311 595 decet.

257 618 301 646 32.
319 618 387 645 Erat
402 619 501 645 autem
530 617 571 645 ibi
597 617 786 644 victoriosum
815 615 973 644 Salvatoris
993 615 1045 642 ad-

221 671 323 690 versus
338 661 404 690 illos
417 661 654 697 severosjudices
670 663 877 697 argumentum
889 669 906 688 a
921 659 1044 687 fortiori.

222 718 236 732 «
252 706 281 734 Si
297 706 387 738 enim,
403 705 508 742 inquit,
526 714 579 741 ego
607 705 657 741 qui
674 705 737 733 sine
759 707 877 741 peccato
893 713 970 738 sum,
987 712 1044 731 non

217 752 295 786 jacio
311 750 436 786 lapidem
454 751 484 778 in
500 750 700 786 peccatricem,
717 758 812 785 neque
827 758 877 776 vos
896 757 975 784 ergo,
992 756 1045 776 nec

222 796 271 831 qui
287 796 368 823 vobis
384 798 453 823 sunt
468 795 719 830 similes,quorum
733 794 805 822 nulli
822 797 891 821 sunt
905 794 982 821 sicut
991 801 1044 827 ego

222 844 340 876 propter
363 842 515 875 peccatum
541 839 616 875 quod
648 839 678 866 in
706 838 788 866 vobis
817 840 872 870 est,
889 837 1045 873 lapidatio—

222 892 290 912 nem
306 885 466 912 exeusabit.
484 883 640 919 Ignoscetis
661 885 759 910 autem
784 883 812 910 in
825 882 987 918 judicando
1005 882 1044 909 si-

222 931 272 956 cut
287 937 364 957 nunc
379 937 430 963 ego
446 928 564 963 quidem
581 929 643 963 ipse
665 927 820 955 manifeste
847 935 945 954 coram
961 926 1044 954 vobis

221 972 328 1008 incipio
344 973 413 1000 dare
440 972 543 1008 legem,
569 980 620 1007 ego
650 980 716 999 caro
742 972 845 1007 factus,
862 979 914 1007 ego
943 971 991 1006 qui
1007 971 1043 998 ab

222 1019 329 1045 aeterno
346 1025 397 1053 pro
421 1016 571 1044 communi
596 1016 690 1044 salute
706 1016 757 1044 tali
782 1016 957 1044 discretione
973 1024 1045 1043 usus

222 1070 299 1095 sum,
317 1063 373 1089 mei
389 1070 455 1089 vero
479 1061 604 1097 apostoli
620 1069 653 1088 ac
670 1068 827 1096 praecones,
856 1069 873 1088 a
888 1069 934 1088 me
949 1060 1045 1088 susci-

223 1107 336 1142 pientes
360 1106 452 1141 legem
467 1108 584 1141 ponent.
603 1117 616 1130 ››
645 1105 821 1141 Hujusmodi
843 1106 975 1133 divinum
999 1107 1044 1132 ta-

222 1151 347 1184 lentum,
365 1152 400 1178 ad
424 1150 570 1185 judicium
587 1153 615 1178 et
644 1150 858 1186 indulgentiam
885 1150 1045 1185 pertinens,

223 1204 274 1232 per
289 1196 364 1232 quod
394 1196 476 1223 vobis
505 1195 633 1222 multum
662 1195 718 1223 erit
732 1195 858 1229 lucrum,
879 1194 987 1230 aliquis
1002 1194 1046 1221 di-

223 1243 311 1275 ceret,
324 1240 631 1276 superimmensumﬁi
645 1239 712 1274 quis
727 1240 902 1275 forlejsuper
916 1239 992 1274 quod
1003 1240 1048 1266 est

223 1285 405 1313 immensum
420 1284 543 1312 inveniri
560 1287 670 1320 posset.

261 1339 304 1366 33.
320 1338 374 1366 Sed
390 1338 461 1366 mihi
477 1338 592 1365 videtur
607 1338 695 1372 quod,
712 1339 744 1365 ut
767 1345 800 1366 ex
815 1337 849 1364 iis
864 1345 927 1373 quis
943 1336 998 1364 sub
1014 1345 1048 1364 o-

225 1383 300 1412 eulis
315 1386 384 1411 sunt
409 1383 618 1418 animadverto,
636 1383 764 1418 plerique
779 1391 883 1410 sumus
903 1381 1048 1410 inhabiles

227 1429 262 1456 ad
272 1428 538 1456 administrandum
550 1427 720 1463 hujusmodi
729 1427 889 1461 bonum,ob
899 1426 1049 1462 pusillani-

227 1473 359 1500 mitatem
375 1481 436 1511 quae
451 1472 535 1500 nobis
550 1472 638 1505 inest,
655 1471 727 1499 alias
741 1474 838 1499 autem
855 1472 890 1499 ob
906 1471 1048 1499 examinis

226 1517 370 1545 defectum
385 1519 413 1544 in
430 1517 641 1549 accidentibus,
658 1525 770 1544 necnon
795 1517 831 1544 ob
852 1516 1048 1552 suspicionem

227 1570 259 1590 ac
276 1561 419 1590 levitatem
434 1571 441 1594 ;
457 1563 578 1588 cunctor
592 1561 668 1588 enim
681 1561 786 1595 dicere,
803 1563 831 1589 et
846 1562 882 1588 ob
898 1561 1046 1588 invidiam.

226 1607 248 1634 Ε
260 1606 369 1634 talibus
386 1606 463 1634 enim
480 1605 657 1641 quibusdam
674 1605 840 1641 plerumque
855 1605 951 1633 causis
963 1605 1049 1641 perfl-

226 1651 304 1679 citur
319 1649 622 1687 prmjudicium,cujus
637 1650 757 1678 effectus
768 1653 813 1678 est
823 1649 1048 1686 implacabilitas

226 1696 255 1723 in
271 1695 312 1723 eis
329 1695 378 1731 qui
394 1703 450 1722 non
466 1694 561 1722 solent
573 1695 662 1722 etiam
678 1695 728 1722 ubi
744 1703 802 1722 non
818 1697 942 1730 oportet,
959 1694 1049 1730 spiri-

226 1739 347 1768 tualiter
365 1739 552 1776 patrocinari,
570 1740 621 1767 sed
646 1748 712 1767 cum
739 1740 846 1767 severis
870 1738 1048 1767 accusatori-

227 1785 281 1812 bus
297 1784 429 1812 inveniri.
446 1783 481 1810 Hi
511 1783 669 1816 crudeliter
691 1784 852 1820 exasperati
882 1783 983 1819 iraque
998 1783 1049 1810 ob-

227 1829 334 1861 caecati,
351 1831 378 1856 et
393 1828 457 1855 ideo
482 1827 558 1855 male
585 1827 726 1861 videntes,
751 1836 809 1855 non
835 1827 930 1855 solum
953 1827 1050 1855 trabes

228 1874 342 1901 curiose
358 1873 515 1908 plusquam
532 1875 645 1908 oportet
658 1872 820 1908 inquirunt,
837 1872 885 1900 sed
909 1872 1007 1906 etiam,
1025 1872 1051 1900 si

228 1926 291 1953 quae
307 1918 379 1944 forte
401 1917 439 1944 sit
455 1916 538 1952 palea
563 1918 699 1950 fraterna,
716 1920 857 1953 tanquam
874 1917 902 1944 in
919 1920 1050 1945 montem

227 1961 411 1996 Olympicum
437 1970 502 1989 eam
517 1965 702 1998 exaggerant.
728 1962 762 1990 Et
777 1962 826 1990 ubi
851 1962 892 1990 sic
903 1962 1049 1998 judicent,

229 2013 297 2034 eum
313 2005 362 2041 qui
376 2006 597 2042 quomodolibet
612 2008 730 2042 propter
754 2006 882 2042 aliquam
899 2015 933 2034 ex
949 2009 1052 2036 natura

228 2050 434 2078 necessitatem
451 2051 538 2086 spuit,
555 2051 696 2086 injuriose
720 2059 881 2087 conspuere
897 2053 1006 2085 tenent,
1023 2054 1053 2080 et

227 2095 278 2131 qui
294 2095 468 2131 simpliciter
483 2095 739 2130 screat,hostiliter
753 2103 878 2130 screare,
893 2095 1052 2124 indiscrete

227 2139 284 2176 ipsi
300 2139 453 2175 judicent;
484 2142 702 2176 unguentorum
726 2141 824 2168 autem
849 2140 1051 2169 inunctionem

228 2193 280 2221 pro
296 2184 370 2212 omni
387 2184 529 2212 effusione
557 2184 677 2212 habent.
693 2184 756 2212 Non
785 2184 921 2213 salutavit
936 2193 989 2213 nos
1004 2185 1052 2214 ille

227 2229 349 2264 quidam
364 2229 511 2257 transiens
525 2238 531 2257 :
548 2237 617 2265 ergo
633 2229 700 2257 fecit
714 2229 865 2265 injuriam,
882 2232 933 2258 aut
948 2230 1052 2258 saltem

228 2275 410 2309 contemptor
423 2276 477 2302 est.
494 2273 613 2301 Obviam
635 2274 740 2308 factus,
757 2282 815 2302 non
831 2274 976 2303 allocutus
995 2278 1050 2310 est,

227 2327 286 2346 non
298 2318 373 2353 risit,
390 2326 442 2346 nec
458 2319 546 2346 etiam
563 2319 706 2347 subrisit:
724 2327 792 2356 ergo
808 2320 893 2347 nobis
914 2319 1053 2348 inimicus
1068 2306 1092 2339 D

229 2367 283 2392 est.
299 2364 377 2392 Talis
390 2364 469 2391 hunc
483 2366 511 2392 et
525 2363 610 2391 illum
626 2364 750 2400 benigne
761 2364 891 2401 suscepit
903 2367 931 2392 et
946 2365 1054 2401 ample-

228 2417 284 2436 xus
300 2411 364 2436 est:
382 2409 474 2436 nostri
485 2417 552 2437 vero
564 2417 620 2436 non
635 2409 785 2437 meminit:
802 2417 870 2445 ergo
881 2409 1053 2444 hujusmodi

228 2453 356 2486 hostilis,
371 2461 423 2481 nec
453 2453 618 2489 hospitalis,
634 2462 687 2482 nec
711 2454 836 2482 affabilis
858 2456 912 2481 est.
928 2454 1052 2485 Quidam

230 2506 247 2524 ιι
258 2497 343 2525 nobis
354 2497 507 2533 paululum
517 2498 645 2526 offensus
654 2501 756 2527 contra
765 2507 816 2526 nos
825 2498 956 2534 loquitur
966 2507 972 2526 :
984 2507 1052 2535 ergo

230 2541 392 2570 maledicus
407 2544 435 2569 et
449 2542 596 2579 litigiosus
610 2545 638 2571 et
657 2543 868 2572 contentiosus.
882 2543 975 2579 Papae
990 2543 1052 2572 heri

229 2595 411 2624 percussusa
423 2587 506 2616 nobis
521 2587 548 2615 in
561 2588 829 2621 maxillam,deinde
842 2588 914 2624 iuga:
925 2588 1051 2623 deditus,

229 2634 257 2660 et
272 2631 358 2660 hodie
373 2634 492 2668 rogatus
508 2635 541 2660 ut
555 2633 704 2661 maxillam
717 2634 810 2660 vertat
824 2632 1052 2667 alteram,retro-

229 2675 306 2706 cedit
322 2679 350 2705 et
366 2677 464 2705 renuit
485 2677 611 2713 praebere
637 2677 772 2705 maxillas
788 2677 822 2705 ad
839 2677 1051 2716 accipiendam,

230 2722 315 2750 nobis
330 2722 538 2758 plaudentibus
562 2724 590 2750 et
618 2721 786 2750 latentibus
816 2730 848 2750 ac
875 2722 1050 2759 ridentibus,

230 2775 365 2795 sonoram
382 2766 516 2803 alapam:
538 2775 605 2803 ergo
621 2766 690 2794 talis
711 2766 798 2795 homo
823 2768 1051 2805 praescriptionis

230 2811 399 2846 evangelica:
413 2814 614 2848 transgressor
629 2813 673 2839 est
688 2819 720 2839 ac
736 2819 848 2840 memor
861 2811 1049 2849 injuriarum.

230 2855 399 2892 Loquimur,
412 2857 440 2884 et
455 2854 555 2884 audit:
571 2862 639 2892 ergo
654 2855 783 2893 dolosas,
799 2858 828 2885 et
841 2856 906 2885 ideo
920 2859 1050 2886 attentus

604 182 812 214 EUSTATHll
836 180 1219 212 THESSALONICENSIS
1243 181 1534 212 METROPOLI'I‘IE

219 259 272 287 pro
283 249 378 284 oculo,
394 250 445 278 sed
471 250 558 278 modo
575 249 677 278 leniori
701 250 809 278 curabo
826 248 961 277 morbum
977 247 1041 283 ejus

1104 245 1162 274 δῦδὶ
1188 244 1330 284 ὀφθαλμὸν
1356 246 1471 285 ὶξορύξω
1500 246 1558 275 ἀντὶ
1589 245 1754 287 ὀφθαλμοῦ
1771 257 1778 264 ·

1879 184 1927 216 608

1810 247 1893 281 ἄλλως
1906 249 1928 279 δὲ

1096 292 1251 328 ἠπιώτερον
1281 291 1438 329 θεραπεύσω
1467 292 1516 326 τήν
1553 292 1640 320 νόσον
1685 294 1740 319 τοῦ
1770 293 1928 331 πταίσαντος,

1098 335 1138 363 ὅτι
1157 334 1228 372 μηδὲ
1246 337 1297 369 τῆς
1321 338 1397 367 σκιᾶς
1420 335 1473 374 ἐγώ
1498 336 1555 373 εἶμι
1579 338 1644 365 καθ’
1673 337 1762 374 ὑμᾶς,
1783 349 1794 363 ³
1821 337 1928 376 ἐσίγησαν

1096 380 1140 408 καὶ
1166 380 1197 408 τὰ
1221 384 1270 411 τῆς
1293 380 1452 419 ἀμηχανίας
1478 381 1561 418 βάρος
1581 382 1634 409 ὅσα
1666 381 1718 409 καὶ
1748 380 1828 414 λίθος
1850 383 1929 424 teri-fer,

1098 425 1138 452 ἐπ’
1167 425 1277 456 αὐτούς.
1307 425 1356 452 Καὶ
1387 424 1446 453 ἰδοὺ
1485 426 1549 462 ὑμῖν
1588 426 1676 458 λίθος
1716 426 1801 458 οὗτος
1829 428 1932 467 Etiam;-

1098 469 1172 504 λίου,
1212 469 1303 508 6αρῥῶ
1333 468 1362 497 δὲ
1397 469 1477 509 φάναι
1515 469 1663 508 ἀσφαλῶς,
1707 471 1760 498 καὶ
1799 472 1931 512 μάργαρος,

1068 513 1245 552 εὐαγγελικὺν
1274 513 1464 552 πολυτίμητον
1496 514 1534 546 εἰς
1563 514 1786 553 κερδαλεότητα
1812 516 1933 556 ἐμπορεῦ-

1136 612 1190 651 λβ’.
1206 613 1256 641 Ἦν
1272 611 1301 640 δέ
1327 612 1378 651 ἄρα
1403 613 1515 646 ίνταῦθα
1538 614 1569 642 τὸ
1594 615 1752 651 νικητικὸν
1777 617 1828 643 τοῦ
1851 619 1931 652 Σωτῆ.

1101 668 1147 696 ρος
1171 657 1341 695 ὶπιχείρημα
1363 659 1437 686 κατὰ·
1454 661 1508 687 τῶν
1533 659 1684 697 αὖστηρῶν
1714 659 1831 688 ἐκείνων
1847 664 1930 698 κριτῶν

1100 701 1129 729 ix
1141 704 1190 730 τοῦ
1208 702 1343 739 μείζονος.
1358 715 1372 728 ‹‹
1389 702 1492 741 Εἴγὰρ,
1511 715 1525 729 ››
1547 715 1640 743 φησιν,
1661 717 1678 730 ι(
1705 703 1768 742 ἐγὼ
1794 705 1808 732 ὁ
1826 705 1931 741 ἀναμάρ-

1098 757 1181 782 τητος
1211 746 1240 774 οὐ
1273 746 1369 784 βάλλω
1399 747 1476 780 λίθον
1505 749 1573 776 κατὰ
1600 749 1653 783 τὴς
1678 749 1868 787 ἁμαρτωλοῦ,
1887 749 1933 777 οὐδ’

1100 789 1150 829 ἄρα
1168 792 1244 827 ὑμεῖς
1274 791 1319 818 καὶ
1342 792 1367 819 οἱ
1396 793 1456 824 καθ’
1488 793 1566 829 ὑμᾶς.
1593 793 1619 820 οἱ
1644 792 1776 830 μηδένες
1803 795 1870 831 πρὸς
1894 794 1931 830 ἐμὲ

1099 834 1144 862 διὰ
1158 835 1188 862 τὸ
1203 835 1229 862 ἐν
1258 835 1321 872 ὑμῖν
1347 835 1512 874 ἐφάμαρτον,
1539 839 1672 873 ποιήσετε
1698 838 1735 866 τὸ
1752 838 1781 865 ἦν
1797 837 1881 877 ἰφὲσει
1895 838 1928 866 λί-

1099 881 1212 916 Οασμα·
1247 882 1488 918 συγγνωμονήσετε
1523 880 1551 910 δὲ
1580 881 1719 918 δηλονότι
1764 881 1929 918 εὖεπηϐόλως

1097 924 1166 951 κατὰ
1179 923 1323 962 διάκρισιν,
1354 925 1391 956 ὡς
1414 927 1460 953 νῦν
1491 927 1538 962 μὶν
1569 926 1623 964 ἐγὼ
1651 927 1743 958 αὐτὰς
1765 927 1930 965 ὀφθαλμοοι-

1096 971 1151 1001 νῶς
1174 968 1288 997 ἐνώπιον
1315 969 1390 1006 ὑμῶν
1419 970 1593 1009 κατάρχομαι
1624 971 1812 1010 νομοδοτεῖν,
1842 982 1926 1009 σαρκο-

1098 1013 1181 1051 φόρος
1198 1011 1245 1048 ὤν,
1263 1015 1276 1041 ὁ
1299 1014 1343 1041 καὶ
1370 1014 1395 1050 ἐξ
1420 1015 1518 1047 αἰῶνος
1539 1015 1622 1053 ταύτῃ
1645 1017 1805 1055 χρώμενος
1830 1016 1870 1043 ἐπὶ
1886 1027 1926 1043 σω.

1097 1058 1182 1097 τηφίᾳ
1196 1060 1273 1095 κοινῇ
1292 1068 1298 1075 '
1323 1059 1348 1086 οἱ
1373 1058 1403 1086 δὲ
1426 1058 1488 1096 ἐμοὶ
1513 1060 1663 1089 ἀπόστολοι
1694 1062 1745 1089 καί
1761 1062 1875 1099 κήρυκες
1888 1061 1924 1088 ἀπ’

1100 1103 1169 1140 ἐμοῦ
1192 1102 1321 1136 λάϐόντες
1343 1106 1569 1142 νομοθετήσουσι,
1587 1118 1601 1132 ››
1627 1109 1764 1134 τοιοῦτον
1795 1106 1840 1134 καὶ
1858 1109 1923 1134 τοῦτο

1100 1150 1171 1176 θεῖον
1195 1148 1335 1184 τάλαντον,
1362 1150 1393 1177 τὸ
1422 1150 1489 1178 κατὰ
1518 1149 1650 1189 διάκρισιν
1681 1152 1733 1179 καὶ
1763 1151 1922 1190 συγγνώμην,

1102 1192 1137 1221 δι’
1150 1194 1181 1221 οὗ
1196 1193 1271 1222 πολὺ
1285 1194 1316 1222 τὸ
1331 1193 1426 1231 κίρδος
1451 1195 1514 1233 ὑμῖν
1540 1193 1623 1232 ἔσται,
1650 1196 1729 1224 animi
1747 1196 1774 1224 δ’
1789 1197 1820 1224 ἄν
1834 1207 1883 1231 τιςι
1896 1196 1925 1227 ὡς

1100 1239 1145 1268 καὶ
1175 1239 1366 1276 ὑπεράπειρον,
1399 1238 1425 1266 εἷ’
1457 1239 1484 1266 τί
1518 1251 1571 1268 που
1610 1238 1665 1269 ἔστι
1709 1240 1920 1279 Λογιστειῖσασθειι

1104 1285 1170 1322 ὑπὲρ
1185 1285 1216 1312 τὸ
1233 1284 1351 1322 ἄπειρον.

1138 1337 1189 1375 λγ.
1206 1336 1293 1366 Ἀλλᾶ
1309 1335 1381 1365 δοκῶ
1397 1348 1455 1374 μοι,
1481 1339 1528 1376 ὡς,
1554 1338 1583 1373 ἐξ
1606 1340 1644 1367 ὧν
1669 1338 1789 1377 βλέπων
1802 1340 1920 1375 κατανοῶ,

1103 1381 1213 1420 ἅτεχνοί
1230 1381 1309 1418 ἐσμεν
1333 1382 1359 1409 οἱ
1383 1382 1486 1410 πολλοὶ
1514 1386 1727 1421 μεταχειζεσθαι
1755 1384 1788 1412 τὸ
1813 1386 1919 1411 τοιοῦτον

1102 1426 1185 1454 καλὸν
1211 1425 1255 1454 διὰ
1281 1427 1465 1465 μικροψυχίαν
1487 1428 1538 1462 τὴν
1563 1427 1589 1455 ὲν
1613 1430 1694 1466 ἡμῖν,
1721 1426 1781 1457 ἔστι
1799 1427 1826 1456 ὃὲ
1841 1428 1870 1456 οὗ
1885 1427 1920 1455 καὶ

1104 1470 1148 1499 διὰ
1162 1472 1193 1499 τὸ
1210 1470 1235 1498 ἐν
1248 1473 1306 1502 τοῖς
1337 1471 1535 1508 συμπίπτουσιν
1557 1472 1746 1508 ἀνεξέταστον,
1772 1473 1803 1501 οὗ
1828 1473 1876 1510 μὴν
1899 1471 1920 1499 δὲ

1102 1515 1234 1544 ἀλλὰκαὶ
1251 1514 1294 1543 διὰ
1315 1516 1346 1543 τὸ
1370 1515 1547 1554 καχύποπτον
1571 1517 1616 1544 καὶ
1642 1517 1774 1557 ἐλαθρὸν,
1800 1517 1868 1545 ὀκνῶ
1879 1511 1922 1554 γάρ

1103 1561 1198 1595 εἰπεῖν,
1225 1561 1262 1591 ὡς
1287 1560 1331 1588 καὶ
1357 1559 1401 1588 διὰ
1426 1561 1457 1588 τὸ
1480 1562 1619 1600 φθονερόν.
1648 1563 1695 1591 Ἐκ
1722 1562 1855 1591 τοιούτων
1877 1561 1919 1598 γάρ

1101 1616 1182 1634 τινων
1199 1605 1237 1637 ὡς
1262 1606 1295 1633 τά
1318 1604 1411 1633 πολλά
1435 1605 1531 1634 αἲτιῶν
1555 1606 1731 1635 ἀποτελεῖται
1757 1608 1789 1635 τὸ
1813 1606 1918 1643 ἀδιάκρι-

1103 1661 1159 1684 τον,
1189 1649 1220 1677 οὗ
1244 1649 1417 1688 ἆποτέλεσμα
1439 1651 1471 1678 τὸ
1498 1650 1689 1690 ἀσύγγνωστον
1716 1654 1794 1690 παρά
1820 1662 1849 1690 γε
1873 1652 1918 1680 1074

1105 1695 1143 1732 μὴ
1168 1695 1298 1734 πεφυκόσι
1322 1696 1367 1723 καὶ
1391 1699 1562 1734 συνηγορεῖν,
1588 1694 1651 1728 ἔνθα
1674 1697 1713 1734 μή
1736 1698 1918 1736 χρεὼνμινευ-

1105 1742 1237 1776 ματικῶς,
1267 1739 1329 1767 ἀλλ’
1359 1739 1384 1768 ἐν
1424 1740 1574 1777 ἀποτόμοις
1607 1742 1774 1780 κατηγόροις
1805 1741 1843 1769 ἀεὶ
1869 1740 1917 1767 τάτ-

1103 1790 1193 1816 τεσθαι
1211 1794 1218 1800 ⁸
1250 1785 1276 1811 οἳ
1301 1783 1395 1815 δεινῶς
1417 1784 1670 1823 ἐμπικραινόμενοι,
1695 1787 1743 1814 καὶ
1766 1788 1844 1823 Θυμῷ
1869 1794 1918 1812 σκο-

1103 1829 1242 1866 τούμενοι,
1258 1829 1303 1856 καὶ
1324 1829 1394 1856 οὕτω
1417 1827 1522 1868 παραϐ)
1531 1831 1651 1866 ἑποντες,
1678 1831 1710 1859 οὐ
1737 1831 1820 1869 μόνον
1836 1828 1916 1858 δοκοὺς

1104 1873 1188 1901 πλέον
1216 1875 1265 1901 τοῦ
1290 1872 1396 1905 δέοντος
1420 1875 1653 1913 περιεργάζονται,
1679 1875 1754 1904 ἀλλά
1776 1875 1831 1909 καὶ,
1854 1872 1878 1901 εἴ
1897 1871 1917 1898 τί

1104 1929 1157 1946 που
1186 1918 1288 1956 κάρφος
1313 1917 1471 1956 ἀδελφικὸν,
1497 1919 1533 1951 ὡς
1554 1919 1592 1951 εἲς
1608 1917 1671 1958 ὅρος
1688 1920 1814 1959 ὀγχοῦσιν
1830 1917 1915 1953 Ὀλύμ-

1105 1973 1178 1991 πιον.
1195 1963 1244 1990 Καί
1259 1973 1311 1990 που
1334 1962 1410 2000 δοξαν
1436 1963 1518 2000 οὕτω,
1538 1965 1583 1992 τὸν
1610 1965 1657 2002 μὲν
1673 1965 1799 1994 ὁπωσοῦν
1815 1963 1916 1992 πτύοντα

1105 2008 1173 2035 κατά
1201 2018 1228 2035 τι
1257 2007 1441 2046 ἐπαναγκάζον
1469 2008 1500 2036 ἐκ
1534 2009 1639 2047 φύει·εῶς
1668 2009 1822 2048 λογίζονται
1847 2015 1915 2036 κατα-

1105 2052 1198 2080 πτύειν
1227 2050 1434 2092 ἔφυϐριστικῶς,
1462 2054 1508 2081 τὸν
1549 2053 1576 2082 δὲ
1610 2054 1706 2087 ἁπλῶς
1736 2053 1914 2095 χρεμψάμενογ

1105 2098 1371 2135 καταχρίμπτεσθαι,
1396 2096 1560 2136 ἀδιακρίτως
1581 2099 1658 2127 αὐτοὶ
1677 2093 1815 2139 κρίνοντες
1831 2108 1836 2115 -
1854 2096 1880 2123 τὸ
1893 2093 1914 2121 δὲ

1105 2141 1352 2176 καταπαλάζεσθαι
1382 2145 1506 2175 στακτοῖς
1533 2143 1631 2182 μύροις
1658 2138 1700 2176 εἰς
1721 2142 1854 2183 βορϐόρου
1868 2138 1915 2167 ἐπί-

1106 2196 1186 2224 χυσιν
1200 2185 1327 2218 τίθενται.
1356 2186 1395 2215 Οὐ
1419 2188 1619 2226 προσεκόνησεν
1644 2190 1722 2226 ἡμᾶς
1745 2190 1760 2216 ὁ
1781 2187 1848 2216 δεῖνα
1859 2193 1912 2220 παρ-

1107 2230 1279 2268 ερχόμενος·
1309 2228 1417 2270 ῧϐρισεν
1448 2231 1509 2269 ἄρα,
1538 2231 1557 2267 ἤ
1593 2232 1666 2261 ἀλλά
1693 2230 1912 2273 καταφρονητιιιῷς

1108 2274 1249 2304 διάκειται.
1280 2277 1459 2312 Συνηντηκὼς
1488 2277 1519 2305 οὐ
1551 2272 1776 2317 προσεφθέγξατο(
1799 2277 1843 2305 οὐκ
1864 2272 1910 2310 ἐγέ-

1108 2320 1199 2355 λασεν,
1228 2319 1291 2348 οὐδὲ
1316 2323 1380 2359 γοῦν
1421 2320 1573 2358 ἐμειδίασεν
1590 2331 1597 2340 '
1642 2323 1741 2361 ἐχθρὸς
1780 2323 1827 2362 ἄρα
1856 2316 1910 2346 ἐστὶν

1108 2366 1188 2402 ἡμῖν.
1209 2366 1237 2392 Ὀ
1267 2364 1340 2393 δεῖνα
1363 2364 1441 2394 τόνδε
1464 2366 1509 2394 καὶ
1533 2366 1634 2394 ἐκεῖνον
1662 2366 1912 2407 φιλοφρονησάμενοέ

1107 2409 1153 2437 καὶ
1170 2409 1377 2446 δεξιωσάμενος,
1404 2412 1484 2448 ἡμῶν
1510 2410 1559 2439 οὐκ
1581 2405 1742 2449 ἐμνήσατολ
1772 2410 1860 2452 ἄφιλος
1871 2405 1910 2444 ἄρα

1108 2455 1122 2481 ὁ
1138 2456 1262 2485 τοιοῦτος
1278 2455 1323 2482 καὶ
1338 2454 1428 2490 ἄξενος
1454 2455 1499 2483 καὶ
1524 2457 1576 2484 οὐκ
1599 2456 1800 2492 εὖυπόλητιτος.
1813 2456 1840 2484 '0
1854 2452 1911 2480 δεῖνα

1108 2499 1200 2537 ἠρέμα
1227 2499 1290 2536 παρ’
1318 2500 1397 2537 ἡμῶν
1425 2498 1602 2539 ὑϐριζόμενος
1627 2501 1787 2530 ἆντιλαλεῖ·
1813 2497 1901 2539 βλάσφη

1111 2554 1162 2581 μος
1187 2544 1238 2582 ἄρα
1275 2543 1329 2573 ἐστί
1358 2544 1403 2573 καὶ
1441 2545 1604 2583 ἐριθευτικὸς
1637 2547 1683 2575 καὶ
1711 2539 1912 2587 φιλόνεικοςξθ

1108 2591 1199 2621 παπᾶς
1211 2589 1320 2629 τυφθεὶς
1336 2591 1399 2627 παρ’
1421 2591 1502 2627 ἡμῶν
1530 2589 1645 2630 ἔναγχος
1668 2585 1722 2628 τὴν.
1741 2590 1856 2631 παρειὰν,
1868 2585 1910 2631 alii

1108 2632 1332 2676 ἐκδραμὼνηκαῖ
1357 2636 1477 2673 σήμερον
1501 2628 1702 2675 ἀπαιτοόμενος
1729 2628 1786 2664 καὶν
1802 2635 1845 2669 τήν
1866 2628 1911 2658 ἒτέ¹

1108 2689 1156 2717 ραν
1186 2674 1308 2718 στρέψαι¹
1334 2680 1384 2707 ἀνά
1412 2678 1483 2714 πὸδα
1517 2674 1627 2719 χωρεῖς
1658 2681 1745 2709 ὀκνῶν
1776 2681 1850 2720 φυσᾷν
1872 2674 1908 2720 τὰς

1105 2716 1223 2761 γνάθους.
1249 2723 1288 2756 εἰς
1321 2723 1462 2762 ὑποδοχὴν
1495 2716 1647 2763 ψὸὶρῶδόυς
1680 2716 1852 2764 ῥαπίσματος,
1875 2716 1909 2747 illi

1105 2768 1195 2806 κρότῳ
1223 2768 1418 2808 καῖ’ἡμετὲρᾳ
1441 2767 1514 2808 χαρᾷ
1543 2770 1588 2798 καὶ
1617 2769 1718 2810 γέλωτι
1736 2780 1742 2786 ·
1773 2764 1906 2810 παραϐάτης

1106 2811 1158 2850 ἄρα
1184 2816 1236 2848 τῆς
1259 2812 1436 2852 εὐαῃελικῆς
1464 2807 1650 2853 παραγγελίας
1674 2816 1688 2844 ὁ
1715 2807 1850 2855 ἄνθρωπος
1873 2807 1907 2855 καί

1107 2857 1286 2894 μνησίκακος.
1309 2850 1464 2898 λαλοῦμεν,
1491 2850 1651 2889 καὶ-ἀκούει
1669 2870 1676 2878 ι
1700 2850 1793 2892 δόλιος
1802 2858 1858 2897 ἄρα,
1872 2850 1907 2882 καί
