2030 3167
102 166 164 198 609

612 161 653 192 lN
674 160 706 191 S'.
730 159 1069 196 QUADRAGESIMAM
1094 160 1239 191 ORATIO
1261 160 1301 191 ΙΙ.

1749 161 1810 191 610

104 230 150 260 διὰ
173 231 255 260 τοῦτο
283 239 472 268 προσεκτικος.
503 228 696 266 Ἐγχειροῦμεν
727 226 842 262 ζημιοῦν
871 225 931 254 Έκ-

999 226 1146 254 ῧοοιθεὶοω
1158 226 1261 255 laedere
1271 234 1414 255 conamur
1423 227 1660 264 (supponendum
1671 230 1716 257 est
1724 229 1770 257 eni
1780 236 1808 256 ιη

99 276 217 312 κλησίαν
235 275 334 312 (θετέον
350 274 400 313 γὰρ
416 273 487 302 οὕτω
503 273 611 309 εἰπεῖν),
626 272 640 299 ὁ
666 270 694 298 δὲ
718 271 858 308 ἀντέχεται
881 271 924 298 καὶ

101 322 263 354 ἆνθίσταται-
291 319 353 355 ὀξὺς
375 320 426 356 ἄρα
448 318 492 346 καὶ
517 315 702 356 ἀφιλάδελφος
726 315 770 343 καὶ
794 313 856 343 οὐδὲ
885 314 926 343 εὖ-

102 365 248 404 αγγελικός
273 365 361 392 ἔστιν.
385 364 420 391 Ἥ
445 363 498 400 γὰρ
523 362 553 389 ἂν
578 363 617 398 τῷ
643 360 751 393 θέλοντι
774 358 867 388 λαϐεῖν
895 359 927 387 τὸ

103 411 188 439 αὐτοῦ
203 410 312 446 ἱμάτιον
336 408 382 436 καὶ
406 408 451 435 τὸν
472 409 578 444 χιτῶνα
600 404 833 444 προσαπεδύσατο.
856 405 928 433 Κιθ-

105 455 198 492 ίζομεν
224 454 337 491 λόχους·
368 453 383 480 ὁ
412 451 441 480 δὲ
469 453 619 490 προορᾶται
647 449 756 485 αὐτοὺς,
784 450 827 477 καὶ
857 449 927 477 οὕτω

102 499 281 539 διαφυγγάνει
296 498 343 525 τὸν
359 495 483 534 ὄλεθρον.
515 495 656 534 Περίεργος
679 494 730 533 ἄρα
753 495 798 522 καὶ
823 504 928 532 περινε-

102 545 242 581 νοημὲνος
264 542 345 570 ἐστίν.
371 541 566 578 Ἀπιιλοῦμεν,
595 539 858 578 μορμολυττόμεϐα,
885 539 928 567 ἐκ-

103 587 256 628 φοϐοῦμεν·
285 588 299 615 ὁ
316 585 344 614 δὲ
359 588 527 625 περιφρονεῖ,
543 584 588 612 καί
609 595 666 628 που,
685 584 731 612 καὶ
759 582 928 628 ἀνταπειλεῖ-

104 627 162 662 ται.
191 631 295 671 Θρασὺς
325 632 376 670 ἄρα
404 630 469 659 ἐστί.
494 627 748 666 Κατατοξαζόμεθα,
778 627 929 666 σφενδονῶ-

108 689 168 716 μεν,
184 677 331 715 ἐπαφίεμεν
345 676 471 714 αἲγανὲας
485 675 531 703 καὶ
547 674 659 713 δόρατα·
681 675 695 702 ὁ
715 673 744 701 δὲ
766 674 812 701 καὶ
841 674 930 711 θωρα-

104 723 219 758 κίζεται,
247 722 292 750 καί
319 732 372 749 που
400 721 446 748 καὶ
479 720 626 757 σύμμαχον
654 718 833 756 προκαλεῖταί
861 728 931 746 τινα.

104 767 268 805 Τολμητίας
285 767 336 804 ἄρα
352 765 407 793 ἐστὶ
421 765 467 793 καὶ
480 762 835 802 ὀχληρός.Δικαιολογεῖται
852 773 932 790 συκο-

107 812 293 853 φαντούμενος
304 821 311 828 ⁸
337 809 510 848 ἀντιλογικὸς
534 808 585 846 ἄρα
612 808 681 836 ἐστίν
693 829 700 836 .
729 808 931 853 ’Δστργάπτομεν

107 852 167 885 κατ’
181 856 274 884 αὐτοῦ·
291 857 305 883 ὁ
322 854 350 883 δὲ
367 855 442 892 μύων
456 854 519 885 τοὺς
536 852 696 892 ὀφθαλμοὺς
718 853 749 880 οὐ
774 852 932 888 δεδίττεται,

109 902 183 930 ἀλλὰ
204 901 249 929 καὶ
277 901 345 937 μετὰ
371 901 420 934 τὴν
449 899 588 935 ἀστραπὴν
618 898 775 935 μηχανᾶταί
802 908 828 925 τι
855 897 934 927 αὐτὸς

109 948 266 984 θεράπευμα
280 944 378 982 ὅψεως·
396 943 575 981 μελιτητικὸς
591 943 642 978 ἄρα
657 942 712 970 ἐστὶ
722 942 767 970 καὶ
783 941 936 972 σκεπτικός.

111 991 232 1020 Ἀκούων
250 989 324 1017 δεινά
339 988 486 1022 πολλάκις,
507 987 614 1015 ’ίσταται
636 987 716 1019 ἐνεός·
742 986 862 1018 ὕπουλος
888 986 939 1023 ἄρα

111 1035 168 1063 ἐστὶ
183 1035 228 1062 καὶ
243 1032 410 1070 ὲνόόμυχος.

149 1086 201 1114 λδ’.
218 1085 247 1114 Τί
271 1096 347 1125 φατε,
372 1084 395 1112 ὦ
418 1087 538 1112 τοιοῦτοι
562 1083 670 1122 κριταί;
696 1084 753 1113 Οὐκ
776 1083 877 1120 οἷ’δατς,
903 1084 940 1115 ὡς

112 1130 257 1166 ἀδιάκριτά
270 1130 327 1158 ἐστι
350 1132 434 1158 ταῦτα
461 1129 555 1163 πάντα,
580 1129 624 1156 καὶ
648 1128 784 1165 λογισμοῦ
807 1128 940 1156 ἀσκίπτου

109 1175 339 1213 γνωματεύματα,
356 1175 381 1201 ἰν
412 1175 452 1206 οἷς
477 1173 591 1210 οὐδεμία
619 1173 675 1200 ἐστὶ
702 1175 804 1211 γνῶσις
833 1173 941 1208 ἐπιστη-

114 1220 309 1256 μονική.¹¹Αγε
324 1218 369 1253 δὴ,
398 1218 527 1256 ἐρωτήσω
557 1217 632 1251 τοὺς,
661 1218 698 1249 ὡς
724 1217 840 1255 εἷ’ρηται,
868 1228 941 1254 γνω-

115 1263 328 1301 ματευομὲνους·
367 1263 426 1296 καὶ,
467 1262 491 1289 si’
529 1260 665 1297 δύνανται,
705 1262 940 1299 ἀποκριθήτωσαν,

113 1308 159 1336 καὶ
192 1306 395 1334 ἀθωωσάτωσαν
421 1309 489 1344 σφᾶς
515 1306 623 1342 αὐτοὺς,
655 1306 695 1345 ἐφ’
720 1307 753 1340 ἧς
773 1305 941 1341 ἀδιακρισίας

116 1351 288 1380 ἁλίσκονται.
305 1351 406 1387 Ἔστιν,
436 1351 459 1378 ὦ
482 1350 602 1388 χρηστοὶ
625 1351 674 1384 τὴν
690 1350 789 1387 κρίσιν,
818 1350 867 1377 εἰτ’
894 1350 941 1377 οὖν

118 1396 288 1434 κατάκρισιν,
317 1394 495 1423 ἀποκωλῦσαι
522 1395 572 1429 τὴν
602 1394 680 1433 φύσιν
706 1396 754 1422 τοῦ
785 1396 823 1431 μὴ
852 1397 943 1422 ποιεῖν

122 1442 169 1469 τὸν
184 1440 327 1479 ἄνθρωπον
349 1440 367 1475 ἢ
390 1439 483 1468 πτύειν
512 1439 529 1474 ἢ
560 1439 764 1477 χρίμπτεσθαι;
796 1440 826 1467 Εἰ
854 1438 883 1467 δὲ
911 1439 943 1466 σὺ

119 1486 189 1514 κατά
204 1487 251 1513 σοῦ
265 1485 297 1513 τὸ
311 1484 408 1518 πάθος,
439 1483 462 1511 ὦ
491 1483 578 1519 οὗτος,
593 1484 714 1522 γίνεσθαι
736 1483 848 1522 κρίνεις,
863 1483 944 1511 τοῦτό

121 1530 179 1558 ἐστι
193 1530 225 1558 τὸ
238 1529 312 1566 παρὰ
337 1529 379 1556 σοὶ
401 1527 568 1566 ἀδιάκριτον,
598 1529 687 1566 ὥσπερ
711 1529 756 1556 καὶ
776 1529 807 1556 τὸ
838 1528 946 1566 μυρίζε-

116 1576 178 1603 σθαι
194 1574 241 1611 μὶν
266 1573 310 1601 διά
336 1583 420 1607 τινος,
451 1572 540 1601 δοκεῖν
567 1572 596 1600 δὶ
621 1571 747 1611 βορϐόρῳ
775 1573 943 1611 χραίνεσθαι,

113 1620 160 1648 καὶ
177 1620 208 1647 τὸ
226 1619 264 1656 μή
289 1620 498 1656 προσκυνεῖσθαι
523 1618 570 1655 μὲν
594 1618 664 1656 πρός
684 1628 758 1650 τινος
781 1618 943 1646 ἁπλοῖκευο-

120 1663 217 1701 μένου,
232 1662 360 1700 ἐγκρίνειν
386 1661 415 1690 δὶ
429 1661 493 1690 αὗτὸ
517 1662 554 1693 εἰς
580 1660 658 1700 ὕϐριν
681 1663 727 1690 καὶ
753 1662 887 1700 παίγνιον.
913 1661 946 1691 Τί

121 1707 154 1736 δὲ
183 1707 256 1735 ἀλλά
284 1707 388 1744 ἀνάγκη
412 1709 453 1743 τῷ
480 1706 616 1745 ἀνθρώπῳ
644 1705 760 1744 ἔγκειταί
775 1708 855 1735 ποθεν
883 1707 946 1738 τοὺς

120 1755 311 1783 συναντῶντας
327 1752 386 1787 ιὶκῆ
413 1752 458 1779 καὶ
485 1751 572 1788 μάτην
599 1751 767 1790 προσλαλεῖν
792 1751 837 1779 καὶ
863 1762 948 1789 προσ-

120 1796 206 1835 γελᾷν
223 1794 337 1833 ἄκαιρας
355 1797 386 1824 '0
402 1794 432 1823 δὲ
455 1794 527 1832 δώτῃ
550 1795 597 1832 μὲν
627 1795 729 1830 διδοὺς,
759 1795 849 1833 ἀδώτῃ
865 1795 894 1824 δὲ
911 1796 948 1832 μή

121 1840 229 1875 διδοὺς,
247 1838 307 1878 ἔχοι
323 1840 354 1867 ἃν
379 1846 460 1872 ποθεν
482 1841 565 1878 ψόγον
592 1839 707 1876 δίκαιον,
728 1840 759 1869 οὐ
776 1841 882 1877 μενοῦν,
909 1840 950 1868 εί-

122 1896 176 1923 περ
194 1884 362 1923 εὐδιάκριτον
376 1883 434 1923 ἔχει
450 1884 618 1922 διαγνώμην.
635 1885 759 1913 Μάλιστα
776 1886 823 1922 μὲν
844 1884 889 1913 οὖν
905 1885 950 1913 καὶ

123 1929 220 1961 διδούς
233 1940 276 1961 τις
291 1930 398 1964 ἁπλῶς,
414 1929 459 1957 καὶ
475 1930 512 1961 ὡς
529 1927 619 1968 ἔτυχε,
644 1929 789 1968 γελασθείη
814 1930 857 1964 ἃν,
880 1930 917 1961 ὡς
931 1930 948 1964 ἦ

121 1975 199 2013 παρὰ
212 1975 242 2002 τὸ
258 1973 317 2002 δέον
334 1974 494 2012 φιλότιμος,
511 1973 529 2008 ἢ
550 1975 786 2012 μεταχειριστικὸς
801 1975 846 2002 καὶ
862 1985 950 2012 πραγ-

125 2019 308 2057 ματευτικός.
336 2018 386 2049 Τίς
410 2017 439 2045 δὲ
471 2016 648 2056 ὑϐριζόμενος
678 2019 711 2046 οὐ
740 2018 856 2054 λαλήσει
884 2019 952 2056 πρὸς

118 2063 318 2104 σωφροσύνην,
338 2063 382 2091 ἐὰν
399 2064 487 2102 φρονῇ
501 2073 507 2098 ;

163 2207 210 2236 λε’.
229 2205 319 2235 Ἀλλὰ
334 2206 389 2244 χρὴ
415 2204 522 2236 πάντως
550 2205 694 2243 ἀνέχεσθαι
717 2206 760 2233 καὶ
778 2208 881 2242 σιωπᾷν
909 2207 955 2234 τὸν

982 272 1022 300 ita
1034 270 1136 308 loqui),
1168 271 1216 299 ille
1241 280 1308 300 vero
1333 272 1449 300 obsistit
1467 274 1495 300 et
1523 273 1715 301 adversatur:
1739 281 1808 310 ergo

981 316 1138 351 violentus,
1163 322 1191 344 et
1216 317 1339 344 fratrum
1366 325 1422 345 non
1449 319 1572 352 amator,
1601 320 1630 346 et
1653 318 1808 354 Evangelio

982 361 1145 389 contrarius
1157 363 1209 389 est.
1228 361 1318 390 Aliter
1333 362 1411 389 enim
1428 362 1537 389 volenti
1556 370 1657 398 rapere
1684 363 1807 398 pallium

982 405 1087 441 ipsius,
1099 414 1207 434 exuens
1224 414 1339 442 quoque
1355 406 1496 441 tunicam,
1523 407 1647 435 cederet.
1679 408 1804 436 Insidias

983 451 1132 487 ponimus,
1150 451 1211 487 ipse
1227 459 1292 479 vero
1305 451 1443 487 praevidet
1458 460 1507 479 eas
1522 454 1548 479 et
1565 452 1606 479 ita
1622 452 1696 488 fugit
1707 452 1806 479 interi-

983 497 1071 523 tum:
1090 503 1158 531 ergo
1184 496 1316 523 curiosus
1333 498 1359 524 et
1373 496 1464 524 nimis
1493 497 1725 532 circumspectus
1754 498 1811 524 est.

985 541 1145 573 Minamus,
1165 540 1408 576 expavel‘acimus,
1438 541 1634 569 terriﬁcamus
1653 541 1723 575 ;ille
1745 549 1812 569 vero

984 585 1109 622 despicit
1124 587 1174 613 aut
1188 586 1260 614 forte
1276 586 1371 614 minas
1384 586 1472 614 minis
1498 586 1628 623 opponit:
1646 594 1714 623 ergo
1729 586 1807 614 ferox

985 632 1038 658 est.
1053 632 1162 658 Areum
1173 630 1334 666 tendimus,
1352 631 1473 658 fundam
1491 630 1810 667 torquemusgaculum

986 677 1015 703 et
1029 674 1166 711 sagittam
1183 675 1366 711 projicimus,
1378 675 1440 712 ipse
1456 684 1523 704 vero
1552 675 1685 703 throrace
1715 675 1813 703 muni-

985 722 1035 748 tur
1045 722 1074 747 et
1089 719 1162 747 forte
1178 721 1335 756 quemdam
1352 721 1473 748 advocat
1484 720 1698 748 uuxilliatorem
1711 729 1718 749 :
1742 728 1811 756 ergo

987 765 1083 792 audax
1095 772 1127 792 ac
1139 764 1460 793 turbulentus.Judicio
1474 765 1623 793 contendit
1632 765 1812 793 calumniam

987 817 1112 845 passus:
1138 817 1207 845 ergo
1240 809 1436 838 contradictor
1456 811 1511 838 est.
1541 809 1737 846 Fulguramus
1761 809 1813 837 ad-

987 862 1089 882 versus
1103 853 1187 882 illum
1204 862 1211 882 :
1228 853 1366 882 ille.vero
1388 854 1529 882 claudens
1548 855 1649 882 oculos
1674 863 1731 882 non
1752 857 1815 882 ter-

990 902 1078 932 retur,
1108 899 1158 926 sed
1180 901 1209 926 et
1237 901 1303 934 post
1328 900 1555 935 fulgurntionem
1600 899 1714 927 invenit
1751 899 1815 935 ipse

991 943 1140 979 quoddam
1157 943 1321 971 remedium
1337 944 1417 972 visus
1431 952 1437 972 :
1454 952 1522 980 ergo
1537 944 1767 972 meditabundus
1783 945 1812 971 et

993 987 1189 1023 speculativus
1205 989 1341 1024 sst.Swps
1356 989 1430 1016 dura
1445 989 1686 1024 audiens,mutus
1702 996 1815 1024 perma-

993 1034 1123 1067 net:ergo
1139 1032 1284 1060 subdolus
1299 1035 1345 1060 est
1360 1035 1448 1068 atque
1463 1033 1680 1061 dissimulatus.

1030 1086 1074 1112 34.
1092 1085 1166 1117 Quid
1184 1085 1292 1119 dicitis,
1304 1085 1677 1122 hujusmodijudicesi’Non
1701 1085 1819 1122 videtis,

995 1131 1071 1165 quod
1085 1130 1245 1158 indiscreta
1274 1133 1343 1158 sunt
1375 1131 1436 1158 haec
1459 1131 1568 1164 omnia,
1595 1131 1814 1167 temerariaeque

996 1175 1180 1210 cogitationis
1196 1175 1358 1210 sententias,
1374 1175 1403 1202 in
1428 1176 1538 1210 quibus
1553 1175 1635 1203 nulla
1667 1178 1711 1203 est
1734 1176 1820 1211 juxta

995 1218 1148 1247 scientiam
1166 1219 1303 1255 cognitio.
1329 1222 1389 1255 Age
1414 1228 1492 1255 ergo,
1518 1219 1705 1255 interrogabo
1734 1220 1818 1252 istos,

996 1265 1029 1290 ut
1044 1263 1162 1297 dicitur,
1183 1264 1401 1291 sententiosos.
1428 1266 1465 1299 et,
1492 1264 1516 1292 si
1542 1266 1677 1300 possunt,
1700 1272 1819 1299 respon-

997 1308 1095 1342 deant,
1113 1309 1140 1335 ct
1155 1307 1191 1335 ab
1207 1307 1496 1343 indiscretojudicio,
1513 1317 1570 1344 quo
1594 1308 1818 1341 convincuntur,

997 1360 1028 1380 se
1044 1352 1177 1379 liberent.
1194 1352 1356 1388 Numquid,
1373 1361 1388 1379 ο
1400 1353 1466 1380 boni
1485 1353 1520 1380 ad
1541 1353 1747 1389 judicandum,
1760 1354 1820 1381 sive

997 1397 1094 1433 potius
1111 1397 1144 1424 ad
1163 1397 1429 1430 condemnandum,
1447 1399 1549 1425 natura
1567 1398 1714 1433 prohiberi
1727 1400 1822 1434 potest

998 1449 1034 1469 ne
1051 1441 1137 1469 faciat
1148 1441 1298 1469 hominem
1314 1441 1357 1470 vel
1374 1450 1515 1478 exspuere
1530 1442 1574 1470 vel
1591 1451 1739 1470 exscreare
1750 1443 1764 1470 ?
1792 1442 1819 1469 Si

997 1494 1064 1514 vero
1080 1487 1228 1520 contrate,
1245 1495 1261 1513 ο
1275 1486 1546 1522 δυ]υεωοι1ἰ,⁴1]οοο
1561 1487 1743 1515 adfectionem
1759 1487 1822 1514 fieri

998 1530 1123 1566 judicas.
1140 1531 1194 1558 hoc
1210 1532 1254 1558 est
1269 1539 1286 1558 α
1300 1533 1328 1558 te
1344 1531 1532 1558 discretionis
1548 1532 1688 1563 defectus,
1717 1539 1821 1567 quem-

1000 1574 1159 1602 admodum
1176 1575 1200 1602 si
1218 1576 1284 1610 quis
1300 1577 1450 1610 unguenta
1467 1575 1702 1611 perfunderetur,
1720 1576 1821 1603 crede-

1001 1621 1081 1646 retur
1095 1621 1192 1646 eutem
1209 1619 1311 1655 inungi
1328 1627 1409 1647 emno
1423 1629 1429 1653 ;
1445 1619 1488 1648 vel
1501 1620 1525 1647 si
1554 1620 1621 1655 quis
1648 1619 1823 1656 simpliciter

1002 1671 1059 1691 non
1075 1663 1258 1698 salutaret,et
1270 1659 1453 1699 judicéretur
1463 1665 1497 1692 ad
1514 1665 1653 1700 injurism
1679 1667 1706 1692 et
1719 1664 1822 1692 ludum

1003 1707 1059 1735 hoc
1074 1708 1177 1736 facere.
1199 1709 1336 1740 Quaenam
1364 1711 1461 1736 autem
1487 1710 1522 1737 de
1539 1711 1640 1736 caetero
1666 1711 1827 1737 necessitas

1005 1752 1127 1786 homini,
1145 1753 1266 1780 sicunde
1295 1753 1391 1788 fuerit,
1416 1762 1483 1781 cum
1513 1754 1698 1782 obviantihus
1718 1754 1828 1781 frustra

1007 1805 1138 1832 vaneque
1152 1797 1302 1833 loquendi,
1326 1800 1354 1826 et
1378 1798 1580 1834 intempestive
1605 1798 1743 1826 ridendi?
1773 1798 1826 1831 Qui

1003 1850 1071 1870 vero
1082 1842 1175 1870 datori
1191 1842 1241 1870 dat
1256 1845 1284 1870 et
1299 1851 1356 1870 non
1373 1843 1453 1870 danti
1466 1851 1523 1870 non
1539 1843 1590 1871 dat
1619 1844 1828 1879 ,undejustam

1006 1887 1128 1915 haberet
1143 1887 1416 1923 reprehensionem?
1430 1896 1487 1916 non
1504 1891 1590 1922 certe,
1608 1888 1752 1925 siquidem
1770 1888 1829 1916 dis-

1008 1932 1145 1960 cretivam
1162 1932 1250 1960 habet
1264 1932 1515 1961 deliberationem.
1542 1934 1694 1961 Potissime
1710 1933 1830 1970 quidem

1007 1977 1098 2012 igitur
1112 1976 1160 2004 ille
1175 1976 1225 2012 qui
1240 1978 1322 2005 daret
1337 1977 1507 2014 simpliciter
1521 1980 1550 2005 et
1565 1980 1597 2006 ut
1625 1979 1739 2013 accidit,
1765 1978 1832 2005 irri-

1008 2021 1104 2054 detur,
1120 2023 1261 2057 tanquam
1276 2022 1320 2049 vel
1337 2022 1415 2050 ultra
1437 2031 1556 2050 necesse
1581 2023 1768 2058 magniﬁcus,
1789 2021 1832 2049 vel

1008 2065 1273 2098 administrativus,
1289 2066 1332 2094 vel
1346 2066 1526 2102 negotiosus.
1544 2067 1615 2099 Quis
1632 2069 1731 2094 autem
1745 2067 1753 2093 i
1765 2067 1834 2101 nju—

1008 2110 1082 2137 riam
1098 2118 1215 2146 passus,
1241 2119 1297 2138 non
1327 2110 1496 2147 loqueretur
1523 2119 1589 2139 cum
1620 2111 1778 2147 sapientia,
1807 2110 1832 2138 si

1009 2154 1111 2190 sapit?

1044 2208 1089 2236 35.
1105 2209 1214 2236 Verum
1230 2210 1344 2244 oportet
1369 2209 1488 2237 omnino
1518 2209 1662 2245 patienter
1686 2208 1834 2237 sustinere

124 2249 381 2291 περιυϐριζόμενον,
424 2250 469 2278 καὶ
512 2249 630 2287 μάλιστα
668 2251 712 2278 τὸν
752 2253 841 2278 παπᾶν
875 2251 942 2288 (Θεοί

1010 2252 1284 2289 silerequeinjuriis
1301 2255 1453 2287 onustum,
1483 2255 1511 2282 et
1534 2253 1695 2290 praesertim
1726 2261 1832 2289 papam

124 2289 232 2336 λὲγεις
253 2296 382 2334 ἀνοχὴν),
421 2294 512 2333 ὥσπερ
546 2295 592 2322 καὶ
626 2295 671 2323 τὸν
700 2295 880 2334 ῥαπιζόμενον
908 2307 942 2324 κα

1008 2298 1070 2334 (Dei
1087 2297 1159 2325 dicis
1175 2298 1380 2334 tolerentiam),
1398 2289 1646 2334 quemadmodum
1664 2299 1689 2326 ei
1716 2307 1833 2334 percus-

125 2341 265 2379 ἀλγοῦντα
281 2341 319 2377 μὴ
349 2339 481 2368 ἐκκλίνειν
495 2340 541 2367 τὸν
559 2339 597 2371 εἷς
613 2339 692 2368 αὐτὸν
721 2340 952 2378 πλημμελοῦντα.

128 2386 284 2423 Φράξομεν,
299 2385 335 2415 ὡς
349 2385 375 2412 οἱ
398 2383 550 2422 ἀδιάκριτοι
569 2384 726 2423 βούλονται,
752 2388 809 2416 τοῖς
839 2385 956 2414 λαλοῦσι

126 2430 176 2461 τὰς
194 2429 287 2464 ἀκοὰς,
310 2430 353 2460 αἷς
376 2430 394 2463 ἠ
420 2430 497 2468 φύσις
526 2430 613 2460 πύλας
637 2430 688 2458 οὐκ
717 2430 855 2466 ἐπέθηκεν·
882 2430 955 2459 ἀλλὰ

129 2473 310 2512 ζημιούμενοι
326 2473 507 2510 χαρισάμεθα,
536 2473 728 2513 ἐλλοχώμενοι
749 2474 778 2503 δὲ
792 2476 953 2513 περιπεσού-

129 2525 199 2558 μεθα
232 2521 290 2550 τοῖς
318 2517 492 2554 ὀλοθρευταῖς
520 2518 640 2546 ἑκούσιοι
681 2519 707 2552 ἐς
747 2518 872 2559 ὄλεθρον.
902 2521 954 2549 Καὶ

125 2565 221 2602 ι’ίημεν
250 2563 280 2591 ἂν
310 2561 409 2600 μωροὶ,
440 2562 511 2590 οὕτω
528 2566 678 2600 ποιοῦντες,
695 2565 739 2592 καὶ
758 2566 892 2602 μεμπτὲοι
906 2566 953 2593 καὶ

124 2612 186 2641 τοῖς
200 2607 370 2645 ἀδιακρίτοις
395 2606 498 2641 αὐτοῖς,
529 2606 572 2634 ἐὰν
588 2611 708 2636 τοιοῦτοι
736 2607 954 2647 ἀπεκϐαίνωμεν,

125 2655 166 2685 ὡς
192 2654 210 2688 ἢ
237 2652 395 2687 ἀναίσθητοι
424 2651 441 2686 ἢ
469 2650 584 2686 ἠλίθιοι.
612 2653 766 2692 Πάσχοντες
787 2653 816 2682 εὶ
840 2654 953 2686 ἀπειλὰς

125 2699 173 2728 καὶ
202 2698 355 2736 πολέμους,
385 2696 415 2725 οὐ
451 2697 667 2734 θωρακισόμεθκ,
704 2699 735 2726 οὗ
768 2700 953 2739 κατάφρακτοι

125 2744 277 2782 γενώμεθα,
308 2742 339 2770 οὐ
363 2738 584 2780 προσλαόώμεθα
607 2743 652 2770 καὶ
673 2744 721 2779 τὴν
753 2738 868 2779 δυνατῆν
896 2744 954 2772 ἐπι-

126 2787 256 2827 κουρίαν·
283 2786 356 2816 ἇλλὲι
381 2787 429 2818 τὰς
459 2788 554 2825 χεῖρας
590 2786 740 2825 δήσαντες,
768 2789 813 2817 καὶ
837 2789 952 2817 κατακύ-

128 2832 266 2872 during?)
296 2831 329 2868 δὴ
361 2832 481 2870 λέγεται,
504 2831 542 2864 εἷς
571 2833 737 2873 καμάρωμα,
771 2834 954 2873 ἐκπεσούμεθα

1010 2351 1075 2371 sum
1088 2346 1116 2370 et
1131 2342 1345 2377 afflictum,non
1362 2344 1489 2380 effugere
1498 2345 1665 2380 peccantem
1681 2343 1710 2370 in
1721 2342 1832 2379 ipsum,

1009 2387 1228 2421 Obserabimus,
1245 2390 1276 2416 ut
1310 2388 1459 2416 temerarii
1487 2388 1598 2422 volunt,
1645 2387 1833 2424 loquentibus

1010 2440 1106 2468 aures,
1124 2432 1233 2467 quibus
1252 2434 1356 2460 natura
1377 2435 1475 2469 portus
1507 2441 1563 2460 non
1590 2433 1751 2468 imposuit,
1782 2432 1832 2460 sed

1010 2476 1071 2504 laesi
1087 2477 1198 2513 gratias
1214 2477 1519 2512 habebimusﬁnsidiis
1535 2480 1632 2505 autem
1649 2477 1834 2511 circumdati,

1009 2522 1680 2550 inmanusexterminatorumultroincidemus
1697 2522 1733 2550 ad
1754 2521 1834 2550 inte-

1009 2567 1111 2594 ritum.
1127 2568 1163 2594 At
1186 2574 1319 2595 essemus
1345 2567 1438 2602 stulti,
1466 2567 1506 2594 sic
1540 2567 1690 2601 facientes,
1720 2569 1748 2595 et
1775 2566 1836 2594 illis

1009 2611 1095 2639 etiam
1109 2611 1248 2640 irridendi
1271 2611 1443 2647 temerariis,
1470 2612 1494 2639 ei
1516 2611 1590 2640 tales
1619 2620 1672 2640 nos
1697 2611 1838 2648 praebere-

1009 2665 1088 2690 mus,
1105 2658 1138 2684 ut
1153 2656 1263 2693 stupidi
1281 2657 1325 2684 vel
1340 2656 1448 2684 insani.
1463 2657 1649 2685 Sustinentes
1665 2659 1763 2684 autem
1780 2656 1836 2683 mi-

1009 2710 1063 2729 nas
1088 2704 1116 2730 et
1142 2702 1228 2737 bella,
1259 2709 1316 2729 non
1344 2701 1462 2730 thorace
1479 2702 1658 2736 muniemur,
1675 2709 1733 2729 non
1763 2702 1835 2728 catn~

1009 2745 1122 2782 phracti
1140 2746 1260 2781 erimus,
1278 2754 1334 2774 non
1352 2748 1455 2781 potens
1476 2754 1663 2774 assumemus
1679 2744 1834 2780 auxilium,

1007 2791 1058 2819 sed
1070 2790 1206 2819 manibus
1221 2790 1331 2828 ligatis,
1348 2793 1388 2824 et,
1404 2792 1436 2818 ut
1449 2791 1566 2826 dicitur,
1592 2791 1622 2819 in
1652 2789 1837 2819 testudinem

1007 2836 1152 2873 inclinati,
1170 2836 1265 2873 capite
1279 2835 1459 2865 excidemus.
1477 2837 1514 2866 At
1524 2839 1731 2874 reputaremus
1761 2835 1838 2864 occi-
