2030 3167
249 155 309 185 6H

638 153 848 185 EUSTATHll
870 153 1022 184 THESSA
1028 151 1253 184 LONICENSIS
1277 152 1571 184 METROPOLITE

249 230 330 251 sores
345 221 450 256 nostri,
473 221 516 249 vel
542 221 647 250 saltem
677 221 712 249 de
736 223 836 249 nostra
852 220 939 249 ruina
954 221 1055 248 senten

1126 221 1177 254 τῆς
1190 217 1322 258 κεφαλῆς.
1342 219 1394 248 Καὶ
1423 218 1618 258 λογισθείημεν
1645 219 1680 248 ἃν
1705 220 1724 256 ἢ
1755 220 1926 261 αὖτοφόντα,ῆ

248 268 319 295 tiam
336 267 462 294 ferentes
474 275 480 299 ς
495 266 695 294 calumniator
706 268 803 294 autem
816 268 849 293 ut
862 274 929 293 vers
948 265 1073 301 loquens

246 312 406 339 honorifice
421 310 670 338 salutaretur.Res
683 319 739 337 non
753 313 797 337 est
811 310 949 337 omnibus
965 309 1072 337 facilis.

246 357 307 384 Non
325 358 422 384 autem
439 355 512 383 alias
527 363 560 382 ex
575 355 815 391 aggredientibus
831 354 1000 382 omnimodo
1022 361 1072 381 cu-

247 401 430 430 stodiemus:
449 400 498 428 sed
516 399 591 426 male
602 400 767 428 audientes.
781 407 815 426 ex
827 399 1002 426 necessitate
1022 406 1072 434 por

245 446 480 475 maledictionem
496 444 750 479 respondebimus,
766 446 794 471 et
818 443 990 477 meretricie,
1007 451 1070 479 quis

246 499 304 518 non
322 490 409 518 licent
421 497 473 517 nec
488 488 674 523 conveniunt,
692 488 866 524 garriemus.
885 488 1069 524 Sapientium

247 543 299 564 nec
315 535 392 563 istud
409 536 462 568 est,
479 536 558 561 recta
573 533 686 560 ratione
701 533 772 560 dum
793 532 900 568 aliquis
922 532 1068 568 dirigitur.

281 589 325 616 36.
338 589 442 616 Hortor
456 587 547 624 igitur
574 595 623 615 eos
650 587 698 622 qui
722 586 786 614 sine
801 586 978 614 discretione
999 588 1070 614 sunt

246 636 278 661 ut
293 642 310 661 θ.
324 632 478 661 scribendo
489 631 802 667 judicandoque,sicut
817 631 889 667 ipsis
905 630 1011 666 placet,
1023 631 1069 659 de-

245 678 611 710 sistant,conenturautem
631 676 740 703 imitari
753 675 878 712 pictores
884 675 933 711 qui
954 676 1032 711 fingu
1039 678 1069 703 nt

244 723 275 750 in
291 723 443 750 accuratus
458 721 729 756 characteres,quos
746 728 801 747 non
819 728 883 748 esse
900 720 987 748 falsos
1003 728 1067 747 cer-

244 769 307 795 tum
323 769 493 800 est,necnon
506 765 623 801 judices
638 764 756 792 sedulos
770 773 802 792 ac
827 765 947 800 proinde
963 767 1067 800 rectos,

245 814 278 840 ut
301 819 418 848 quoque
448 811 523 838 Deus
548 809 695 838 similibus
721 817 770 836 eos
794 809 915 844 objiciat
931 809 1065 845 judiciis.

244 856 324 889 Quod
340 856 364 884 ei
389 853 633 890 conjecturaliter,
659 855 688 880 et
709 853 870 881 secundum
909 854 1066 889 quamdam

1128 263 1201 291 ἀλλα
1211 264 1411 302 κατεγνωκότες
1425 265 1507 301 ἡμῶν
1521 265 1609 292 αὐτῶν
1626 264 1782 293 ἀπώλειαν·
1798 267 1810 294 ὁ
1832 266 1857 295 δὲ
1868 279 1928 297 unxo-

1128 319 1234 347 φαντων
1250 309 1501 347 προσκυνηθήσεται
1517 309 1556 340 ὠς
1571 309 1664 345 ἀληθῆ
1684 309 1789 339 λαλῶν.
1806 312 1856 340 Οὐκ
1874 313 1928 342 ὦκα.

1128 353 1176 380 λον
1191 352 1272 381 ἅπασι
1288 354 1319 380 τὸ
1346 356 1469 392 πρᾶγμα.
1485 353 1523 382 Οὐ
1542 353 1720 391 φυλαξόμεθα
1745 353 1774 382 δὲ
1796 357 1838 383 καὶ
1859 357 1927 390 ἄλλως

1126 397 1265 429 παντοίως
1281 397 1310 425 ὲκ
1328 400 1382 429 τῶς
1397 399 1675 436 κατεπιχειρούντων·
1708 401 1799 431 κακῶς
1822 399 1848 428 δὲ
1868 402 1926 430 imi-

1126 453 1201 474 οντες
1216 440 1514 480 ἀντιϐλασφημήσομεν
1531 442 1561 470 ἐκ
1581 443 1714 481 ἀνάγκης,
1747 444 1792 471 καὶ
1819 449 1926 483 πορνικῶς

1125 487 1331 525 φλυαρήσομεν,
1348 487 1364 514 ’ὰ
1381 487 1419 524 μὴ
1435 487 1531 524 πρέπει
1547 487 1592 515 καὶ
1617 488 1667 515 οὐκ
1695 487 1795 524 ἔξεστι.
1821 491 1928 527 Φρονοῦν-

1124 542 1179 560 των
1195 530 1258 560 οὐδὶ
1271 533 1362 567 τοῦτο,
1375 530 1428 562 “(ac
1444 531 1518 570 ὀρθῷ
1534 531 1659 570 λογισμῷ
1674 543 1718 564 τις
1735 531 1875 568 διοικῆται.

1161 585 1211 620 λζ’.
1225 584 1380 624 Παρακαλῶ
1400 585 1445 613 οὗν
1471 584 1584 623 ἀφέσθαι
1614 586 1661 622 μὲν
1691 586 1758 618 τοὺς
1784 585 1926 624 ἆδισκρίτους

1123 632 1182 666 τοῦ,
1207 631 1243 661 ὡς
1269 629 1361 661 αὐτοῖς
1389 629 1473 666 δοκεῖ,
1494 631 1605 669 γράφειν
1643 630 1689 658 καὶ
1726 631 1833 667 κρίνειν
1866 633 1927 668 ἁμιλ-

1125 674 1222 706 λᾶσθαι
1238 673 1266 702 δὲ
1281 674 1319 706 sic
1335 674 1392 701 ἳ¹σον
1410 673 1535 712 ἔρχεσθαι
1551 675 1595 702 καὶ
1621 675 1782 714 ζωγράφοις
1810 676 1925 713 βάτπουσιν

1123 719 1162 750 εἷς
1187 717 1308 757 ἀκριϐεῖς
1331 722 1517 757 χαρακτῆρας,
1550 719 1595 750 οὕς
1612 719 1662 747 οὐκ
1693 718 1753 747 ἔστι
1778 719 1927 759 ψευδεπιγράι

1123 775 1189 802 mox
1225 765 1301 799 εἶναι,
1338 763 1383 791 καὶ
1420 766 1526 800 κριταῖς
1563 763 1748 801 ἔξεταστικοῖς
1786 765 1830 792 καὶ
1864 765 1927 797 οὕτως

1123 808 1225 846 ὀρθοῖς,
1243 807 1290 835 ’ἶνα
1317 808 1362 836 καὶ
1387 808 1401 835 ὁ
1426 808 1492 840 Θεὸς
1517 808 1616 840 αὐτοὺς
1643 806 1816 846 παραϐάλλῃ
1844 809 1926 845 ὁμοίαις

1121 854 1249 890 κρίσεσιν.
1265 853 1308 883 Ὧς
1325 851 1351 879 εἷ’
1362 863 1392 890 γε
1421 855 1610 890 στοχαπικῶς
1639 853 1688 881 καῖ
1713 852 1783 880 κατά
1796 864 1852 880 τινα
1876 853 1925 881 rixo-

243 900 539 932 verisimilitudinem,
571 900 599 926 et
621 898 825 926 deductionem
852 906 886 926 ex
914 898 1060 934 principii:

1120 896 1249 935 τολογίαν
1264 897 1309 924 καὶ
1325 897 1451 924 ὑπόνοιαν
1474 896 1502 924 ἐκ
1531 897 1764 936 παρακούσματος
1793 895 1924 925 ἐπιϐάλλειν

244 945 320 974 male
336 944 469 981 cognitis,
484 942 690 979 dispositiones
706 951 807 970 eorum
824 942 873 979 qui
891 943 975 970 nobis
1004 944 1064 971 noti

244 992 323 1024 sunt,
350 987 510 1017 modificari
537 987 682 1023 volumus,
721 990 749 1015 et
786 987 994 1016 discretionem
1028 988 1063 1016 ad

242 1034 454 1072 ignoscendum
471 1041 528 1060 non
545 1032 827 1068 aﬂ‘erimus,recedet
842 1041 858 1060 Α
874 1033 958 1060 nobis
976 1033 1064 1068 quid-

241 1079 313 1116 quid
328 1078 434 1106 sooiale
449 1077 652 1114 est,quidquid
670 1077 792 1112 proinde
809 1076 1064 1113 politicum,quid-

242 1124 310 1160 quid
327 1130 426 1151 amore
444 1125 544 1150 mutuo
561 1122 716 1150 fundatum
736 1124 783 1156 ;et
807 1122 926 1149 tandem
952 1124 1067 1158 oportet

242 1175 483 1204 unumquemque
499 1169 689 1198 nostrum,ut
713 1175 780 1194 cum
805 1166 978 1194 hominibus
1008 1175 1064 1194 non

243 1213 292 1248 sit,
301 1215 398 1248 petere
413 1211 615 1246 solitudinem,
628 1219 692 1238 cum
705 1211 799 1238 corvis
810 1219 907 1238 errare
918 1210 1065 1247 quopiam,

244 1259 295 1285 aut
310 1256 412 1284 saltem
430 1256 458 1284 in
474 1256 584 1284 mundo
600 1263 657 1283 non
673 1255 803 1289 esse,sed
822 1257 903 1283 trans
919 1254 1066 1283 Oceanum

243 1302 383 1338 migrare.

274 1347 320 1375 37.
337 1347 371 1374 Et
383 1345 443 1373 haec
455 1344 574 1381 quidem
591 1344 626 1372 de
641 1344 807 1372 notioribus
836 1344 885 1380 qui
911 1352 1068 1372 commune

242 1391 286 1420 sal
311 1391 503 1428 gustaverunt
531 1391 561 1417 et
586 1391 684 1416 tamen
715 1388 804 1416 simul
829 1389 919 1416 nimis
934 1391 1068 1422 extranei

240 1437 430 1464 devenerunt.
448 1434 478 1462 Si
491 1443 557 1462 vero
586 1433 654 1469 quis
679 1433 792 1461 nullum
818 1433 995 1470 principium
1021 1433 1064 1461 vel

239 1481 357 1508 initium
374 1478 548 1515 cognitionis
564 1479 686 1513 habens,
702 1486 754 1506 nec
769 1478 898 1506 hominis
913 1478 1003 1506 vitam
1019 1478 1070 1506 aut

238 1526 362 1554 virtutes
373 1532 424 1552 aut
439 1532 527 1560 opera
544 1523 621 1551 mala
637 1523 732 1551 sciens
743 1545 750 1558 ,
775 1523 924 1551 hominem
943 1523 1068 1563 judicat,

237 1569 458 1606 inquisitionem
474 1568 795 1604 negligit,condemnat,
805 1570 833 1595 et
849 1568 982 1604 protinus
999 1567 1061 1594 vult

238 1615 294 1651 ipsi
311 1615 453 1642 rationem
471 1613 630 1649 imponere,
647 1614 682 1640 ad
711 1612 881 1648 bujusmodi
913 1612 1058 1640 hominem

239 1659 353 1687 nullum
368 1659 460 1686 habeo
484 1666 660 1690 sermonem,
686 1665 738 1684 nec
764 1657 850 1684 modo
876 1657 1058 1692 propositum

238 1703 379 1733 talentum
396 1702 509 1731 homini
525 1702 573 1730 tali
589 1701 726 1737 subjicio.
744 1702 808 1737 ipso
833 1701 912 1729 enim
939 1709 1060 1737 prorsus

237 1751 281 1778 est
297 1749 416 1786 ignarus
431 1746 624 1783 dijudicandi,
641 1754 693 1774 nec
709 1754 796 1774 sensu
813 1747 984 1774 sanus.ldeo
1001 1754 1059 1773 non

236 1794 347 1830 aliquid
364 1792 438 1821 lucri
454 1792 562 1819 faceret
577 1790 715 1825 mihi,nec
732 1799 782 1826 per
794 1798 920 1824 me,meo
934 1790 1058 1818 Domino

237 1839 322 1873 cujus
337 1846 403 1865 sum
418 1835 743 1864 thesaurarius.Verum
759 1835 821 1871 ipse
833 1835 952 1871 quidem
967 1835 1057 1863 alium

236 1882 365 1917 inquirat
393 1879 619 1908 numularium:
642 1888 695 1916 ego
723 1888 790 1908 vero
805 1879 856 1908 Dei
883 1880 1056 1908 thesaurum

235 1925 406 1955 exhauriam
423 1925 452 1952 in
464 1932 568 1952 manus
575 1923 724 1952 hominem
733 1923 889 1952 scientium
903 1923 943 1952 illi
955 1924 1056 1952 adhae-

236 1977 298 1997 rere
329 1969 482 2006 ipsiusque
511 1969 691 1996 voluntatem
730 1969 843 2003 facere,
869 1977 926 1997 non
956 1972 1055 1998 autem

230 2013 342 2042 intente
359 2013 493 2050 prosequi
507 2013 655 2048 judicium
673 2013 829 2047 malum,ut
844 2014 931 2042 etiam
945 2014 1054 2042 donum

229 2059 389 2087 mstimetur
400 2058 473 2086 illud
486 2058 618 2086 divinum
630 2057 754 2094 ideoque
766 2067 822 2086 non
839 2059 1050 2094 abjiciendum.

266 2112 310 2140 38.
327 2112 438 2140 Habere
451 2112 717 2140 commendandum
728 2112 810 2140 vobis
823 2115 851 2140 et
865 2112 943 2140 aliud
960 2112 1052 2140 talen-

229 2159 303 2192 tum,
319 2157 374 2185 hoc
390 2159 435 2185 est
446 2156 565 2192 jejunii,
595 2157 672 2192 quod
699 2160 833 2184 nostrum
863 2157 1053 2194 auspicamur

229 2202 411 2238 primitivum
431 2201 614 2236 nutritorem,
631 2201 801 2237 praeclarum
818 2210 949 2238 germen,
973 2203 1050 2238 quod

227 2247 341 2284 primus
357 2246 512 2282 paradisus
535 2246 638 2279 edidit,
664 2245 710 2273 cui
736 2246 848 2273 fortiter
876 2246 1051 2274 inhaerentes

1119 941 1249 978 ἐθέλομεν
1262 944 1322 972 ταῖς
1350 943 1403 969 τῶν
1425 941 1570 980 γνωρίμων
1598 943 1666 978 ἡμῖν
1691 941 1836 977 διαθέσεσι,
1859 942 1925 969 καὶοῦ

1120 985 1304 1023 διακρίνομεν,
1335 986 1372 1017 ὡς
1413 987 1458 1013 καὶ
1496 989 1710 1025 συγγνωμονεῖν⁹
1742 987 1924 1025 οἰχήσεται

1120 1033 1200 1068 ἡμῶν
1215 1031 1246 1058 τὸ
1261 1031 1430 1067 κοινωνικὸν,
1446 1031 1490 1058 καὶ
1519 1032 1591 1059 οὕτω
1606 1031 1766 1066 πολιτικὸν,
1792 1031 1835 1058 καὶ
1850 1030 1924 1070 φιλάλ-

1121 1076 1220 1112 ληλον¹
1246 1076 1291 1103 καὶ
1307 1076 1362 1114 χρή
1378 1078 1426 1103 τοῦ
1442 1075 1542 1103 λοιποῦ
1556 1074 1668 1104 ἕκαστον
1685 1078 1770 1113 ἡμῶν
1791 1075 1922 1113 ἐρημάζειν,

1122 1121 1159 1152 ὡς
1186 1121 1223 1156 μή
1251 1121 1308 1157 μετ’
1332 1120 1482 1158 ἀνθρώπων
1495 1121 1573 1155 εἶναι,
1589 1120 1662 1149 ἀλλὰ
1675 1132 1732 1149 που
1747 1121 1814 1149 uari
1826 1120 1923 1157 κοράκων

1122 1166 1339 1201 ἀποπλανᾶσθαι,
1355 1167 1372 1201 ἢ
1396 1165 1469 1194 ἀλλὰ
1499 1165 1569 1203 μηδὶ
1597 1166 1624 1194 ἐν
1653 1165 1756 1205 κόσμῳ
1785 1167 1856 1200 εἶναι,
1879 1164 1923 1193 ἀλλ’

1122 1211 1234 1246 ἒξωκεαν
1241 1211 1349 1243 ίςεσθαι.

1158 1345 1208 1380 λζ’.
1238 1345 1288 1373 Καὶ
1315 1347 1398 1373 ταῦτα
1427 1345 1474 1381 μὲν
1497 1345 1559 1383 περὶ
1585 1347 1639 1373 τῶν
1663 1344 1883 1384 γνωριμωτέρων,
1902 1343 1922 1370 οἷ

1122 1390 1167 1418 καὶ
1182 1392 1276 1417 κοινοῦ
1301 1388 1368 1420 ἁλὸς
1397 1389 1547 1428 ιγεύσαντο,
1573 1390 1618 1417 καὶ
1643 1388 1740 1421 ἄλλως
1766 1390 1834 1426 ὁμοῦ
1859 1388 1922 1423 ἦλθον

1124 1434 1309 1472 ξενικώτερον.
1339 1434 1371 1462 El
1397 1433 1425 1462 δὲ
1448 1445 1489 1465 τις
1518 1432 1654 1471 μηδεμίαν
1680 1433 1755 1473 ἔχων
1783 1432 1921 1472 ἀφορμὴνῆ

1124 1480 1213 1518 ἀρχήν
1228 1478 1446 1517 γνωριμιὴητος,
1478 1477 1548 1516 μηδὲ
1569 1477 1648 1510 εἷ’δὼς
1673 1479 1819 1518 ἀνθρώπου
1841 1478 1857 1512 ἢ
1879 1476 1921 1514 βίον

1123 1525 1141 1560 ἢ
1171 1523 1368 1562 ἀγαθοπραξίας
1396 1523 1413 1558 ἢ
1442 1524 1525 1555 κακὰς
1553 1523 1702 1562 ἱνεργιιας,
1732 1523 1815 1561 κρίνει
1841 1521 1920 1559 ἄνθρω-

1123 1580 1184 1603 πον,
1210 1568 1266 1596 οὐδ’
1290 1566 1475 1605 ἡκριϐώσατο,
1509 1568 1554 1596 καὶ
1584 1569 1751 1606 κάνακρίνει,
1777 1568 1821 1596 καὶ
1844 1566 1918 1594 αὐτίκα

1115 1612 1201 1641 tegi“
1225 1614 1269 1641 καὶ
1295 1613 1406 1646 εὐθύνας
1432 1613 1506 1650 αὐτῷ
1530 1613 1675 1651 ἐπιφέρειν,
1690 1612 1783 1644 οὐδείς
1809 1622 1851 1649 μοι
1865 1610 1916 1648 πρὸς

1113 1658 1158 1685 τὸν
1174 1660 1296 1685 τοιοῦτον
1321 1657 1414 1696 λόγος,
1429 1656 1494 1685 οὐδὲ
1518 1658 1548 1685 τὸ
1577 1658 1705 1696 προτεθὲν
1733 1657 1792 1696 ἄρτι
1806 1656 1914 1684 ταλαντον

1114 1705 1153 1738 τῷ
1167 1702 1283 1739 τοιούτῳ
1298 1702 1433 1739 ἀνθρώπῳ
1452 1699 1660 1740 προϐάλλομαι.
1683 1702 1772 1734 Αὐτὸς
1799 1701 1846 1739 γὰρ
1866 1709 1916 1726 παν·

1113 1747 1201 1778 τελῶς
1225 1747 1332 1784 ἀμαθὴς
1349 1745 1507 1785 διακρίνειν,
1521 1746 1567 1774 καὶ
1583 1745 1645 1775 οὐδὲ
1669 1747 1788 1785 καθαρὸς
1802 1745 1914 1784 ἐχὲφρων⁹

1114 1790 1157 1819 διὸ
1182 1790 1245 1819 οὐδὲ
1259 1791 1500 1830 πραγματιύσηται
1516 1791 1546 1819 ἃν
1566 1802 1592 1819 τι
1618 1791 1714 1830 κέρδος
1738 1791 1810 1829 ἐμοὶ,
1832 1788 1871 1817 καὶ
1891 1786 1916 1815 δι’

1112 1835 1180 1872 ἐμοῦ
1194 1839 1234 1873 τῷ
1250 1837 1309 1873 ἒμῷ
1325 1837 1456 1873 Δεσπότῃ,
1480 1835 1511 1863 οὗ
1533 1836 1744 1875 θησαυροφύλαξ
1768 1835 1830 1873 ἐγώ.
1853 1831 1915 1860 ’Δλλ’

1113 1880 1191 1912 αὐτὸς
1222 1881 1268 1918 μὲν
1298 1880 1430 1918 ἐρευνάτω
1459 1879 1599 1916 δανειστὴν
1626 1880 1731 1919 ἕτερον·
1764 1880 1815 1918 ἐγὼ
1839 1877 1864 1905 δὲ
1876 1877 1913 1910 τήν

1110 1925 1193 1963 γάζαν
1207 1928 1256 1953 τοῦ
1272 1927 1338 1953 Θεοῦ
1353 1925 1493 1953 ἐκκενώσω
1509 1925 1662 1964 ἀνθρώποις
1687 1925 1787 1954 εἰδόσιν
1815 1921 1914 1959 ἐπιστρὲ-

1110 1971 1203 2010 φεσθαι
1219 1970 1301 1998 αὐτοῦ
1314 1970 1358 1997 καὶ
1372 1973 1459 1997 ποιεῖν
1472 1971 1504 1997 τὸ
1518 1971 1600 1998 αὐτοῦ
1615 1970 1735 2007 θέλημα,
1752 1969 1782 1998 οὐ
1799 1969 1848 2006 μήν
1867 1966 1913 1993 ἀτε-

1109 2017 1162 2046 νῶς
1188 2015 1347 2053 ἀντέχεσθαι
1374 2017 1423 2042 τοῦ
1452 2018 1682 2053 καταγνωμονεῑν,
1717 2016 1756 2047 ὡς
1780 2013 1822 2042 καὶ
1844 2011 1912 2048 δῶρον

1108 2061 1234 2098 ἡγεῖσθαι
1254 2059 1317 2088 αὐτὸ
1334 2063 1404 2092 θεῖον
1421 2060 1465 2087 καὶ
1482 2060 1568 2092 οὕτως
1584 2057 1790 2096 ἀναπόϐλητον.

1144 2113 1199 2149 λη’,
1213 2115 1292 2152 Ἐχω
1307 2114 1464 2152 παραθεῖναι
1481 2113 1544 2150 ὑμῖν
1560 2113 1604 2141 καὶ
1633 2113 1704 2141 ἄλλο
1725 2113 1862 2145 τάλαντον,
1874 2108 1908 2135 τὸν

1109 2170 1123 2184 α
1149 2162 1199 2193 τῆς
1227 2159 1364 2194 νηστείας,
1392 2170 1406 2184 ››
1433 2159 1466 2193 ἧς
1499 2158 1670 2196 ἐναρχόμεθα
1697 2161 1750 2194 τῆς
1780 2153 1909 2194 ἀρχεγόνον

1107 2204 1186 2240 ἡμῶν
1206 2205 1330 2238 τιθηνοῦ,
1354 2205 1402 2230 τοῦ
1417 2202 1502 2231 κοιλοῦ
1524 2203 1729 2241 βλαστήματος,
1760 2203 1774 2231 ὃ
1789 2196 1905 2238 «pL—010:6

1106 2245 1269 2284 παράδεισος
1294 2246 1426 2285 ἐξέφυσεν,
1451 2245 1536 2285 οὗπερ
1563 2247 1589 2274 οἱ
1608 2248 1737 2285 γενάρχαι
1754 2243 1906 2291 ἀντεχόμενοί

227 2292 344 2328 generis
364 2294 498 2319 auctores
516 2299 572 2318 non
590 2291 692 2318 exinde
708 2290 823 2326 expulsi
842 2291 975 2323 fuissent.
1001 2300 1052 2327 per

1118 2281 1246 2329 ,γκρατῶς
1270 2291 1319 2318 οὐκ
1341 2281 1374 2318 'av
1399 2291 1499 2323 ἆκεῖθεν
1522 2281 1717 2330 ⁷ἀφωρίτνθηοάν
1734 2315 1741 2326 ,
1767 2290 1802 2319 δι’
1816 2281 1851 2316 ὀὗ
1869 2282 1904 2312 ιιιῖ

227 2337 304 2372 quod
321 2344 414 2372 genus
430 2335 603 2368 humanum,
621 2335 645 2362 si
661 2334 738 2369 velit,
750 2335 807 2362 huc
823 2335 1049 2363 revertitur.lloc

225 2381 303 2408 enim
328 2383 407 2408 amat
429 2380 458 2408 in
476 2380 565 2408 Edem
590 2380 730 2407 reducere
742 2379 818 2408 ﬁlios
833 2380 936 2414 Adam,
953 2383 985 2407 ut
1009 2380 1049 2407 ibi

227 2432 294 2452 cum
310 2424 368 2453 illis
384 2426 480 2461 degat,
512 2425 559 2453 ubi
576 2424 704 2460 primum
721 2424 872 2452 constituti
896 2427 983 2459 sunt;
998 2425 1048 2452 sed

228 2469 389 2505 praesertim
405 2469 435 2496 in
450 2469 548 2505 ipsum
565 2469 680 2503 calum,
698 2469 746 2496 ubi
762 2469 923 2504 plurimum
935 2472 978 2497 est
993 2469 1050 2505 ipsi

228 2513 471 2550 participationis,
488 2514 516 2541 in
532 2514 609 2550 quod
626 2513 734 2541 exaltat
747 2522 797 2542 eos
812 2514 873 2550 qui,
891 2522 942 2550 per
955 2514 1049 2551 ipsius

227 2566 369 2593 amorem,
394 2558 583 2586 elevationem
612 2557 668 2594 ipsi
687 2559 918 2594 convenientem,
934 2559 963 2586 id
993 2561 1047 2593 est,

227 2602 388 2635 caelestem,
405 2603 548 2631 ambiunt.

261 2695 305 2723 39.
321 2694 372 2722 Ubi
390 2693 468 2721 enim
485 2693 555 2721 alibi
570 2693 733 2730 spiritualis
749 2694 976 2730 apathia,quam
993 2694 1050 2722 sibi

225 2739 362 2775 proponit
382 2739 542 2774 jejunium,
573 2738 629 2766 nisi
647 2738 675 2766 in
692 2738 763 2766 cmlo
792 2739 1049 2774 sanctissimisque

226 2783 378 2812 ordinibus
394 2783 437 2811 illi
453 2783 652 2819 degentibus?
667 2784 707 2811 An
733 2783 811 2811 enim
837 2783 945 2819 aliquis
965 2785 1049 2819 putat

228 2827 318 2856 alium
334 2837 398 2857 esse
410 2828 515 2864 jejunii
530 2837 664 2865 scopum,
681 2831 875 2864 praeterquam
892 2827 921 2855 in
951 2831 1050 2857 mente

1103 2335 1186 2363 πάλιν
1201 2337 1232 2363 τὸ
1247 2337 1415 2374 ἀνθρώπινον
1440 2335 1524 2374 φῦλον
1547 2336 1724 2374 ἐπανέρχεται
1751 2336 1790 2367 εἲς
1813 2334 1904 2361 ἐκεῖνον,

1104 2380 1179 2418 εἷ’περ
1208 2380 1306 2413 ἐθέλει.
1329 2380 1486 2408 Φιλονεικεῖ
1508 2381 1558 2419 γάρ
1585 2379 1653 2416 αὕτη
1685 2380 1824 2419 ἐπανάγειν
1847 2374 1906 2405 αὖθις

1104 2425 1141 2456 εἷς
1165 2426 1214 2460 τὴν
1240 2423 1323 2461 Ἐδὶμ
1344 2424 1408 2456 τοὺς
1435 2424 1484 2452 τοῦ
1518 2423 1617 2462 Ἀδὰμ,
1645 2424 1692 2452 ’ἱνα
1721 2425 1776 2453 ἰκεῖ
1802 2419 1906 2455 συνδιάγῃ

1104 2469 1209 2503 αὐτοῖς,
1238 2468 1299 2496 ἔνθα
1326 2470 1376 2504 τήν
1405 2470 1493 2508 ἀρχὴν
1525 2469 1691 2508 ἐτάχθησαν·
1725 2467 1838 2507 μάλιστά
1868 2462 1904 2500 μὲν

1105 2514 1150 2541 οὖν
1167 2513 1205 2545 εἰς
1230 2514 1342 2551 οὐρανὸν
1359 2515 1452 2550 αὐτὸν,
1469 2515 1538 2542 ὅπου
1553 2515 1598 2542 καὶ
1613 2515 1644 2542 τὸ
1667 2513 1764 2542 πλεῖον
1789 2515 1835 2547 τῆς
1854 2517 1902 2546 μετ·

1104 2559 1195 2590 νυσίας
1224 2558 1294 2587 ἦστὶν
1324 2559 1404 2596 αὐτῇ,
1431 2559 1469 2590 εἷς
1493 2560 1521 2587 ’ὸν
1548 2559 1639 2597 ἀνάγει
1664 2559 1728 2591 τοὺς
1743 2559 1769 2587 ἐν
1783 2560 1820 2593 τῷ
1833 2553 1904 2594 φιλεῖν

1105 2603 1183 2631 αὐτὸν
1213 2604 1369 2643 ἐφιεμένους
1399 2606 1447 2631 τοῦ
1475 2603 1543 2641 αὐτῇ
1567 2604 1720 2642 πρέποντος
1736 2602 1903 2640 άνυψώματοςι

1103 2650 1151 2676 τοῦ
1164 2649 1232 2676 κατὰ
1251 2648 1376 2687 οὐρανόν.

1139 2692 1188 2721 λθ’.
1211 2692 1260 2720 Καὶ
1288 2695 1341 2721 ποῦ
1368 2692 1418 2731 γάρ
1446 2692 1546 2725 ἄλλοθι
1575 2693 1689 2721 ἀπάθεια
1716 2693 1804 2731 νοερὰ,
1826 2691 1841 2724 ἡ

1103 2737 1226 2773 νηστείας
1242 2729 1380 2775 πρόθεσις,
1410 2737 1474 2766 ἀλλ’
1497 2738 1515 2773 ἢ
1537 2738 1563 2765 ἐν
1590 2737 1697 2776 οὐρανῷ
1787 2738 1839 2765 τοῖς
1860 2729 1906 2759 ἐκεῖ

1105 2783 1264 2821 ἁγιωτάτοις
1294 2782 1448 2820 τάγμασιν,
1480 2785 1515 2811 Ἢ
1545 2783 1595 2820 γὰρ
1630 2781 1715 2811 οἱέταί
1742 2793 1782 2814 τις
1808 2777 1904 2821 ἑτεροῖον

1105 2819 1174 2855 εἶναι
1198 2829 1232 2865 τῇ
1261 2819 1373 2864 νηστείᾳ
1396 2828 1508 2864 σκοπὸν,
1534 2819 1629 2865 sirm
1645 2828 1676 2856 τὸ
1692 2827 1730 2860 εἰς
1743 2827 1804 2859 νόας
1823 2819 1904 2853 ἄπολ¹”

1881 160 1925 190 θη
1973 162 1974 175 ‘
