2030 3167
96 163 162 193 613

609 162 649 193 1N
671 161 704 192 S.
727 159 1068 196 QUADRAGESIMAM
1092 159 1238 191 ORATIO
1260 160 1301 190 Il.

1746 161 1807 191 6H

93 229 196 255 πτῦναι
233 227 297 259 τοὺς
332 227 488 263 νηστευτὰς,
520 226 566 255 καὶ
595 226 633 258 εἰς
657 227 786 258 ἀπάθειαν
818 225 938 266 ἀπονία-η

995 225 1128 262 xpeditos
1141 226 1262 254 reddere
1286 226 1468 262 jejunantes,
1492 228 1527 254 .et
1553 227 1664 264 absque
1692 228 1808 264 passio-

92 275 243 307 ταο-τῆσαι,
259 272 282 299 si
298 272 343 299 καὶ
359 272 386 299 οὶ
400 271 426 299 ἐν
443 273 510 308 ἡμῖν
538 272 616 309 μόγις
634 271 684 306 τὴν
716 270 924 307 μετόιοπάθειαν

96 318 302 354 κατορθοῦσινς
327 316 522 354 Ἀγγελοποιὸν
555 316 608 354 γὰρ
641 317 658 351 ἡ
689 315 800 351 νηστεία
826 314 928 353 τρόπον

96 361 181 395 τινὰ,
211 361 249 392 οἷς
276 359 320 388 διὰ
345 360 489 398 ίσαγγέλου
522 361 584 399 βίου
609 360 646 392 εἷς
671 359 837 397 αὐτόχρημα
866 361 929 386 νοῦν

97 405 300 434 ἀπολεπτύνειν
338 406 494 443 προτίθεται
530 405 577 433 τὸν
615 404 788 440 νηστεύοντα,
818 404 855 434 είς
885 403 930 431 καὶ

97 449 207 481 ἐκεῖνος
231 450 267 481 ὡς
289 449 407 478 ἐπιπολὺ
428 448 473 477 διὰ
494 450 525 477 τὸ
540 449 614 477 κάτω
630 450 723 488 βρίθον
739 451 787 476 τοῦ
803 449 931 484 σώματος

97 494 149 522 καὶ
165 493 264 532 γεῶδες
287 494 449 533 ἀπροσφυῶς
474 491 532 532 ἔχει
551 494 585 531 τῇ
601 493 713 531 τοιαύτῃ
738 496 788 528 τῆς
803 493 931 528 νηστείας

97 539 240 578 προθέσει.
266 539 360 567 Οἷκεία
385 538 473 566 τοίνυν
497 538 543 566 καὶ
572 538 728 576 παραδείσῳ
754 538 799 565 καὶ
823 537 931 574 οὐρανῷ

97 585 117 619 ἡ
156 583 278 619 νηστεία,
303 583 348 611 καὶ
377 582 424 611 δύο
449 583 526 611 οὗτοι
558 583 638 611 τόποι
674 585 826 621 πατριῶται
862 581 930 619 αὐτῇ

98 627 283 666 καταγωγαὶ,
326 627 403 666 φίλαι
445 630 485 663 τῷ
524 630 581 664 Θεῷ
620 629 717 666 ψυχῶν
759 626 933 661 ἀναπαύσεις,

98 670 273 711 ἀπρόσϐατοι
290 671 412 709 δαίμοσι·
446 671 488 700 διὸ
515 673 561 700 καὶ
589 673 690 711 ἀμφοῖν
718 672 825 699 τούτοιν
853 671 934 709 ἐγχα-

99 718 197 753 Θιστᾷν
213 718 230 752 ἡ
246 716 356 752 νηστείᾳ
373 715 505 754 βούλεται
520 716 584 749 τοὺς
598 716 690 748 καλῶς
706 715 773 753 αὐτῇ
789 716 934 754 χαίροντας

101 762 150 789 καὶ
180 761 249 789 κατὰ
277 762 376 789 σκοπὸν
413 760 510 800 ὀρθὸν,
548 761 579 792 ’ὸς
614 760 754 789 εὐοδοῦται
781 759 826 788 διὰ
850 761 935 797 μόνης

106 806 201 844 ἀγάπη
207 817 218 838 ς
223 827 229 834 .

147 861 184 896 μ’.
202 858 271 889 Οὐδὲ
287 860 339 897 γὰρ
356 858 461 888 οὐδὲτὸ
475 862 525 894 τῆς
553 858 676 894 νηστείας
691 858 774 886 καλὸν
799 855 934 895 μέταλλον

103 903 283 940 ἀνεπίμικτόν
318 903 372 931 ἐστι
405 905 465 934 τοῖς
486 903 665 942 ἁγαπητικοῖς
691 903 819 940 χρυσέοις
849 902 936 940 εὖρήο

102 958 201 984 μασιν·
231 947 305 976 ἀλλὰ
319 948 365 975 καὶ
390 948 459 984 αὐτῇ
484 948 516 975 τὸ
541 948 639 986 ἀγαθὸν
663 950 744 975 τοῦτο
760 947 936 984 ἀνακεκραται

98 993 176 1024 καθὰ
212 993 258 1019 καὶ
293 994 353 1023 τοῖς
392 992 444 1030 πρὸ
481 991 576 1026 αὐτῆς.
611 991 661 1019 Καὶ
691 990 803 1028 οἴδαμεν
827 991 936 1025 πάντες,

97 1036 185 1068 ὅσοις
212 1037 317 1073 μέτεστι
345 1038 394 1063 τοῦ
425 1034 536 1070 εἰδέναι,
563 1035 604 1063 δτι
634 1035 678 1064 διὰ
702 1035 825 1070 νηστείας
846 1036 936 1073 ἀγάπη

95 1080 276 1119 περεγίνεται
306 1081 392 1116 ἡμῖν,
423 1080 454 1108 οὐ
487 1080 569 1116 μόνον
599 1081 628 1114 ἠ,
659 1080 697 1111 ὡς
727 1080 757 1108 ἂν
784 1090 825 1111 τις
853 1078 938 1114 sinet,

97 1125 261 1163 ἐγκάθετος,
291 1123 364 1152 ἀλλὰ
391 1125 436 1151 καὶ
466 1125 484 1159 ἡ
514 1121 691 1161 μεταϐατικὴ,
722 1124 740 1159 ἢ
771 1124 816 1152 καὶ
846 1123 940 1155 ἄλλως

99 1169 223 1208 φράσαι,
257 1170 275 1204 ἡ
313 1168 469 1203 αὖτοπαθῆς
499 1169 542 1196 καὶ
581 1168 754 1204 ἀλλοπαθής.
793 1169 873 1206 Λέγω
911 1167 941 1195 δὲ

105 1213 255 1252 ἒγιάθιτον
287 1214 334 1251 μὲν
363 1215 409 1241 καὶ
437 1213 576 1248 αὐτοπαθῆ
593 1214 698 1252 ἀγάπην
727 1215 777 1248 τὴν
803 1213 939 1250 ἐμπεριω-

111 1258 246 1296 ρισμένην
280 1260 320 1294 τῷ
355 1259 487 1294 νηστιυτῇ
526 1257 600 1293 αὖτῷ
635 1256 730 1293 ἐκείνῳ
767 1257 811 1284 καὶ
853 1257 939 1293 μόνῳ.

113 1304 246 1334 Τοιοῦτος
274 1301 304 1329 δὲ
332 1303 346 1330 ὁ
383 1303 538 1339 καταμόνας
574 1301 615 1329 ἐπ’
644 1300 734 1330 ἐλπίδι
762 1303 796 1338 τῇ
827 1301 853 1329 ἐν
883 1302 940 1337 Θεῷ

113 1349 261 1382 κατοικῶν,
284 1348 330 1375 καὶ
352 1347 378 1374 ἐν
403 1346 505 1384 ἐρημίᾳ
529 1346 640 1384 διάγων,
666 1346 724 1384 ἐνῇ
754 1347 836 1383 μόνος
864 1346 942 1374 αὐτὸν

114 1393 129 1420 ὁ
146 1391 246 1430 Κύριος
275 1391 474 1420 ἐπισκέπτεται.
503 1392 534 1420 Ὁ
555 1393 679 1422 τοιοῧτος
707 1391 758 1428 γὰρ
787 1391 874 1427 ἑαυτῷ
890 1401 941 1427 μο-

112 1438 203 1474 ναχοῢ
219 1435 406 1474 ἒγκαθημὲνην
423 1435 482 1474 ἔχει
495 1436 544 1470 τήν
560 1436 677 1474 ἀγάπην,
698 1435 743 1463 καὶ
759 1436 840 1466 αὐτὸς
857 1436 942 1472 μόνος

110 1481 214 1518 πάσχει
228 1481 259 1508 τὸ
274 1480 444 1508 τελειοποιὸν
459 1482 539 1508 τοῦτο
552 1481 648 1514 πάθος,
674 1480 726 1507 οὐκ
749 1479 873 1515 ἐξαπλῶν
895 1481 943 1510 τὰς

108 1527 161 1557 τῆς
175 1524 274 1562 ἀρετῆς
290 1525 398 1556 ἀκτῖνας
416 1523 455 1554 εἷς
471 1523 575 1560 λάμψιν
590 1524 636 1551 καὶ
652 1523 760 1558 ἄλλοις,
785 1524 822 1555 ὠς
850 1523 913 1552 οὐδὲ
929 1525 943 1552 ὁ

112 1568 209 1604 ἥλιος,
226 1569 251 1596 ἐν
269 1567 325 1605 ὅσῳ
340 1567 486 1606 κρύπτεται
502 1568 552 1595 ὑπὸ
568 1571 632 1606 γῆν.

984 271 1070 298 nibus
1083 270 1206 304 efﬁcere,
1222 271 1289 298 licet
1303 271 1351 307 qui
1369 273 1438 299 sunt
1452 271 1481 298 in
1497 271 1584 299 nobis
1598 272 1643 299 vix
1658 273 1686 299 in
1699 273 1810 309 passio-

984 315 1071 343 nibus
1087 316 1295 344 moderantiam
1314 319 1533 352 consequantur
1544 316 1558 343 Ῡ
1572 316 1705 353 Namque
1732 319 1807 353 jeju-

986 360 1066 388 nium
1082 360 1181 396 aliquo
1197 361 1283 388 modo
1299 361 1429 388 similare
1445 361 1514 388 facit
1528 361 1648 395 angelis,
1665 365 1808 397 quantum

985 413 1038 441 per
1051 405 1138 432 vitam
1155 405 1315 440 angelicam
1329 405 1364 433 ad
1384 414 1480 433 veram
1506 406 1614 432 mentis
1636 407 1809 435 tenuitatem

986 449 1123 477 conducit
1134 450 1328 485 jejunantem,
1344 449 1411 477 licet
1425 450 1474 477 ille
1491 449 1665 485 plerumque
1680 458 1732 486 per
1758 452 1808 478 de-

987 493 1058 521 clive
1087 502 1121 522 ac
1148 496 1285 521 terrestre
1314 495 1454 530 corporis,
1479 494 1646 530 talijejunii
1664 495 1812 530 proposito

987 538 1150 566 naturalem
1176 538 1283 566 habeat
1311 539 1556 567 contrarietatem.
1586 539 1739 575 Proprium
1769 542 1815 567 est

988 591 1056 619 ergo
1072 583 1207 618 paradiso
1222 583 1353 619 ocsloque
1364 583 1523 619 jejunium,
1539 585 1567 611 et
1582 583 1639 611 ista
1667 584 1726 611 duo
1751 583 1814 612 loca

989 629 1058 655 sunt
1083 627 1138 663 ipsi
1169 627 1255 663 patrii
1279 629 1391 664 portus,
1409 628 1548 655 amabiles
1563 628 1631 661 Deo,
1647 628 1813 657 animarum

989 671 1260 707 requies,inaccessi
1277 672 1470 706 daemonibus;
1486 673 1609 707 ideoque
1625 673 1740 701 duobus
1755 673 1814 701 illis

985 716 1132 753 jejunium
1149 716 1326 744 constituere
1340 716 1403 743 vult
1418 725 1466 744 eos
1482 717 1532 752 qui
1558 716 1689 752 pulchre,
1715 718 1815 752 juxta-

991 769 1048 797 que
1063 765 1173 788 reclum
1187 769 1318 797 scopum,
1335 761 1385 797 qui
1401 761 1464 789 sola
1478 761 1550 789 bene
1565 761 1702 797 dirigitur
1721 762 1817 790 chari-

990 808 1061 837 tate,
1075 805 1140 842 ipso
1156 805 1301 834 laetantur.

1027 859 1070 886 ιο.
1087 859 1144 886 Nec
1159 859 1237 886 enim
1253 858 1410 894 pulchrum
1430 859 1536 895 jejunii
1566 859 1717 888 metallum
1747 869 1815 888 eum

994 903 1145 931 charitatis
1173 903 1269 930 aureis
1298 912 1355 931 non
1381 903 1589 931 commiscetur
1602 903 1749 938 inventis;
1765 905 1815 932 sed

995 950 1023 975 et
1037 947 1116 974 istud
1133 947 1242 975 bonum
1258 947 1326 983 ipsi,
1342 947 1418 976 sicut
1445 950 1474 976 et
1501 948 1598 984 ipsum
1628 949 1816 984 praecedenti-

990 991 1057 1025 bus,
1085 991 1273 1019 admiscetur.
1303 992 1420 1020 Scimus
1448 1000 1561 1025 omnes,
1592 992 1817 1029 quibuscunque

992 1036 1080 1064 datur
1094 1035 1178 1069 scire,
1190 1036 1362 1064 charitatem
1375 1036 1404 1063 in
1420 1037 1504 1064 nobis
1520 1037 1659 1073 ajejunio
1674 1038 1817 1072 generari,

993 1089 1051 1107 non
1067 1080 1161 1108 solum
1178 1088 1254 1115 eam,
1271 1089 1344 1115 quas,
1361 1081 1447 1109 ut'ita
1462 1081 1568 1116 dicam,
1586 1081 1732 1109 inhaerens
1753 1085 1819 1116 est;

993 1124 1044 1153 sed
1073 1127 1102 1152 et
1124 1125 1401 1161 transgredientem,
1430 1125 1485 1158 vel,
1508 1129 1540 1153 ut
1555 1125 1638 1154 aliter
1652 1126 1819 1162 loquamur,

994 1177 1058 1196 eam
1075 1177 1138 1204 quas
1155 1170 1191 1197 ad
1205 1177 1236 1196 se
1247 1168 1340 1197 tendit
1354 1171 1382 1197 et
1394 1177 1456 1197 eam
1474 1170 1558 1205 quand
1571 1170 1607 1197 ad
1623 1170 1696 1198 alios
1721 1173 1820 1198 exten-

995 1213 1084 1240 ditur.
1101 1213 1170 1240 Dico
1186 1216 1282 1241 autem
1298 1213 1476 1241 insidentem
1489 1216 1519 1242 et
1532 1215 1568 1242 ad
1591 1222 1623 1242 se
1651 1215 1819 1243 tendentem

995 1257 1169 1284 oharitatem
1185 1266 1248 1292 qua)
1263 1258 1298 1285 ad
1312 1257 1508 1292 jejunantem,
1521 1265 1644 1293 eumque
1659 1258 1824 1294 solum,cir-

996 1301 1214 1329 cumscribitur.
1223 1301 1303 1329 Talis
1318 1305 1363 1329 est
1377 1302 1426 1329 ille
1440 1303 1489 1338 qui
1505 1310 1636 1330 seorsum
1653 1303 1682 1331 iu
1698 1311 1750 1340 spe
1768 1305 1823 1332 Deo

996 1346 1156 1374 inhaerente
1172 1346 1371 1380 constituitur,
1384 1348 1413 1374 et
1427 1347 1457 1375 in
1474 1355 1571 1375 eremo
1586 1347 1676 1375 vitam
1692 1350 1761 1384 agit,
1772 1349 1822 1376 ubi

997 1391 1079 1419 solus
1093 1399 1160 1418 eum
1179 1391 1319 1418 Dominus
1335 1392 1509 1420 considerat.
1526 1393 1578 1420 Hic
1593 1393 1672 1421 enim
1693 1394 1823 1422 solitario

997 1436 1171 1463 oharitutem
1187 1436 1275 1463 habet
1290 1436 1320 1463 in
1336 1444 1367 1464 se
1382 1436 1571 1470 insidentem,
1596 1440 1625 1465 et
1653 1439 1716 1474 ipse
1743 1438 1822 1467 solus

997 1480 1077 1507 illam
1095 1480 1293 1516 perﬁcientem
1307 1481 1396 1508 sentit
1412 1481 1594 1509 affectionem
1605 1482 1695 1517 hujus
1706 1483 1824 1511 virtutis

999 1525 1095 1552 radios
1112 1525 1147 1552 ad
1164 1523 1322 1552 luoendum
1338 1525 1404 1552 aliis
1420 1534 1476 1552 non
1493 1527 1761 1562 expandens,sicuti
1773 1535 1826 1555 nec

998 1569 1052 1603 sol,
1069 1571 1211 1604 quantum
1230 1569 1284 1596 sub
1300 1572 1377 1596 terra
1388 1570 1563 1606 contegitur.

149 1622 204 1658 μα’.
222 1623 270 1649 Καὶ
300 1621 413 1657 τοιαύτη
445 1622 493 1658 μὶν
521 1623 539 1657 ἠ
564 1621 706 1660 ἐγκάθετος
720 1622 765 1649 καὶ
782 1621 938 1656 αὖτοπαθῆς

1032 1601 1170 1649 Alt-Talis
1185 1624 1230 1650 est
1244 1621 1363 1658 quidem
1379 1601 1518 1656 charitas,
1534 1625 1568 1650 ut
1580 1624 1675 1659 typice
1686 1624 1825 1652 breviter-

110 1666 216 1705 ἀγάπη,
246 1667 284 1698 ὡς
304 1666 381 1703 τύπῳ
409 1667 488 1706 φάναι
518 1666 562 1694 καὶ
588 1666 733 1704 παχυλῶς·
759 1667 777 1701 ἡ
805 1665 833 1693 δὲ
861 1676 941 1702 μετα-

111 1709 212 1747 ϐατικὴ
236 1711 280 1739 καὶ
296 1710 457 1746 ἀλλοπαῦὴς
473 1710 504 1738 οὐ
519 1711 678 1749 περιγράφει
694 1711 724 1738 τὸ
749 1710 832 1746 αὐτῆς
856 1710 939 1738 καλὸν

111 1754 152 1788 εἰ¹ς
168 1767 231 1784 τινα
243 1754 301 1790 ἕνα,
317 1754 449 1783 πλατύνει
474 1754 502 1783 δὲ
530 1755 745 1794 αὖτομερίζουσα
774 1754 813 1786 είς
839 1755 939 1791 κοινὸν,

109 1802 172 1829 καθ’
203 1800 265 1829 ὅσον
296 1800 351 1829 οἶόν
380 1801 410 1828 τὲ
438 1800 529 1828 ἐστιν.
559 1801 589 1829 Ὁ
625 1802 691 1838 γοῦν
726 1801 764 1837 μὴ
801 1799 939 1832 λανθάνων

110 1845 275 1884 ἀνθρώπους
302 1845 472 1881 τηστειιτής,
504 1843 575 1881 μηδὲ
602 1844 770 1882 προθέμενος
796 1845 941 1882 ἀναχωρη-

108 1893 198 1921 τικῶς
213 1891 301 1928 βιοῦν,
330 1889 374 1917 καὶ
391 1889 462 1917 οὕτω
488 1890 527 1926 μὴ
556 1889 638 1926 μόνον
667 1889 837 1927 ἀνθρωπους,
865 1888 939 1925 ἀλλ’,

110 1936 135 1963 εἶ
164 1935 289 1970 δυνατὸν,
305 1934 349 1962 καὶ
365 1934 444 1962 αὐτὸν
469 1933 550 1969 ἥλιον
575 1934 804 1969 ἀποκρύπτεσθαι,
835 1934 937 1973 φαίνειν

111 1980 140 2009 δὲ
152 1981 200 2009 καὶ
217 1980 309 2008 ἑαυτὸν
325 1980 370 2008 καὶ
394 1979 425 2008 τὸ
449 1980 507 2007 κατ’
533 1979 612 2006 αὐτὸν
638 1982 695 2018 φῶς
716 1979 742 2007 ἐν
757 1981 791 2016 τῇ
806 1981 854 2006 τοῦ
879 1979 938 2017 βίου

111 2025 218 2062 σκοτίᾳ,
234 2026 278 2053 καὶ
297 2025 368 2052 οὕτω
384 2022 567 2062 περίϐλεπτος
583 2025 661 2058 εἶναι,
692 2023 730 2055 εἰς
746 2024 777 2051 τὸ
805 2023 939 2062 θειότερον
959 2050 962 2052 .

109 2073 160 2105 τῆς
176 2070 287 2108 ἀγάπης
316 2069 452 2104 ἀπονεύει,
477 2069 520 2095 καὶ
551 2068 589 2099 εἵς
601 2067 684 2095 πλέον
702 2068 873 2104 ἐξομοιοῦται
899 2071 939 2104 τῷ

111 2118 182 2152 Θεῷ.
200 2114 250 2142 Καί
264 2115 314 2153 γάρ
329 2124 372 2141 τοι
398 2113 442 2141 καὶ
458 2113 472 2140 ὁ
489 2113 552 2144 Θεὸς
569 2113 620 2140 οὐκ
643 2112 765 2150 ἀρκεῖται
788 2112 938 2150 στρογγυλ-

112 2159 232 2196 λόμενος
248 2158 285 2190 εἷς
301 2158 393 2185 ἑαυτὸν
423 2157 468 2184 καὶ
493 2156 613 2195 σφίγγων
636 2156 680 2184 καὶ
704 2159 883 2194 στενοχωρῶν
908 2157 938 2184 τὸ

112 2204 282 2242 αὐτάγαϐον,
323 2202 387 2230 ἀλλ’
423 2201 536 2238 ἐξαπλοῖ
570 2201 750 2229 ἐπεκτείνων·
788 2201 833 2228 καὶ
868 2201 938 2228 οὕτω

112 2248 249 2284 πληθύνει
273 2247 306 2275 τὰ
330 2245 543 2285 εὐεργετούμενα
567 2246 604 2276 ὠς
634 2245 770 2272 ἑκάστοτε·
801 2244 842 2272 ὅτι
869 2244 939 2282 μηδὲ

113 2282 259 2327 ἐπαόσατο,
276 2293 321 2320 οἷα
348 2282 469 2327 καθάπαξ
485 2290 641 2329 ἐνεργήσας,
657 2289 730 2318 ἀλλὰ
744 2291 788 2318 καὶ
812 2289 865 2321 ἕως
882 2289 941 2329 ἄρτι
956 2282 981 2315 D

116 2339 267 2377 ἐργάζεται.

157 2423 212 2462 μϐ¹⁸
242 2425 302 2459 Καὶ,
338 2425 409 2454 οὕτω
451 2427 497 2463 μὲν
527 2427 544 2461 ἡ
571 2425 683 2461 νηστεία
707 2427 799 2463 κρᾶμα
827 2424 944 2463 χρύσεον

119 2470 243 2499 ἀλλοίων
271 2470 300 2497 τὲ
320 2469 389 2498 ἐστιν
415 2471 516 2506 ἀρετῶν
541 2471 586 2498 καὶ
613 2470 718 2508 ἀγάπης
745 2471 842 2504 αὐτῆς,
859 2468 894 2498 δι’
909 2470 943 2505 ἧς

118 2516 212 2544 καὶτὸ
235 2515 335 2547 ἀπαθὲς
366 2515 412 2550 μὲν
437 2517 490 2542 τῶν
513 2526 567 2543 τισι
589 2518 741 2550 νηστευτῶν
767 2515 943 2553 περιγίνεται,

120 2561 160 2592 εἷς
176 2559 260 2588 πλέον
284 2559 312 2587 δέ
336 2570 366 2597 γε
392 2559 424 2587 τὸ
450 2559 636 2597 μετριοπαθές.
652 2561 705 2588 Καὶ
721 2560 776 2587 ἐστι
804 2561 942 2597 μακαριώ-

119 2615 199 2633 τατον
227 2605 274 2641 μὲν
301 2604 387 2639 ἐκελνο
411 2604 635 2640 κατορθούμενον,
654 2605 698 2631 ὅτε
721 2614 761 2634 τις
785 2602 893 2639 δηλαδή
919 2604 945 2635 ἐς

120 2651 250 2676 τοσοῦτον
266 2647 388 2685 ἀνδρεῖος
403 2647 512 2685 γενηται
537 2647 605 2674 καθά
619 2649 711 2679 παθῶν
736 2647 780 2674 καὶ
804 2647 944 2685 ἀπρόσμα-

123 2703 187 2731 χος.
203 2694 240 2726 ὡς
257 2691 327 2730 μηδὲ
341 2691 448 2728 τολμᾷν
466 2691 573 2728 ἐμπαθῆ
601 2689 735 2729 λογισμὸν
760 2689 945 2728 προσϐάλλειν

124 2737 208 2774 αὐτῷ,
240 2736 310 2774 μηδὶ
338 2739 532 2774 κατορχεῖσθαι
569 2736 644 2771 αὐτῷ
671 2736 717 2763 τὸν
753 2735 947 2764 ἐπιστατοῦντα

125 2784 184 2813 τοῖς
213 2783 334 2813 tono-31:0:
363 2780 490 2818 δαίμονα.
529 2780 663 2808 Διάκειται
702 2781 754 2818 γὰρ
783 2780 796 2807 ὁ
822 2783 947 2813 τοιοῦτος

129 2825 269 2866 ἄνθρωπος
284 2826 353 2865 πρὸς
366 2826 401 2853 τὰ
414 2825 499 2862 πάθη,
514 2825 552 2856 ὡς
575 2824 598 2853 εἰ
622 2824 667 2852 καὶ
696 2824 802 2862 ἠγνόει,
829 2824 856 2852 τί
882 2825 947 2853 ποτὲ

996 1666 1175 1702 queloquar,
1199 1666 1332 1694 insidens
1361 1670 1388 1694 et
1417 1667 1472 1695 sibi
1503 1667 1645 1695 sentiens.
1677 1667 1728 1695 illa
1756 1677 1823 1696 vero

994 1711 1214 1747 transgrediens
1225 1713 1254 1738 et
1269 1712 1304 1739 ad
1320 1711 1394 1739 alios
1410 1711 1556 1747 aspirans,
1573 1712 1618 1740 sui
1636 1713 1744 1740 bonum
1766 1721 1824 1741 non

995 1756 1211 1784 circumscribit
1220 1756 1255 1783 ad
1268 1764 1360 1783 unum
1372 1757 1594 1792 quemdam,sed
1607 1757 1641 1785 ad
1653 1765 1821 1793 commune,

994 1801 1188 1836 quodcunque
1203 1800 1242 1828 sit
1253 1803 1280 1828 et
1292 1800 1696 1836 qualecunque,distribntiva
1712 1810 1821 1838 expan-

994 1845 1047 1873 dit.
1063 1845 1116 1873 Hic
1128 1854 1196 1882 ergo
1214 1845 1264 1882 qui
1281 1854 1338 1873 non
1355 1846 1490 1874 homines
1507 1846 1577 1874 latet
1588 1847 1740 1882 jejunans,
1769 1855 1823 1875 nec

995 1890 1050 1918 sibi
1068 1890 1222 1926 proposuit
1238 1890 1440 1918 anachoretice
1453 1891 1560 1925 vivere,
1577 1893 1606 1919 et
1622 1892 1674 1926 ita,
1686 1900 1743 1920 non
1757 1893 1824 1920 tan-

993 1941 1056 1967 tum
1074 1934 1254 1968 hominibus,
1271 1935 1321 1962 sed
1338 1935 1437 1969 etiam,
1464 1936 1488 1963 si
1515 1936 1655 1972 possibile
1683 1937 1766 1971 foret,
1796 1939 1826 1964 et

993 1979 1049 2014 ipsi
1065 1979 1120 2006 soli
1137 1979 1330 2007 absconditus
1347 1988 1422 2014 esse,
1439 1981 1627 2009 manifestare
1638 1989 1704 2009 vero
1721 1990 1825 2017 propo-

991 2024 1051 2051 suit
1066 2026 1129 2051 tum
1144 2024 1347 2059 semetipsum,
1362 2027 1426 2052 tum
1445 2025 1523 2060 quod
1540 2025 1569 2052 in
1587 2034 1618 2053 se
1639 2028 1683 2053 est
1712 2026 1824 2060 lumen,

993 2064 1023 2094 in
1040 2068 1104 2094 vitae
1118 2068 1256 2102 tenebris,
1266 2070 1296 2095 et
1311 2068 1351 2096 ita
1362 2069 1540 2104 conspicuus
1555 2077 1629 2103 esse,
1643 2070 1678 2097 ad
1693 2069 1734 2102 id,
1747 2070 1824 2105 quod

993 2111 1112 2138 virtutis
1128 2114 1172 2138 est
1187 2112 1326 2147 divinius,
1343 2114 1371 2139 et
1391 2113 1472 2148 quod
1495 2115 1552 2140 Doo
1582 2114 1676 2150 magis
1706 2113 1826 2150 propin-

994 2158 1075 2191 quat,
1104 2155 1207 2183 tendit.
1232 2156 1345 2184 Etenim
1360 2157 1437 2184 Deus
1453 2165 1510 2184 non
1527 2159 1682 2186 contentus
1699 2160 1743 2186 est
1758 2167 1826 2194 pro-

994 2200 1090 2236 prium
1109 2200 1230 2233 bonum,
1248 2201 1447 2236 comprimens
1462 2204 1490 2229 et
1504 2203 1703 2236 coarctans,in
1719 2205 1826 2230 semet-

993 2245 1090 2281 ipsum
1108 2245 1346 2280 conglobare,sed
1364 2247 1532 2282 expandens
1548 2247 1825 2281 evolvitillud;etsio

997 2290 1083 2326 quasi
1113 2292 1252 2326 perpetuo
1281 2291 1433 2318 benefacta
1448 2291 1623 2327 multiplicat
1639 2300 1645 2318 :
1662 2301 1729 2320 nam
1747 2293 1824 2320 haud

997 2335 1107 2370 quievit
1121 2335 1191 2371 quia
1203 2335 1292 2363 semel
1306 2338 1444 2371 operatus
1467 2338 1521 2372 est,
1552 2337 1603 2364 sed
1629 2345 1723 2373 usque
1746 2346 1825 2365 nune

998 2379 1085 2407 etiam
1100 2382 1248 2415 operatur.

1034 2424 1079 2451 42.
1091 2424 1126 2451 Et
1140 2424 1181 2451 ita
1197 2423 1314 2460 quidem
1329 2425 1475 2460 jejunium
1505 2434 1594 2453 aurea
1621 2425 1701 2454 scala
1725 2428 1770 2455 est
1797 2429 1824 2454 et

999 2471 1170 2496 caeterarum
1200 2468 1342 2496 virtutum
1359 2472 1385 2496 et
1402 2469 1496 2505 ipsius
1510 2470 1672 2501 charitatis.
1690 2480 1748 2507 qua
1760 2471 1826 2508 qui-

1001 2514 1066 2541 dem
1079 2513 1278 2549 jejunantium
1292 2513 1440 2549 aliquibus
1456 2515 1574 2550 apathia
1589 2518 1755 2551 generatur,
1771 2525 1824 2544 sie-

1000 2559 1069 2593 ptus
1084 2560 1182 2585 autem
1200 2557 1370 2594 passionum
1387 2559 1556 2587 moderatio.
1573 2560 1608 2587 Et
1635 2562 1680 2588 cst
1707 2561 1825 2596 quidem

1001 2602 1048 2629 ille
1064 2601 1252 2629 felicissimus
1268 2611 1435 2636 successus,
1451 2604 1569 2639 quando
1585 2605 1650 2640 quis
1666 2605 1737 2632 adeo
1757 2613 1826 2633 con-

1000 2649 1046 2674 tra
1060 2647 1211 2682 passiones
1227 2647 1264 2674 sit
1280 2649 1308 2674 et
1322 2647 1460 2682 invictus,
1478 2651 1510 2676 ut
1528 2657 1586 2676 non
1613 2649 1719 2677 audeat
1742 2649 1826 2677 illum

1000 2690 1143 2719 lacessere
1159 2691 1273 2718 turbata
1290 2692 1363 2719 ratio
1381 2693 1462 2721 fortis
1480 2701 1532 2720 nec
1548 2693 1589 2720 illi
1606 2694 1749 2721 insultare
1776 2693 1826 2729 qui

1001 2736 1112 2763 talibus
1140 2738 1254 2771 praest,
1274 2736 1419 2764 diabolus.
1437 2738 1479 2765 Ad
1496 2739 1650 2774 passiones
1666 2739 1743 2766 enim
1760 2738 1828 2766 talis

1003 2781 1090 2808 homo
1105 2788 1137 2808 se
1151 2780 1247 2815 habet,
1277 2782 1362 2817 quasi
1391 2791 1447 2810 non
1478 2785 1666 2819 cognosceret
1689 2783 1759 2820 quid
1790 2784 1830 2811 sit

1003 2824 1126 2859 malum,
1136 2826 1165 2853 et
1178 2825 1262 2861 quasi
1278 2834 1336 2854 non
1352 2829 1430 2856 esset
1444 2827 1531 2856 homo
1547 2828 1702 2864 subjacens
1717 2829 1829 2865 passio-
