2030 3167
223 173 283 204 615

611 173 826 204 EUSTATBll
848 171 997 203 THESSA
1005 171 1232 202 LONICENSIS
1257 170 1547 203 METROPOLITE

1876 174 1923 204 6l6

221 241 319 269 nibus.
335 240 370 268 Et
385 240 427 268 ita
442 240 562 276 quidem
579 240 639 268 illie
656 248 754 268 revera
770 239 959 268 felicissimus
982 241 1026 267 est
1042 248 1048 267 :

1107 237 1161 266 ἐστι
1177 238 1208 266 τὸ
1223 238 1318 274 κακὸν,
1340 239 1385 266 καὶ
1401 239 1438 270 ὡς
1463 239 1486 267 εἰ
1504 238 1574 277 μηδὲ
1588 238 1740 277 ἄνθρωπός
1765 239 1846 275 ἐστιν,
1871 241 1926 268 ὑπο-

219 285 287 314 felix
301 287 398 313 autem
414 285 502 313 etiam
518 287 563 313 est
578 285 784 321 posterior,qui
795 285 922 313 luctatur
931 285 1048 321 quidem

220 331 249 358 et
278 329 383 365 agitur.
418 330 467 358 sed
503 338 560 357 non
595 329 748 364 dejicitur;
784 331 896 365 pugnat
929 329 1048 365 quidem

220 375 363 402 adversus
386 374 488 401 animae
511 373 670 407 turbinem,
689 374 738 402 sed
755 376 890 410 superest
909 376 938 402 et
952 376 1049 402 stran-

219 419 302 455 gulat
318 419 406 446 veluti
423 420 543 446 Samson
561 419 686 452 leonem,
703 421 730 446 et
747 419 831 454 quasi
861 427 950 455 super
974 419 1049 455 aspi-

219 464 284 491 dem
300 465 328 490 et
338 463 509 491 basiliscum
526 463 669 495 ambulat,
683 466 710 491 et
724 472 781 491 non
797 464 938 491 mentitur
953 463 1048 491 homi-

217 516 284 536 nem
301 516 365 536 vere
382 508 496 543 fortem,
507 508 671 544 ipse,juxla
684 508 879 544 proverbium,
894 508 1048 541 violentus,

216 553 334 588 rapiens
350 552 498 587 virtutem,
520 553 686 588 pancratice
700 553 819 588 quidem
835 553 997 588 debellans,
1008 554 1048 581 vi-

218 600 282 625 ctus
299 599 397 625 autem
414 606 569 633 nunquam
585 597 733 625 decidens.
752 597 834 625 Prior
849 598 969 634 quidem
984 606 1050 626 vere

219 650 268 669 rex
280 642 419 670 adversus
435 642 588 677 passiones
605 644 658 677 est,
676 642 820 678 posterior
835 644 931 670 autem
948 642 1050 670 subre-

218 686 316 722 gulus.
334 686 400 714 Ideo
430 688 458 714 et
482 685 530 714 ille
560 687 703 714 rationem
732 695 789 714 non
819 687 906 714 habet
930 687 1051 716 redden.

219 730 287 758 dam
305 738 312 758 :
330 731 364 758 de
380 738 437 766 quo
451 730 528 758 enim
546 731 580 758 ab
597 731 646 758 illo
661 731 735 759 ratio
762 731 974 767 requireretur,
999 732 1050 768 qui

218 774 293 802 nihil
308 777 364 803 Deo
380 774 539 810 displicens
555 775 616 810 agit
627 776 641 802 ?
656 776 708 803 Hic
724 779 823 804 autem
839 776 959 804 haberet
978 776 1051 804 forte

217 819 359 855 rationes,
373 822 404 847 ut
419 819 543 855 videtur,
559 820 609 848 tali
627 821 687 856 regi
704 821 878 855 reddendas,
892 821 976 857 quasi
993 830 1050 849 non

217 864 275 892 cito
292 865 403 900 potitus
418 864 556 898 victoria,
573 865 615 892 vel
629 865 722 901 legem
740 865 884 893 athleticae
900 869 1050 902 transgre-

215 909 309 944 diens,
328 909 446 945 quando
463 917 519 937 non
541 910 625 945 juxta
653 910 863 937 discretionem
893 914 1047 950 operatur;
1066 928 1087 959 Β

215 954 302 989 cujus
317 954 504 982 discretionis
537 954 611 982 ﬁnes
642 957 712 982 sunt
727 954 777 990 qui
795 963 852 982 non
868 958 945 982 recte
961 955 1048 983 attin-

215 1000 370 1035 gunt,cum
382 999 553 1034 jejunantes
569 1007 584 1026 a
600 999 764 1027 canonibus
780 999 1046 1036 diriguntur.Perii-

216 1044 255 1072 cit
270 1046 368 1071 autem
385 1047 411 1071 et
427 1043 456 1070 in
476 1043 548 1080 ipsis
573 1043 661 1071 talem
685 1044 895 1072 discretionem
921 1044 1048 1072 Charitas

216 1097 286 1125 erga
316 1089 431 1117 fratres.
458 1089 515 1116 Hac
530 1089 620 1124 :enim
637 1089 830 1125 semetipsum
846 1089 983 1125 regulaus
998 1097 1049 1130 qui

217 1133 448 1161 moderationem
465 1141 536 1170 erga
552 1142 582 1162 se
598 1136 626 1161 et
641 1134 868 1162 circumstantes
878 1142 908 1162 se
917 1133 1047 1175 adhibet,

214 1178 340 1206 invictus
354 1178 520 1214 egredietur
534 1178 654 1213 athleta,
669 1179 774 1214 parlim
795 1179 913 1214 quidem
943 1178 1049 1214 paulu-

213 1222 276 1250 lum
292 1223 408 1255 cedens,
427 1222 533 1258 partim
555 1231 622 1250 vero
637 1223 695 1250 vim
712 1223 855 1250 adhibens
868 1231 874 1257 ;
886 1225 914 1250 et
929 1223 971 1250 sic
986 1222 1049 1259 ipse

215 1275 331 1303 quoque
346 1267 455 1295 bonum
471 1267 588 1303 rapiens
605 1276 612 1301 ;
630 1267 670 1294 ita
687 1271 718 1294 ut
742 1267 790 1303 qui
821 1267 884 1295 sine
914 1267 1050 1303 passione

214 1314 269 1347 est,
279 1312 403 1348 ignoret,
421 1312 625 1348 simplicitatis
640 1312 813 1348 oausa,quid
830 1315 982 1348 peccatum
999 1318 1049 1342 aut

215 1364 337 1393 peccare
352 1356 468 1392 sit-,qui
486 1365 552 1384 vero
569 1357 798 1384 moderationem
816 1356 844 1384 in
861 1356 1048 1392 passionibus

217 1401 315 1435 habet,
332 1401 458 1429 scienter
473 1400 593 1437 quidem
610 1409 643 1428 ex
659 1401 760 1437 regula
779 1401 857 1434 boni,
889 1401 960 1436 quid
990 1409 1047 1429 non

216 1446 256 1474 sit
284 1446 395 1474 bonum
426 1446 516 1474 etiam
533 1448 701 1482 cognoscat,
717 1446 768 1474 sed
783 1446 812 1474 vi
826 1454 949 1482 regnum
965 1445 1048 1474 ecclo-

219 1499 286 1518 rum
303 1491 406 1527 rapiat.

249 1545 298 1572 43.
315 1544 360 1572 Sic
376 1544 534 1572 constituto
551 1543 638 1572 nobis
655 1546 683 1572 et
710 1544 766 1572 isto
795 1545 920 1580 negotio,
948 1552 1048 1580 super-

216 1589 322 1625 adjicio
350 1589 385 1616 de
414 1589 580 1624 precatione
608 1588 765 1622 talentum,
781 1591 869 1625 atque
886 1589 921 1616 de
934 1588 1045 1624 plenis-

215 1634 290 1662 sima
305 1633 449 1661 talentum
467 1633 676 1661 misericordia.
688 1633 828 1669 Superius
841 1633 919 1661 enim
931 1632 1043 1668 aliquid

214 1679 299 1706 breve
308 1679 343 1706 de
353 1679 442 1714 hujus
453 1678 605 1706 nummulo
616 1678 945 1714 proposuimus.Horum
953 1680 1048 1705 autem

217 1723 343 1751 duorum
360 1723 538 1751 talentorum
555 1722 629 1750 illud
646 1723 765 1758 quidem
781 1722 877 1750 tendit
892 1722 926 1749 ad
948 1722 1047 1758 ipsum

216 1768 320 1801 Deum,
338 1768 373 1795 ad
390 1776 478 1803 quem
494 1767 650 1795 ascendere
666 1767 748 1794 bona
766 1775 865 1802 preces
877 1767 1046 1804 ostendunt;

215 1812 270 1840 hoc
284 1814 381 1840 autem
397 1812 432 1839 ad
448 1811 528 1838 illius
538 1811 705 1846 fratres,qui
722 1811 808 1838 nobis
825 1810 940 1838 minimi
950 1811 1048 1838 viden-

213 1857 273 1891 tur,
288 1857 340 1884 sed
354 1855 440 1883 aliter
452 1855 531 1890 apud
548 1857 638 1882 Deum
654 1855 782 1890 adstant,
798 1864 814 1882 a
830 1855 939 1891 quibus
956 1855 1045 1883 etiam

218 1903 327 1928 nostra;
342 1907 443 1935 preces
459 1900 495 1927 ad
510 1899 595 1927 illum
612 1899 808 1935 trsjiciuntur.

253 1989 296 2016 44.
316 1988 486 2025 Mysterium
502 1988 633 2025 exprimo
648 1989 731 2017 vobis
747 1989 972 2021 sacerdotale,in
989 1997 1046 2025 quo

216 2041 351 2062 seorsum
368 2036 532 2070 peccantes,
550 2042 617 2061 cum
631 2042 714 2062 sacra
743 2033 878 2068 facimus,
909 2043 1046 2070 rogamus

218 2081 251 2107 ut
265 2078 407 2108 Dominus
423 2081 556 2114 protegat
571 2086 621 2106 eos
637 2079 686 2114 qui
703 2087 864 2114 pauperum
877 2087 993 2114 quoque
1004 2087 1048 2106 re-

217 2125 385 2156 cordentur,
400 2124 441 2151 ita
457 2126 488 2151 ut
504 2123 681 2159 precationis
696 2123 770 2151 hora
784 2123 850 2151 illos
879 2131 1047 2158 assumens,

217 2171 361 2205 quotquot
375 2168 498 2196 fratrum
514 2168 578 2202 ejus
587 2168 835 2203 meminerunt,ad
846 2170 936 2195 Deum
949 2175 1048 2195 coram

215 2213 311 2250 ipsius
326 2212 512 2241 sanctissimo
528 2213 634 2240 throno
651 2213 804 2245 sistat.Qui
819 2221 884 2241 vero
901 2212 974 2240 tales
989 2221 1048 2240 non

217 2261 287 2286 sunt
302 2266 360 2286 non
376 2257 437 2285 illic
453 2257 700 2293 appropinquant.
716 2258 861 2286 Janitores
884 2266 952 2293 ergo
980 2259 1049 2284 sunt

1103 283 1227 320 κείμενος
1264 285 1371 315 πάθεσι,
1408 285 1461 312 Καὶ
1495 284 1566 312 οὕτω
1606 286 1651 322 μὲν
1697 286 1786 316 αὐτὸς
1814 288 1851 321 τῷ
1881 283 1926 314 ὂ-ιτι

1105 328 1322 366 μακαριώτατοςν
1368 328 1501 366 μακάριος
1540 328 1568 357 δὲ
1606 330 1649 357 καὶ
1696 330 1713 358 ὁ
1745 328 1878 367 δεύτερος,
1902 332 1927 362 ὃς

1103 372 1213 401 παλαίει
1243 373 1289 410 μὶν
1319 374 1363 400 καὶ
1395 371 1566 411 στροϐεῖται,
1597 374 1627 402 οὐ
1655 373 1874 412 καταῤῥίπτεται
1895 374 1925 404 Si;

1103 417 1147 445 κάὶ
1177 420 1318 456 πυγμαχεῖ
1345 418 1392 454 μὲν
1417 417 1485 446 κατὰ
1512 421 1559 445 τοῦ
1588 418 1737 456 ἐμπαθοῦς
1758 422 1810 453 τῆς
1837 421 1928 458 ψυχῆς,

1103 461 1266 500 περιγίνεται
1282 461 1310 490 δὲ
1324 463 1368 490 καὶ
1399 461 1488 500 ἄρχει,
1506 464 1543 495 ὡς
1556 464 1600 491 οἷα
1622 463 1667 491 καὶ
1689 465 1822 500 Σαμψὼν
1835 463 1928 501 λέοντα,

1103 507 1148 534 καὶ
1164 507 1201 538 ὡς
1223 507 1266 534 ἐπὶ
1296 506 1394 535 ἀσπίδα
1416 507 1461 535 καὶ
1488 507 1645 545 βασιλίσκον
1664 506 1823 542 ἐπιϐαίνει,
1838 508 1880 535 καὶ
1901 511 1928 537 οὗ

1103 551 1228 589 ψεύδεται
1257 552 1302 580 τὸν
1332 549 1417 583 ὅντως
1446 551 1571 591 ἀνδρεῖον
1600 552 1767 591 ἄνθρωπον,
1790 553 1858 591 πρὸς
1881 554 1929 592 βίαν

1104 598 1172 626 κατᾶ
1195 598 1240 626 τὸν
1271 598 1380 626 εἰπόντα
1405 598 1545 636 κτώμενος
1569 599 1617 634 τήν
1648 599 1770 638 ἀρε-τήν,
1797 599 1844 626 καὶ
1871 610 1930 638 παγ-

1104 643 1254 681 κρατιάζων
1284 643 1331 680 μὶν
1356 643 1537 676 ἀεθλευτικως
1564 643 1612 672 οὐκ
1638 643 1791 672 ἐκπίπτων
1822 642 1851 671 δὲ
1876 655 1930 672 ποτε

1105 686 1238 726 δεύτερος.
1255 687 1307 716 Καὶ
1323 686 1393 716 ἔστιν
1419 689 1433 716 ὁ
1458 689 1505 725 μὲν
1530 691 1639 726 πρῶτος
1664 688 1806 726 βασιλεὺς
1820 691 1859 725 τῷ
1884 687 1929 717 ὄντι

1104 733 1173 760 κατὰ
1187 735 1240 760 τῶν
1256 733 1361 767 παθῶν,
1378 733 1391 760 ὁ
1406 731 1434 760 ὃὶ
1456 732 1579 771 δεύτερος
1597 730 1803 764 ὑποϐασιλεύς.
1830 734 1875 760 Διὸ
1894 735 1930 760 mi

1105 777 1206 808 ἐκεῖνος
1236 777 1283 814 μὲν
1307 777 1500 816 ἀνεκλόγιστός
1528 778 1618 806 ἐστιν.
1647 779 1710 806 Ἐπί
1744 777 1802 805 τίνι
1831 778 1880 816 γὰρ
1905 779 1928 806 ἂν

1104 821 1149 849 καὶ
1188 820 1424 858 λογιστευθήσεται
1459 822 1474 849 ὁ
1512 820 1596 858 μηδὲν
1623 832 1649 849 τι
1678 821 1758 859 δρῶν
1791 821 1927 859 ἀπαρέσκαν

1106 867 1180 900 Oili);
1198 865 1229 894 Ὁ
1248 863 1277 892 δε
1293 864 1443 902 ὑπόσχοιτο
1459 865 1488 892 ἂν
1502 875 1569 893 ποτε
1583 864 1697 903 λόγους,
1731 865 1773 896 ὡς
1805 865 1884 899 εἰκὸς,
1897 868 1928 901 τῷ

1102 909 1222 945 τοιούτῳ
1242 909 1361 948 βασιλεῖ,
1378 909 1415 940 ὡς
1428 909 1445 944 ἢ
1465 910 1502 946 μὴ
1518 909 1590 948 ταχὺ
1611 909 1751 947 κυριεύων
1776 913 1828 944 τῆς
1852 909 1926 944 νίκης,

1102 954 1119 989 ἢ
1136 955 1179 981 καὶ
1195 952 1362 992 ὑπερϐαίνων
1382 953 1428 981 τὸν
1456 958 1504 989 τῆς
1530 953 1673 990 ἀθλήσεως
1700 954 1808 991 νόμον,
1833 953 1875 981 ὅτε
1895 955 1924 991 μή

1102 1000 1170 1026 κατὰ
1198 997 1330 1036 διάκρισιν
1361 998 1470 1036 ὲνεργεῖ·
1511 999 1544 1033 ἧς
1572 997 1738 1036 διακρίσεως
1769 998 1822 1026 οὐκ
1848 998 1925 1025 εὐστο-

1103 1045 1215 1081 χοῦντες
1238 1041 1307 1071 ἔστιν
1337 1042 1382 1071 ὅτε
1411 1044 1437 1070 οὶ
1466 1043 1607 1078 νηστευταί
1635 1044 1703 1081 πρὸς
1735 1045 1794 1071 τῶν
1820 1043 1925 1070 κανόνων

1104 1088 1267 1116 εὐθύνονται.
1285 1087 1425 1116 ’Λποτελεῖ
1440 1086 1469 1115 δὲ
1484 1088 1528 1115 καὶ
1554 1087 1580 1115 ἐν
1603 1088 1702 1119 αὐτοῖς
1728 1088 1784 1122 τήν
1809 1087 1924 1123 τοιαύτην

1104 1132 1237 1170 διάκρισιν
1267 1134 1284 1167 ἡ
1309 1132 1377 1170 πρὸς
1399 1132 1463 1163 τοὺς
1494 1130 1628 1172 ἀδελφοὺς
1644 1133 1755 1170 ἀγάπη.
1771 1132 1864 1168 Ταύτῃ
1885 1132 1925 1169 γὰρ

1104 1179 1196 1206 ἑαυτὸν
1222 1177 1369 1212 κανονίζων
1397 1178 1411 1205 ὸ
1439 1177 1669 1215 ἐγκρατευόμενος
1700 1177 1748 1205 ἐπί
1787 1187 1819 1205 τε
1850 1177 1924 1212 ἑαυτῷ

1102 1223 1147 1250 καὶ
1166 1225 1225 1254 τοῖς
1253 1223 1320 1261 ἀμφ’
1349 1221 1438 1256 αὐτὸν,
1468 1222 1603 1257 ἀήττητος
1629 1221 1785 1256 ἀιθλευτὴε
1816 1218 1924 1256 ἀπίκϐή-

1104 1277 1187 1301 σιται,
1212 1270 1250 1302 πῆ
1276 1267 1324 1303 μὲν
1353 1265 1522 1302 ὑπενδιδοὺς,
1551 1268 1589 1299 πῆ
1618 1264 1646 1293 δὲ
1672 1266 1853 1303 βιαζόμενος.
1879 1264 1923 1293 Καὶ

1103 1312 1174 1340 οὕτω
1189 1312 1233 1339 καὶ
1249 1311 1328 1343 αὐτὸς
1343 1311 1468 1349 ἁρπάζων
1484 1311 1515 1340 τὸ
1531 1311 1626 1344 καλὸν,
1642 1311 1679 1342 ὡς
1694 1312 1745 1340 τὸν
1773 1312 1823 1348 μὲν
1846 1311 1922 1344 ἀπαθῆ

1104 1357 1209 1395 ἀγνοεῖν
1227 1356 1381 1392 ἁπλότητος
1398 1356 1484 1394 λόγῳ,
1501 1356 1524 1384 εἰ
1549 1357 1592 1384 καὶ
1610 1354 1680 1384 ἔστιν
1703 1356 1830 1395 ἁμαρτία
1843 1357 1860 1391 ἢ
1874 1355 1920 1391 €59.-

1104 1402 1259 1440 μαρτάνειν,
1275 1401 1320 1429 τὸν
1337 1400 1366 1429 δὲ
1383 1402 1550 1439 μετριοπαθῆ
1568 1399 1667 1428 ιῗδέναι
1686 1401 1735 1437 μὲν
1753 1401 1922 1435 ἐπιστημονι-

1102 1449 1156 1478 xiii:
1173 1446 1263 1473 κανόνι
1279 1447 1327 1473 τοῦ
1342 1446 1429 1473 καλοῦ
1443 1446 1488 1473 καὶ
1504 1445 1533 1473 τὸ
1551 1446 1588 1482 μὴ
1612 1445 1708 1480 καλὸν,
1737 1446 1878 1483 βιάζεσθαι
1898 1441 1921 1471 δὲ

1101 1492 1151 1526 τὴν
1170 1489 1308 1529 βασιλείαν
1323 1492 1378 1517 τῶν
1390 1490 1523 1528 οὐρανῶν.

1140 1545 1195 1582 μγ’.
1212 1543 1290 1573 Οὕτω
1306 1543 1503 1579 καθεσταμένον
1516 1544 1584 1580 ἡμῖν
1599 1543 1644 1571 καὶ
1665 1542 1749 1571 τοῦδι
1773 1544 1823 1570 τοῦ
1847 1551 1920 1579 πραγ-

1105 1590 1286 1626 ματεύματος,
1334 1588 1548 1626 προσεπιτίθημι
1594 1588 1640 1616 καὶ
1686 1588 1717 1616 τὸ
1767 1588 1837 1616 χατᾶ
1878 1587 1918 1620 τὴν

1106 1644 1117 1658 α
1131 1635 1316 1672 προσευχὴν»
1339 1632 1480 1667 τάλαντον,
1505 1633 1549 1660 καὶ
1570 1632 1603 1660 τὸ
1626 1632 1694 1660 κατὰ
1715 1633 1764 1660 τὸν
1794 1644 1809 1659 ‹‹
1825 1630 1894 1659 ἔλεον
1908 1642 1919 1655 ιι

1102 1679 1149 1706 τὸν
1169 1678 1370 1716 πληρὲσ-τατον.
1398 1677 1508 1705 ’Λνόπιν
1537 1678 1589 1715 γὰρ
1617 1677 1706 1715 βραχύ
1737 1688 1768 1705 τι
1801 1679 1849 1704 τοῦ
1873 1675 1918 1702 κατ’

1102 1722 1182 1750 αὐτὸν
1211 1720 1425 1760 προεϐαλόμεθα
1448 1721 1593 1759 κέρματος.
1620 1721 1731 1750 Τούτων
1760 1721 1790 1750 δὲ
1804 1724 1858 1749 τῶν
1880 1718 1917 1747 δύο

1101 1767 1240 1795 ταλάντων
1269 1768 1300 1795 τὸ
1332 1767 1380 1804 μὲν
1404 1766 1527 1794 ἀπονεόει
1549 1767 1616 1804 πρὸς
1641 1767 1704 1794 Θεὸν
1730 1767 1825 1800 αὐτὸν,
1846 1765 1881 1796 εἷς
1894 1764 1916 1791 ὂν

1102 1810 1250 1840 ἀναϐαίνειν
1280 1813 1307 1839 αἱ
1336 1812 1433 1849 ἀγαθαὶ
1462 1810 1590 1846 δηλοῦσιν
1621 1811 1710 1849 εὐχαί’
1738 1812 1773 1839 τὸ
1807 1809 1835 1838 δὲ
1860 1808 1916 1847 πρὸς

1099 1857 1163 1888 τοὺς
1193 1856 1295 1884 ἐκείνου
1325 1855 1469 1895 ἀδελφοὺς,
1498 1855 1562 1887 τοὺς
1591 1857 1659 1892 ἡμῖν
1685 1856 1732 1892 μὲν
1765 1854 1915 1893 ἐλαχίστους

1100 1901 1335 1941 προφαινομένους
1363 1902 1599 1939 παραστατῶν-τας
1626 1899 1654 1928 δὲ
1683 1899 1779 1932 ἄλλως
1806 1902 1845 1936 τῷ
1859 1899 1916 1933 Θεῷ,

1102 1947 1144 1986 ὑφ’
1157 1947 1194 1973 ὧν
1209 1945 1254 1973 καὶ
1268 1946 1294 1972 αἱ
1310 1944 1389 1983 εὐχαὶ
1405 1945 1473 1982 πρὸς
1490 1945 1592 1972 ἐκεῖνον
1609 1943 1867 1983 διαπορθμεύονται.

1139 1989 1191 2027 μδ’.
1222 1991 1382 2027 Μυστήριον
1412 1989 1522 2017 ἐκλαλῶ
1553 1991 1616 2026 ὑμῖν
1654 1990 1805 2028 ἱερατικὸν,
1843 1988 1866 2015 ἰν
1899 1987 1917 2021 ᾦ

1101 2032 1255 2072 καταμόνας
1285 2035 1442 2072 εὐχόμενοι,
1471 2034 1516 2062 ὅτε
1543 2033 1753 2072 λειτουργοῦμεν
1794 2035 1826 2062 τὰ
1858 2034 1916 2066 θεῖα,

1101 2079 1300 2116 θεοκλυτοῦμεν
1318 2078 1362 2106 διὰ
1379 2080 1491 2116 μνήμης
1515 2078 1582 2106 εἶναι
1597 2090 1638 2115 τῳ
1655 2079 1822 2118 ὑπεραγάθῳ
1837 2075 1916 2113 Κυρίῳ

1101 2124 1147 2152 καὶ
1170 2124 1232 2155 τοὺς
1258 2123 1448 2160 μεμνημένους
1479 2125 1534 2151 τῶν
1561 2124 1696 2160 μενήτων,
1735 2123 1806 2151 ὥστε
1828 2123 1844 2156 ἡ
1867 2120 1914 2157 ὥρα

1103 2168 1192 2204 ἐκείνη
1207 2172 1257 2204 τῆς
1287 2168 1371 2206 εὐχῆς
1387 2168 1503 2199 ἐκείνους
1517 2165 1789 2204 προσλαμϐανομένη
1813 2165 1915 2204 παριστᾷ

1101 2216 1142 2250 τῷ
1178 2216 1235 2250 Θεῷ
1259 2212 1406 2251 ἐμπροέθεν
1431 2215 1480 2240 τοῦ
1507 2213 1565 2240 κατ’
1593 2212 1672 2240 αὐτὸν
1698 2212 1848 2249 ἁγιωτάτου

1106 2249 1200 2296 ματος,
1222 2249 1281 2285 ὅσοι
1305 2249 1359 2285 τῶν
1382 2255 1508 2296 ἀδελφῶν
1539 2256 1622 2284 αὐτοῦ
1653 2257 1814 2293 μέμνηνται.
1839 2254 1867 2283 Οἱ
1888 2249 1911 2296 δέ

217 2305 246 2330 et
261 2303 442 2331 conﬁdentes
458 2301 638 2338 patroni,Dei
647 2302 722 2329 servi
738 2301 811 2329 tales
822 2301 916 2337 ipsius
932 2303 1048 2330 fratres.

1105 2314 1134 2342 γε
1159 2303 1197 2339 μή
1211 2305 1332 2330 τοιοῦτοι
1349 2302 1400 2329 οὐκ
1414 2301 1564 2339 ἐγγίζουσιν
1589 2301 1653 2329 ἐκεῖ.
1675 2301 1801 2339 θυρωροὶ
1817 2300 1855 2328 οὖν
1872 2295 1910 2324 καὶ

218 2347 366 2376 Utendum
381 2349 426 2375 est
440 2347 529 2382 igitur
536 2346 583 2374 his
591 2346 804 2374 mediator-ibus
813 2346 842 2373 in
851 2346 898 2374 his
907 2355 971 2382 quae
980 2350 1050 2374 sunt

222 2393 259 2420 ad
275 2393 418 2425 salutem;
435 2400 491 2419 non
508 2391 700 2425 gratuito,sed
713 2391 798 2426 juxta
814 2391 1048 2424 retributionem,

221 2444 285 2472 quas
310 2445 327 2464 a
342 2437 399 2464 Deo
415 2436 503 2464 venit.
520 2437 704 2471 Quaecunque
733 2436 810 2463 enim
841 2435 946 2463 fratres
973 2435 1049 2463 acci-

219 2481 323 2517 piunt;
339 2481 426 2508 etiam
441 2489 509 2508 cum
524 2480 581 2508 Deo
598 2480 784 2516 partiuntur;
800 2480 904 2508 exinde
924 2481 1049 2517 gratiam

220 2525 270 2553 ille
282 2526 429 2560 retribuit,
447 2525 564 2561 propria
577 2525 642 2561 lege
657 2527 776 2552 coactus
791 2524 827 2552 ad
845 2525 1050 2553 remuneratio-

218 2578 296 2598 nem.
308 2569 496 2597 Manifestum
511 2572 556 2597 est
571 2573 669 2597 autem
683 2569 870 2602 charitatem,
886 2578 951 2605 qua)
979 2569 1049 2597 talia

217 2615 296 2644 bona
311 2614 432 2651 perﬁcit,
450 2614 479 2642 in
495 2614 541 2642 his
557 2622 673 2650 quoque
689 2617 799 2650 partem
816 2613 935 2642 habere.

254 2715 302 2742 45.
318 2714 376 2742 Nec
390 2713 482 2749 igitur
496 2711 664 2747 aliquorum
692 2711 798 2747 gratia,
827 2711 955 2747 precatio
981 2720 1051 2739 san-

222 2759 368 2787 etiﬁeatur
395 2757 432 2785 iis
461 2756 510 2792 qui
537 2764 595 2783 non
617 2755 753 2791 diligunt,
771 2764 824 2783 nec
841 2755 1049 2784 misericordia.

223 2802 474 2832 Considerandum
505 2802 603 2828 autem
633 2802 688 2835 est,
715 2801 833 2836 fratres,
862 2801 939 2836 quod
968 2801 1051 2830 vobis

224 2847 454 2876 misericordiam
484 2853 626 2881 propono,
651 2853 708 2873 non
725 2845 984 2882 qualemcumque,
1000 2847 1051 2875 sed

1103 2348 1329 2386 εὐπαρῥησίαστοι
1372 2347 1554 2384 καραστάται,
1592 2349 1659 2375 Θεοῦ
1703 2347 1858 2385 θεράποντες
1890 2340 1911 2368 οἳ

1102 2385 1221 2418 τοιοῦτοι
1239 2390 1320 2418 αὐτοῦ
1340 2389 1463 2429 ἀδελφοί.
1489 2389 1538 2417 Καὶ
1561 2389 1650 2417 τοίνυν
1676 2389 1811 2427 χρηστὲον
1835 2385 1912 2414 αὐτοῖς

1105 2435 1198 2472 μέσοις
1217 2434 1250 2462 τά
1272 2445 1302 2472 γε
1331 2434 1369 2465 εἷς
1395 2433 1543 2471 σωτηρίαν·
1567 2433 1597 2461 οὒ
1621 2433 1735 2472 δωρεὰν,
1762 2432 1832 2461 ἀλλὰ
1855 2428 1910 2467 πρὸς

1104 2478 1248 2513 ἀντίδοσιν,
1263 2479 1313 2512 τήν
1329 2479 1358 2506 ἐκ
1372 2481 1450 2507 Θεοῦ.
1462 2480 1494 2506 "A
1510 2478 1562 2517 γὰρ
1579 2479 1605 2506 οἱ
1620 2477 1736 2517 ἀδελφοὶ
1748 2475 1909 2514 Λαμϐάνουσιι

1103 2523 1147 2551 καὶ
1162 2525 1202 2559 τῷ
1218 2524 1275 2558 Θεῷ
1291 2521 1458 2560 μερίζονται,
1474 2521 1614 2554 κάντεῦθεν
1636 2521 1738 2553 ἐκεῖνος
1761 2517 1911 2558 ἀντιχαρίξε”

1103 2579 1158 2603 ται⁷
1183 2567 1261 2604 νόμῳ
1285 2566 1347 2603 ἷδίῳ
1373 2566 1532 2604 βιαζόμενος
1554 2567 1622 2605 πρὸς
1647 2567 1817 2603 ἀνταμειψιν.
1837 2561 1911 2597 Δῆλον

1105 2611 1144 2646 δὲ,
1160 2609 1197 2644 ὼς
1213 2612 1349 2640 κάνταῦθα
1363 2613 1380 2646 ἡ
1397 2611 1487 2649 ἀγάπη
1505 2610 1761 2649 συμπαρεισδύεται,
1778 2609 1844 2643 αὐτή
1857 2607 1911 2634 ἆπο⁶

1104 2657 1220 2686 τελοῦσα
1231 2657 1277 2684 καὶ
1291 2657 1324 2685 τὰ
1337 2659 1450 2684 τοιαῦτα
1464 2655 1546 2684 καλά.

1143 2711 1192 2748 με’.
1219 2708 1288 2739 Οὔτε
1311 2711 1374 2749 γοῦν
1403 2710 1473 2748 εὐχὴ
1499 2710 1621 2738 ὁσιοῦται
1646 2709 1712 2748 ὑπὲρ
1726 2719 1805 2737 τινων
1819 2708 1870 2738 τοῖς
1888 2711 1912 2749 γξ

1108 2755 1146 2792 μή
1163 2747 1322 2793 ἀγαπῶσιν,
1340 2753 1403 2782 οὐδὲ
1429 2747 1482 2791 μὴν
1508 2752 1597 2785 ἕλεος.
1619 2754 1677 2792 Χρή
1696 2753 1724 2782 8‘s
1739 2754 1880 2787 ἐπιστῆσαι,
1893 2747 1911 2774 ὦ

1106 2800 1229 2840 ἀδελφοὶ,
1246 2801 1288 2828 δτι
1304 2799 1379 2828 ἔλεον
1412 2801 1475 2837 ὑμῖν
1502 2800 1675 2838 ὑποτίθεμαι,
1701 2799 1730 2828 οὐ
1757 2800 1803 2828 τὸν
1822 2796 1910 2845 ἁπλῶςζ

1107 2845 1180 2874 ἀλλά
1193 2846 1239 2874 τὸν
1255 2845 1410 2880 κακονικὸν,
1426 2845 1470 2873 τὸν
1488 2845 1541 2873 ἀπὸ
1566 2844 1673 2873 δικαίου
1701 2846 1863 2883 πονήματοςι
1875 2844 1910 2868 καί
