2030 3167
105 162 176 194 617

619 165 660 195 ΙΝ
682 165 715 195 S.
739 164 1079 201 QUADRAGESIMAM
1101 164 1248 195 ORATIO
1269 163 1309 194 Π.

1759 161 1820 192 618

103 227 214 257 λοιποῦ
242 228 270 257 δὲ
295 229 345 257 οὐκ
370 229 611 267 ἆτιοτετραμμὲνου
640 232 866 268 περιουσιασμοῢ,
889 231 937 258 τὸν

995 231 1181 265 canonicam,
1216 230 1253 258 ab
1295 237 1382 266 opere
1424 229 1499 257 bono
1531 230 1726 263 constantem,
1759 237 1818 256 non

102 275 151 310 μὴ
170 275 222 302 ἀπὸ
236 274 415 311 κλεμμάτων,
431 273 477 301 τόν
496 276 533 311 μὴ
551 275 576 310 ἐξ
598 275 735 312 ἁρπαγῆς,
751 276 796 302 τὸν
826 277 864 311 μή
888 275 940 302 ἀπὸ

98 321 294 358 συκοφαντιῶν
313 319 358 346 καὶ
384 317 533 353 διαϐολῶν,
556 321 663 356 μήποτε
695 319 722 348 δὲ
751 319 813 347 οὐδὲ
837 320 882 347 τὸν
912 320 941 348 ἐκ

97 364 192 391 τόκου
235 363 365 400 ἀθέσμου.
397 363 583 400 Ἑλεημοσύνη
627 364 676 402 γὰρ
707 366 725 399 ἡ
768 364 798 392 ἐκ
836 364 941 392 τούτων

100 406 295 446 ἀπρόσδεκτος
323 411 363 444 τῷ
379 411 447 444 Θεῷ,
463 409 531 440 καθᾶ
546 408 590 436 καὶ
606 410 623 443 ἡ
641 408 671 436 ἐκ
697 410 794 445 μισθοῦ
823 409 939 447 πόρνης.

99 452 141 480 Ὁ
156 453 206 490 γάρ
221 463 263 480 τοι
281 452 361 490 ὀρθὸς
377 453 421 480 καὶ
448 449 677 491 ἀπηκριϐωμένος
704 451 779 484 ἔλεος
810 453 938 491 ὑπερλίαν

100 496 232 534 φιλεῖται
257 499 297 533 τῷ
322 497 453 533 ἐλεήμονι
482 500 550 534 Θεῷ⁷
580 495 655 525 ἔλεον
685 497 817 533 ἐθέλοντι,
833 498 878 526 καὶ
908 498 938 526 οὐ

101 541 213 577 θυσίαν,
228 542 278 577 τήν
303 552 332 569 τε
354 540 456 576 ἄλλην,
471 541 515 569 καὶ
542 541 596 580 οὐχ
619 541 704 573 οὕτως
727 541 789 570 οὐδὲ
810 544 861 577 τήν
890 544 939 577 τῆς

99 585 246 622 αἰνὲσεως,
270 585 343 623 εἷίιτερ
367 585 437 622 ἐλέῳ
464 586 510 622 μὲν
543 587 587 613 καὶ
609 585 708 618 divam;
734 587 847 614 παντοία
874 587 937 614 ἐπα-

99 630 246 658 κολουθεῖ.
264 631 385 662 Αἷνὲσεις
411 629 440 658 δὲ
463 630 571 662 πολλὰς
599 631 625 658 o't
653 630 756 659 πολλοὶ
786 632 939 668 ποιούμεθα

100 674 181 712 ἐλέῳ
196 675 400 712 ἀνεπιμίκτους.

147 765 201 801 μς’.
217 763 306 792 ’Δλλὰ
329 764 355 792 τί
381 775 427 801 μοι
443 765 571 802 παράγειν
600 765 637 796 είς
667 765 839 803 προχείρισιν
871 766 935 802 ὑμῖν

101 808 333 846 σμικρολογικῶς
369 812 460 845 ’τοῦτο⁷
489 809 534 837 καὶ
573 808 671 844 ἐκεῖνο,
698 810 742 837 καὶ
782 809 864 843 ἄλλο,
891 811 935 837 καὶ

101 851 197 880 λοιπά
224 864 284 881 τινα
312 853 352 881 ἔπ’
381 853 472 885 αὐτοῖς
511 856 576 881 Θεοῦ
604 854 722 882 τάλαντα
747 854 934 892 εὖαρίθμητας

102 897 182 935 Φέρε
209 897 241 932 δὴ
270 899 320 932 τήν
347 898 415 933 ὅλην
443 899 525 936 γάζαν
556 901 603 926 τοῦ
643 899 771 936 μεγίστου
801 899 935 936 βασιλέως
952 920 975 952 Β

105 943 114 952 Q
158 944 170 950 υ
246 942 252 952 ν
292 945 304 950 ⁷
361 945 374 950 Ψ
406 946 422 952 Λ
457 945 469 950 -ι
526 943 532 952 \
569 949 577 952 Α
725 943 735 952 Χ
753 944 757 951 1
858 944 864 952 Ὶ
918 945 931 952 ν

99 943 201 976 ἡιιῶν,
224 942 306 970 αὐτοῦ
328 945 376 969 τοῦ
404 945 481 978 Θεοῦ,
505 943 536 970 τὸ
567 943 830 982 θησαυροιρυλάκιον,
855 944 881 970 ἐν
911 945 933 979 ᾧ

98 988 162 1013 πᾶν
196 986 267 1022 ἱερὸν
301 986 446 1022 κειμήλιον
478 987 679 1024 συνεσπείραται
712 987 757 1014 καὶ
786 989 933 1026 κατεσφρα-

96 1031 210 1068 για·ταὶ,
234 1029 352 1057 πιστεύω
383 1030 457 1066 ὑμῖν·
480 1029 505 1065 ἐξ
529 1031 559 1058 οὗ
590 1029 662 1058 ἔσται
693 1031 867 1066 ἀναλέξασθαι
897 1033 933 1063 ὡς

95 1073 223 1105 πιστοὺς
248 1074 317 1110 ὑμᾶς
350 1075 526 1112 θεράποντας,
552 1074 639 1102 ὁπόσα
667 1076 704 1106 εἰς
735 1075 839 1103 δάνειον
869 1076 934 1114 βού-

96 1117 199 1150 λεσθε·
223 1118 268 1158 ἀφ’
292 1119 323 1146 οὗ
353 1116 492 1155 λαϐόντες,
522 1120 599 1147 αὐτοί
627 1130 656 1147 τε
684 1120 858 1155 ἀποπλήσετε
884 1122 933 1155 τὴν

94 1165 170 1198 Θείξ)
197 1163 311 1201 ἀρεστὴν
335 1163 495 1200 ἀπληστίαν,
512 1165 556 1191 καὶ
580 1165 624 1192 τὸν
654 1167 702 1192 τοῦ
730 1167 796 1192 Θεοῦ
825 1163 934 1202 κορϐω-

95 1209 155 1233 νᾶν
173 1207 289 1246 ἀφήσετε
318 1206 400 1234 πάλιν
432 1209 529 1244 μεστὸν
558 1209 627 1236 καθὰ
655 1210 698 1236 καὶ
728 1209 870 1247 πρότερον.
896 1210 934 1238 Τὸ

98 1251 158 1289 γὰρ
185 1250 403 1288 παραδοξότατον
422 1262 427 1268 ·
452 1253 566 1284 ἅπαντες
594 1254 642 1289 μὲν
681 1253 780 1285 ἐκεῖθεν
807 1253 934 1291 ἀρύονται

103 1296 132 1323 οἱ
158 1296 191 1323 τὰ
221 1298 279 1327 θεῖα
308 1295 451 1332 διψῶντες,
475 1296 520 1323 καὶ
549 1297 695 1331 σιτίζονται
725 1298 750 1324 οἱ
778 1298 846 1325 κατὰ
869 1299 933 1325 Θεὸν

102 1342 264 1371 πεινῶντες³
283 1341 300 1374 ἡ
331 1339 360 1367 δὲ
387 1343 435 1367 τοῦ
465 1341 601 1378 θησαυροῦ
627 1341 752 1377 ἀποθήκη
779 1342 819 1370 ἀεὶ
849 1342 934 1378 ἐμπε-

104 1383 242 1419 πλησ-ται,
258 1384 374 1415 καὶτοῖς
399 1383 536 1412 ἐθέλουσιν
554 1385 579 1421 ἐξ
608 1385 690 1413 αὐτοῦ
717 1384 864 1423 λαμϐάνειν
887 1397 934 1424 με·

107 1429 272 1466 μεστωμὲνη
302 1429 454 1466 πρόκειται.
481 1429 573 1465 Φύλαξ
603 1429 632 1458 δὶ
667 1431 711 1458 καὶ
747 1431 848 1468 ταμίας
884 1435 934 1466 τῆς

103 1473 239 1509 τοιαύτης
255 1473 463 1509 πλουσιωτάτης
493 1475 589 1512 γάζης,
619 1479 668 1510 τῆς
697 1475 741 1502 καὶ
767 1474 936 1503 παντοδαπα-

103 1520 193 1554 νήτου
221 1518 266 1546 καὶ
295 1518 472 1552 ἀνιλλιποῦς,
504 1518 612 1556 ὕστερον
653 1520 699 1556 μὶν
719 1520 743 1550 νὸ
767 1522 820 1547 τῶν
859 1520 936 1547 θείων

103 1562 310 1600 εὐαγγελιστῶν
341 1562 387 1590 καὶ
417 1563 520 1591 λοιπῶν
539 1557 685 1595 θειοτάτων
707 1563 880 1598 ἀποστόλων,
897 1563 935 1592 ἔτι

997 278 1095 304 autem
1117 275 1152 303 ab
1177 275 1278 302 odiosa
1300 273 1396 310 copia,
1415 282 1472 301 non
1495 282 1512 302 a
1528 273 1626 307 furtis,
1643 282 1700 301 non
1731 282 1748 301 a
1771 282 1818 301 ra-

996 320 1085 356 pinis,
1101 329 1159 348 non
1182 328 1198 348 a
1227 318 1426 346 delationibus
1448 320 1476 346 et
1500 317 1667 352 calumniis,
1684 326 1735 346 nec
1761 326 1818 345 un-

996 373 1085 400 quam
1101 364 1137 392 ah
1153 363 1256 391 illicita
1271 372 1370 391 usura.
1389 363 1428 390 Ex
1453 362 1562 390 talibus
1594 362 1672 390 cnim
1693 362 1817 390 eleemo-

995 417 1078 446 syua,
1095 409 1171 437 sicut
1187 417 1220 436 ex
1245 408 1374 436 mercede
1393 407 1605 442 fornicationis,
1627 409 1745 443 accepta
1757 407 1815 435 Deo

995 462 1052 482 non
1069 456 1123 482 est.
1150 455 1237 481 ltecta
1262 455 1290 480 et
1314 453 1391 480 enim
1417 461 1449 480 ac
1474 452 1601 488 perfecta
1617 451 1816 480 misericordia

995 506 1171 534 magnopere
1197 500 1254 525 Deo
1283 497 1379 534 placet
1409 496 1603 532 misericordi,
1619 496 1667 531 qui
1685 496 1748 524 vult
1763 496 1817 524 mi-

995 543 1196 578 sericordiam,
1219 545 1247 571 et
1271 551 1329 570 non
1355 542 1545 576 sacriﬁcium,
1562 542 1623 569 sive
1649 541 1740 574 aliud,
1756 541 1818 569 sive

994 588 1082 615 etiam
1112 587 1290 615 sacriﬁcium
1329 587 1437 620 laudis,
1467 586 1615 622 siquidem
1651 585 1819 613 misericor-

993 632 1072 659 diam
1090 632 1154 659 laus
1167 632 1255 659 etiam
1271 630 1442 659 omnimoda
1457 631 1626 658 comitatur.
1644 630 1758 658 Laudes
1770 639 1818 658 au-

993 679 1052 704 tem
1076 676 1184 704 multas
1212 675 1421 704 misericordiae
1449 675 1561 702 alienas
1586 674 1717 710 plerique
1742 674 1816 702 faci-

993 729 1070 749 mus.

1028 766 1071 792 46.
1106 765 1161 793 Sed
1193 765 1262 801 quid
1300 764 1496 792 ministrando
1529 763 1611 791 vobis
1645 762 1814 790 minutatim

991 811 1078 837 verbo
1108 810 1253 845 proferam
1288 809 1342 836 boo
1375 808 1419 836 vel
1453 808 1543 841 istud,
1573 807 1616 835 vel
1650 807 1741 841 aliud,
1770 807 1815 835 vel

991 856 1084 882 totum
1115 854 1283 881 divinorum
1315 853 1490 880 talentorum
1521 850 1705 880 numerum?
1729 852 1812 886 Agel

991 901 1087 926 totum
1103 899 1274 927 thesaurum
1293 897 1411 925 maximi
1427 897 1504 933 regis
1517 897 1619 928 nostri,
1639 896 1734 932 ipsius
1751 895 1813 930 Dei,

989 943 1242 980 gazophylacium,
1272 942 1302 970 in
1342 950 1400 978 quo
1430 942 1526 970 omnis
1561 949 1645 969 sacra
1680 940 1815 976 supellex

993 987 1122 1023 reposita
1156 987 1387 1023 consignalaque
1413 987 1468 1019 est,
1497 986 1580 1014 vobis
1610 986 1750 1013 credam:
1780 993 1814 1012 ex

989 1040 1046 1067 quo
1062 1031 1144 1059 vobis
1156 1034 1295 1067 tanquam
1309 1030 1445 1058 fidelibus
1456 1029 1548 1058 servis
1555 1029 1718 1066 colligenda
1729 1031 1810 1062 sunt,

989 1084 1182 1111 quaecumque
1206 1075 1301 1102 velitis
1330 1075 1365 1102 ad
1387 1077 1524 1102 mutuum
1548 1082 1680 1109 promere
1698 1087 1705 1107 ς
1721 1081 1737 1101 a
1753 1081 1810 1109 quo

989 1120 1216 1156 sumentes,ipse
1232 1119 1422 1155 cupiditatem
1441 1121 1496 1146 Deo
1510 1117 1718 1154 acceptabilem
1731 1126 1810 1145 com-

988 1164 1228 1200 plebitis,Deique
1237 1164 1394 1192 corbonam
1408 1164 1524 1199 plenam
1540 1163 1616 1190 sicut
1632 1163 1713 1198 prius
1724 1162 1810 1190 relin-

988 1209 1093 1244 quetis.
1110 1209 1169 1236 Hoc
1184 1209 1264 1236 enim
1292 1210 1358 1236 ante
1374 1207 1473 1235 omnia
1500 1207 1668 1235 mirandum
1683 1216 1689 1234 :
1706 1215 1810 1235 omnes

989 1253 1107 1289 quidem
1137 1253 1240 1280 exinde
1267 1253 1365 1280 divina
1394 1252 1527 1280 sitientes
1544 1251 1694 1286 hauriunt,
1711 1254 1740 1279 et
1756 1260 1810 1278 nu-

989 1299 1128 1330 triuntur,
1143 1297 1193 1333 qui
1213 1297 1377 1325 secundum
1394 1297 1485 1324 Deum
1515 1296 1649 1324 esuriant
1661 1304 1668 1324 ε
1681 1295 1813 1324 thesauri

988 1351 1055 1371 vero
1069 1343 1305 1379 promptuarium
1336 1350 1452 1378 semper
1471 1342 1615 1377 repletum
1641 1344 1695 1376 est,
1711 1345 1741 1369 et
1764 1350 1813 1369 vo-

990 1387 1118 1415 lentibus
1148 1396 1182 1415 ex
1212 1386 1261 1415 illo
1299 1395 1416 1415 sumere
1450 1385 1569 1422 plenum
1598 1386 1728 1414 otl‘ertur.
1759 1389 1813 1414 Cu-

990 1435 1052 1460 stos
1073 1434 1170 1460 autem
1201 1434 1229 1460 et
1256 1431 1443 1467 dispensator
1472 1430 1642 1466 hujusmodi
1672 1430 1812 1458 ditissimi

990 1477 1132 1509 thesauri,
1150 1476 1199 1512 qui
1226 1479 1346 1504 cunctas
1371 1475 1497 1511 perfecte
1513 1475 1717 1511 complectitur
1733 1483 1814 1511 opes,

992 1521 1095 1548 ultimo
1129 1521 1248 1556 quidem
1291 1522 1334 1548 est
1367 1519 1534 1547 divinorum
1568 1519 1814 1555 evangelistarum

992 1568 1221 1601 ceterorumque
1249 1564 1499 1592 divinissimorum
1529 1563 1731 1599 apostolorum
1748 1572 1815 1592 nec-

103 1607 134 1636 δὲ
164 1608 210 1635 καὶ
235 1608 314 1645 ἱερῶν
342 1607 469 1645 κηρύκων
496 1607 668 1644 πληθυσμὸς,
685 1609 752 1646 πρὸς
769 1607 798 1636 δὲ
813 1608 900 1636 αὐτῶν
923 1610 936 1636 ὁ

995 1619 1052 1637 non
1079 1617 1228 1637 sacrorum
1265 1616 1431 1644 prasconum
1461 1608 1559 1643 turba,
1590 1608 1640 1635 sed
1670 1610 1737 1636 ante
1766 1616 1816 1635 eos

105 1652 194 1690 μέγας
213 1652 340 1691 βασιλεὺς
356 1651 400 1680 καὶ
425 1652 565 1690 θεοπάτωρ
593 1652 686 1689 Δαυῗδ,
703 1654 717 1680 ὁ
742 1653 772 1681 ἐκ
795 1653 843 1681 τοῦ
868 1656 937 1681 Θεοῦ

102 1698 152 1725 τὸν
197 1699 321 1724 τοιοῦτον
361 1697 516 1736 ἀπόκρυφον
556 1697 675 1725 πλοῦτον
712 1698 936 1735 πεπιστευμένος,

103 1741 160 1780 οὐχ
178 1741 247 1769 ὥστε
261 1744 425 1778 ταμιουχεῖν
443 1741 522 1769 αὐτὸν
547 1741 622 1778 ἡλίῳ
653 1743 867 1778 ἆνεπισκόπητον
894 1742 938 1770 διὰ

101 1786 135 1814 τὸ
152 1784 336 1822 ἀμετάδοτον,
350 1785 414 1814 ἀλλ’
427 1785 472 1814 ’ἶνα
493 1785 518 1813 ἐν
542 1786 658 1826 ἀσφαλεῖ
682 1787 824 1826 φυλάττων
858 1788 938 1816 αὐτὸν

103 1830 230 1865 ποθητὸν
256 1841 369 1865 ποιηται
397 1833 456 1861 τοῖς
484 1831 630 1869 χρῄζουσι.
659 1832 797 1869 Χρῄζουσι
827 1831 855 1860 δὲ
870 1832 938 1860 πάν-

105 1886 163 1906 τως
194 1874 276 1902 αὐτοῦ
304 1875 330 1902 οἱ
358 1877 406 1902 τοῦ
429 1873 626 1912 παμϐασιλὲως
650 1879 716 1904 Θεοῦ
745 1876 893 1915 ἄνθρωποι,
912 1878 937 1905 οἱ

105 1921 153 1948 καὶ
170 1920 216 1947 τὸν
233 1918 316 1946 Δαυῖδ
330 1920 475 1950 ποθοῦντες
489 1920 534 1947 καὶ
559 1920 603 1948 τὸν
630 1920 710 1948 αὐτὸν
743 1921 939 1958 βασιλεύσαντα

105 1964 221 2003 Κύριον.

143 2009 201 2046 μζ.
218 2007 306 2037 Ἀλλὰ
329 2008 368 2039 τίς
381 2009 395 2036 ὁ
412 2009 546 2046 θησαυρὸς
572 2010 659 2043 οὗτος,
674 2011 688 2037 ὁ
717 2011 762 2037 καὶ
782 2010 879 2048 ὀλίγος
892 2012 937 2039 καὶ

104 2052 271 2090 πάμπολυς,
289 2054 303 2080 ὁ
319 2053 364 2080 καὶ
382 2053 487 2091 βραχὺς
501 2053 546 2080 καὶ
573 2053 769 2091 ἀναρίθμητος,
785 2056 799 2082 ὁ
825 2057 858 2092 τῇ
886 2067 937 2083 πο-

103 2099 203 2133 σότητι
239 2108 287 2134 μεν
316 2097 446 2136 σφιγκτός
473 2108 503 2124 τι
531 2098 576 2125 καὶ
606 2098 819 2136 εὖπερίληπτος,
845 2102 879 2136 τῇ
910 2099 938 2127 δὲ

103 2142 237 2177 ποιότητι
254 2142 402 2180 πάμμεγας
430 2142 475 2169 καὶ
505 2141 592 2169 πάντα
606 2142 709 2178 κόσμον
740 2141 858 2178 ὀλϐίζων
879 2147 938 2175 ταῖς

106 2187 132 2224 ἐξ
163 2187 249 2214 αὐτοῦ
279 2185 575 2225 ἀγαθοχυσίαις;’18οὺ
602 2190 731 2224 συνορᾶτε
758 2188 824 2224 μετά
853 2198 936 2225 προσ-

105 2234 180 2269 οχῆς
208 2231 252 2258 καὶ
284 2230 442 2261 ἐπιστασίας
473 2227 717 2267 ἀπηκριϐωμένης,
738 2231 807 2259 ὥστε
836 2231 937 2260 συλλα-

993 1662 1119 1691 magnus
1136 1662 1185 1681 rex
1201 1656 1229 1681 et
1244 1653 1375 1690 dcipater
1406 1652 1504 1687 David,
1530 1652 1578 1680 cui
1602 1652 1674 1680 tales
1692 1653 1815 1680 abscon-

993 1699 1060 1727 ditae
1091 1699 1262 1726 concredita:
1293 1700 1363 1726 sunt
1396 1706 1412 1725 a
1447 1698 1501 1725 Deo
1544 1697 1661 1730 divitiae,
1692 1705 1750 1725 non
1784 1698 1816 1724 ut

994 1743 1174 1772 ministraret
1195 1742 1261 1770 illas
1291 1742 1327 1770 ad
1354 1741 1444 1770 solem
1462 1741 1622 1778 pellucidas
1639 1744 1757 1778 propter
1771 1741 1816 1769 in-

994 1787 1251 1823 communicabile,
1268 1787 1319 1815 sed
1335 1789 1367 1814 ut
1390 1789 1453 1814 tuto
1471 1787 1638 1814 custodiens
1657 1786 1724 1814 illas
1739 1786 1819 1814 desi-

994 1834 1139 1861 derabites
1182 1833 1289 1860 faceret
1321 1831 1497 1859 volentibus.
1532 1831 1679 1858 Anhelant
1717 1833 1816 1859 autem

994 1886 1116 1913 prorsus
1140 1877 1176 1905 ad
1202 1876 1268 1904 illas
1297 1876 1395 1912 magni
1421 1875 1497 1911 regis
1528 1875 1575 1903 Dei
1606 1875 1750 1908 homines,
1767 1876 1819 1912 qui

993 1922 1082 1950 David
1099 1924 1128 1950 et
1156 1922 1313 1950 Dominum
1343 1920 1393 1957 qui
1424 1920 1492 1948 fecit
1519 1920 1603 1948 illum
1632 1928 1754 1957 regnare
1769 1921 1818 1949 de-

994 1967 1135 1995 siderant.

1029 2012 1073 2038 47.
1089 2010 1197 2038 Verum
1223 2010 1290 2046 quis
1319 2009 1368 2037 ille
1396 2009 1554 2038 thesaurus
1579 2012 1634 2043 est,
1665 2018 1773 2046 parvus
1789 2011 1817 2037 et

995 2055 1116 2087 multus,
1134 2055 1231 2082 tenuis
1246 2057 1274 2082 et
1302 2054 1413 2090 largus,
1433 2054 1596 2089 quantitate
1611 2053 1729 2089 quidem
1746 2062 1816 2081 con-

994 2102 1105 2127 tractus
1121 2101 1149 2126 et
1183 2098 1436 2134 circumscriptus,
1463 2097 1604 2133 qualitate
1631 2106 1697 2125 vero
1725 2097 1816 2125 maxi-

994 2152 1061 2171 mus
1087 2145 1116 2170 et
1143 2143 1284 2170 bonorum
1312 2150 1346 2170 ex
1370 2142 1419 2169 illo
1436 2141 1645 2177 proﬂuentium
1662 2141 1816 2178 largitione

993 2189 1088 2215 totum
1117 2187 1288 2215 beatiticans
1313 2186 1480 2214 mundum?
1508 2186 1549 2214 En
1576 2185 1728 2222 intelligile
1748 2193 1815 2213 cum

994 2231 1074 2259 omni
1102 2231 1261 2259 attentione
1286 2239 1319 2258 ac
1347 2230 1511 2266 diligentia,
1534 2232 1565 2258 ut
1594 2230 1672 2257 brevi
1688 2230 1817 2266 concipi-

107 2272 166 2302 ϐεἶν
195 2274 272 2302 αὐτὸν
301 2274 327 2302 ἐν
358 2275 468 2313 βραχεῖ,
484 2275 529 2302 καὶ
555 2274 763 2312 εὑπεριλήπτως
793 2274 937 2314 δράξασθαι

997 2278 1052 2305 atis
1081 2284 1159 2310 eum,
1188 2278 1217 2303 et
1245 2275 1372 2311 perfecte
1398 2274 1635 2311 complectamini
1665 2283 1717 2310 pro
1733 2275 1813 2302 lucro

111 2319 157 2347 hri
172 2318 260 2356 κέρδει
278 2318 418 2357 βασιλείας
442 2319 527 2354 αὐτῆς
556 2323 606 2354 τῆς
632 2321 680 2346 τοῦ
708 2322 785 2357 Θεοῦ’
809 2320 853 2348 καὶ
879 2332 941 2348 συν-

109 2364 241 2400 αχθέντες
260 2363 298 2394 εὶς
320 2366 392 2397 νοῦν,
409 2363 454 2390 καὶ
477 2364 525 2395 τὰς
552 2364 590 2395 ὡς
614 2365 672 2391 οἷον
703 2364 788 2392 εἰπεῖν
817 2375 944 2403 γραμμις

110 2408 161 2438 κᾶς
191 2410 240 2441 τῆς
266 2409 357 2444 ψυχῆς
383 2407 526 2439 ἀποτείσεις
560 2408 599 2440 εἷς
634 2408 735 2436 κύκλον
773 2409 942 2447 στρέψαντες,

113 2450 234 2482 ἱντεῦοεν
263 2449 292 2477 δὲ
332 2452 376 2477 καὶ
413 2452 669 2491 ἀποσφαιρώσαντες
713 2453 868 2490 εὖμεθόδως
907 2455 944 2486 ὡς

113 2495 185 2532 πρὸς
215 2494 331 2531 μίμησιν
366 2494 492 2532 οὐρανοῦ,
521 2496 548 2523 ἐν
578 2498 601 2532 ᾧ
625 2497 690 2530 Θεὸς
719 2499 944 2536 ὑπερκαθήμενος

115 2539 212 2573 πάντα,
234 2538 284 2566 ὅσα
304 2537 402 2572 ἐθέλει,
427 2543 510 2575 ποιεῖ,
527 2539 682 2578 ἐμϐλέψατε
711 2543 827 2580 ταμιείῳ
857 2543 944 2571 πολυ»

114 2583 285 2622 χιυρήτῳ,ἰν
303 2583 372 2620 ῷτὸ
400 2586 454 2611 τῶν
484 2585 584 2622 ἀρετῶν
612 2586 723 2613 ἁπασῶν
751 2588 947 2623 κειμηλιοῦται

114 2628 266 2667 πλήρωμα.
281 2629 357 2656 Ἔστι
384 2627 412 2655 δὲ
434 2629 464 2656 τὸ
489 2628 691 2666 πολυτίμητον,
709 2631 789 2670 φάναι
815 2630 843 2660 δὲ
873 2633 945 2669 μᾶλο

114 2672 162 2700 λον
179 2672 311 2709 πάντιμον
328 2673 402 2700 τουτὶ
421 2670 531 2710 δοχεῖον
552 2675 606 2700 τῶν
628 2674 782 2710 κειμηλίων
809 2679 945 2705 τοιοῦτον

114 2717 260 2746 ἰΕκκλινον
285 2717 339 2745 ἀπὸ
362 2720 457 2754 κακοῦ,
481 2717 527 2745 καὶ
552 2718 667 2754 ποίησον
702 2720 814 2758 ἀγαθόν.
840 2723 948 2760 Σμικρὰ

156 2827 166 2844 ⁶
186 2827 265 2856 Psal.
280 2836 374 2863 mw,
389 2828 435 2856 27.

277 2892 409 2922 PATROL.
433 2892 488 2923 Gn.
513 2892 660 2925 CXXXV.

998 2329 1120 2358 regnum
1137 2321 1235 2356 ipsum
1254 2320 1321 2354 Dei;
1337 2322 1365 2347 et
1390 2319 1419 2347 iu
1437 2321 1564 2347 mentem
1580 2318 1702 2352 collecti,
1719 2321 1815 2355 atque,

998 2368 1032 2393 ut
1062 2366 1103 2393 ita
1136 2365 1245 2400 dicam,
1277 2364 1402 2392 lineares
1436 2364 1540 2392 animae
1572 2363 1754 2392 extensiones
1787 2364 1817 2392 in

998 2410 1142 2439 circulum
1166 2412 1321 2444 vertentes,
1350 2409 1453 2437 exinde
1477 2417 1542 2436 vero
1573 2409 1737 2437 methodice
1752 2417 1821 2437 con-

999 2455 1152 2492 globantcs
1182 2457 1323 2490 tanquam
1352 2454 1388 2481 ad
1411 2453 1608 2481 imitationem
1624 2453 1700 2488 cceli,
1716 2453 1746 2481 in
1763 2462 1821 2489 quo

999 2501 1077 2528 Deus
1092 2499 1286 2536 supersedens
1313 2498 1422 2531 omnia,
1451 2506 1643 2534 quaecumque
1658 2498 1730 2532 vult,
1749 2499 1820 2535 agit,

999 2544 1134 2581 inspicite
1176 2544 1204 2571 in
1243 2552 1384 2580 magnum
1420 2542 1665 2578 promptuarium,
1700 2543 1729 2571 in
1763 2552 1821 2579 quo

1001 2590 1128 2626 pretiose
1143 2591 1310 2616 asservatur
1332 2588 1474 2615 virtutum
1501 2587 1634 2615 omnium
1660 2587 1820 2623 plenitudo.

1001 2637 1051 2662 Est
1079 2636 1177 2662 autem
1202 2633 1281 2660 istud
1311 2641 1408 2660 rerum
1436 2632 1629 2668 pretiosarum
1651 2631 1821 2660 honorabile

1001 2679 1045 2706 vel
1061 2678 1158 2714 potius
1173 2677 1458 2705 venerandissimum
1485 2677 1619 2704 aerarium
1644 2677 1720 2704 tale:
1740 2686 1750 2700 α
1767 2677 1822 2704 De-

1002 2724 1080 2752 clina
1103 2732 1120 2751 a
1144 2722 1231 2756 malo,
1255 2724 1284 2750 et
1307 2721 1352 2750 fac
1375 2722 1486 2750 bonum
1502 2722 1522 2749 ’³.
1542 2733 1552 2746 ι
1571 2723 1663 2749 Parva
1676 2721 1766 2757 hujus
1780 2722 1826 2749 est

1629 2893 1670 2923 20
