1992 3158
87 156 140 186 621

592 155 632 186 IN
653 155 685 186 S.
708 153 1053 191 QUADRAGESIMAM
1074 154 1223 186 ORATIO
1245 155 1284 186 II.

1731 153 1791 184 622

85 221 246 259 ἀλλοτρίαν,
263 222 306 249 καὶ
336 222 422 256 αὐτὴν
448 222 518 258 μήτε
535 220 686 256 ἰδιωτικὴν,
712 222 752 257 τῷ
774 221 853 248 παντὶ
882 219 904 247 δῖ

967 229 1074 255 usum;
1091 230 1147 249 non
1163 222 1289 250 alienam
1313 221 1441 257 arripere
1467 222 1575 249 terram
1601 220 1661 250 sive
1692 220 1789 257 priva-

84 267 180 302 πλέον,
198 265 268 304 μηδὲ
284 266 475 306 ἀφωρισμένην
489 267 547 298 τοὶς
564 267 661 305 ἱεροῖς,

119 357 151 385 ν’.
169 358 259 385 Τοῦτο
288 355 321 391 δὴ
351 356 382 383 τὸ
411 355 592 392 ἱεροσυΛικόν.
616 357 674 394 Χρή
701 356 754 394 γὰρ
784 355 908 391 ἐνθυμεῖ-

84 403 143 429 σθαι
159 402 194 428 τὰ
222 401 295 439 παρὰ
323 404 381 432 τοῖς
409 397 528 436 ⁸Ελλησι
558 401 668 438 τεμένη,
696 401 782 428 ὁπόσα
816 400 911 428 ἐκεῖνοι

86 446 132 483 μὶν
149 444 277 485 ἀφιέοουν
303 444 441 482 δαίμοσιν·
472 446 497 473 cl.
519 445 547 473 δὲ
578 446 641 474 αὐτὸ
663 445 774 478 εἰδότες,
800 443 911 482 ὅμματα

84 489 168 527 μὸνον
200 490 355 530 ἐπαφιέντες
383 490 495 526 αὐτοῖς,
523 491 560 522 ὡς
590 491 626 521 ei:
655 490 714 523 θέαν
744 490 834 522 ἁπλῆν
859 489 912 518 εἴτε

81 536 126 563 καὶ
158 537 259 572 θαῦμα,
284 534 369 566 πόδας
394 535 443 562 οὐκ
463 533 627 572 ἐπέϐαλλον,
654 535 727 563 ἀλλὰ
741 536 910 573 παρέτρεχον

81 578 219 614 εὖλαϐὦς,
250 581 294 608 γαὶ
327 581 364 611 ὡς
397 581 475 608 αὐτοὶ
499 580 639 618 ἐνόμιζον,
667 581 847 619 ἱεροπρεπῶς.
878 581 910 609 Εἰ

82 626 110 654 δέ
125 637 156 664 γε
172 625 266 656 ἄλλως
282 625 422 659 ἐποίησαν,
453 625 525 663 εἶχεν
556 625 586 652 ἂν
603 625 699 656 αὐτοὺς
720 625 838 662 νόμιμος
853 628 911 656 τοῖς

80 672 142 698 τότε
157 672 284 703 θάνατος.
300 671 335 697 Τὸ
350 670 378 697 δὲ
395 672 499 706 μεῖζον·
517 670 563 697 καὶ
591 669 682 697 ἄνετον
711 670 786 704 ζώων
813 670 910 707 ἀγέλαι

81 718 140 746 τοῖς
155 715 293 746 τοιοὸτοις
308 715 480 752 ἐνετρέφοντο
491 715 724 751 τεμενίσμασι,καὶ
739 716 806 749 ἦσαν
823 714 909 743 ἄσυλα

81 761 127 788 καὶ
147 760 225 788 αὐτὰ·
242 760 432 798 καὶπρότερον
449 759 478 787 ἂν
495 760 629 798 κατέφαγὲ
650 771 690 791 τις
713 758 782 787 ἰδίαν
813 761 908 797 σάρκα,

82 806 154 844 ἥπερ
170 805 280 833 ἐκείνων
296 805 397 842 ἥψατο.

967 269 1038 301 tam,
1053 267 1123 302 sive,
1139 268 1216 304 quod
1237 268 1357 296 omnino
1383 267 1500 303 gravius
1527 269 1580 301 est,
1602 266 1694 296 sacris
1708 267 1790 295 dica-

966 314 1038 340 tam.

1001 358 1045 385 50.
1063 358 1121 386 Hoc
1137 366 1207 386 sane
1231 357 1418 393 sacrilegium
1448 358 1502 384 est.
1532 357 1652 392 Oportet
1665 356 1742 384 enim
1758 356 1788 384 in

967 408 1063 433 mente
1078 407 1185 434 habere
1200 407 1277 443 quod
1295 406 1371 442 apud
1389 406 1502 433 Graecos
1519 414 1552 434 ea
1571 405 1634 433 loca
1649 408 1719 433 sunt
1742 414 1788 434 sa-

967 458 1092 486 craque
1101 451 1277 486 ubicumque
1293 451 1476 478 daemonibus
1492 450 1791 478 dedicabant.Hocve-

966 503 997 523 ro
1012 495 1146 529 scientes,
1164 495 1264 523 oculos
1279 497 1441 527 tantum,ut
1457 495 1491 522 ad
1504 495 1669 530 simplicem
1690 495 1789 522 visum

967 542 1017 567 aut
1036 540 1276 574 admirationem,
1288 540 1315 567 in
1328 548 1361 567 ea
1371 539 1569 575 conjicientes,
1580 539 1668 575 pedes
1679 539 1718 566 ibi
1730 547 1789 566 non

966 585 1122 620 ponebant,
1138 586 1187 613 sed
1202 585 1345 620 religiose,
1369 586 1406 619 et,
1419 585 1496 612 sicut
1507 584 1563 619 ipsi
1577 584 1732 619 putabant,
1745 592 1790 611 re-

965 629 1020 656 bus
1036 629 1127 656 sacris
1143 632 1338 665 congruenter
1351 629 1528 656 transibant.
1544 628 1634 655 Aliter
1649 630 1748 655 autem
1764 628 1791 656 si

965 673 1112 708 fecissent,
1130 674 1217 701 morti
1232 676 1301 701 tunc
1323 673 1437 709 legibus
1454 673 1580 709 probatae
1597 672 1721 699 fuissent
1736 673 1790 700 ob-

965 718 1053 746 noxii.
1071 718 1129 746 Hoc
1145 721 1241 746 autem
1268 719 1383 752 majus:
1415 720 1545 745 errantes
1574 717 1664 744 libere
1686 725 1790 753 greges

965 762 1139 790 animalium
1154 763 1183 790 in
1200 763 1310 790 talibus
1329 762 1552 790 enutriebantur
1566 761 1747 795 nemoribus,
1762 764 1792 789 et

964 807 1029 843 ipsa
1044 809 1127 834 erant
1141 806 1491 842 inviolabiliazpotiusque
1506 805 1653 842 propriam
1683 805 1791 841 aliquis

965 851 1172 879 manducasset
1180 859 1308 884 carnem,
1319 859 1405 886 quam
1416 851 1444 877 in
1456 849 1505 877 illa
1512 858 1632 878 manum
1644 849 1790 885 injeciset.

117 895 166 922 va'.
184 895 241 922 Νῦν
266 892 295 921 δὲ
320 893 501 926 ἀποθεοῦσθαι
530 892 674 931 δοκοῦμεν,
704 895 727 921 εἰ
756 895 790 922 τὰ
803 893 904 930 ἐκκλη-

998 896 1043 923 51.
1060 895 1142 923 Nunc
1154 898 1251 923 autem
1264 895 1446 932 apotheosim
1459 895 1634 931 participare
1643 894 1789 929 videmur,

83 939 209 966 σιαστικᾶι
233 938 426 977 νοσφιζόμεθα.
458 938 547 969 Πολὺς
576 938 601 966 ἐν
627 940 695 975 ἡμῖν
721 939 735 966 ὁ
756 938 836 976 λόγος
864 938 906 966 τό·

82 984 134 1011 Καὶ
163 983 191 1011 τί
224 982 330 1018 δήποτα
356 984 370 1010 ὁ
393 982 458 1013 Θεὸς
486 983 530 1009 καὶ
547 983 572 1010 οἱ
596 985 643 1010 τοῦ
659 985 726 1010 Θεοῦ
755 984 829 1021 ἅγιοι
854 985 908 1010 τῶν

80 1027 214 1056 τοιούτων
232 1026 347 1061 δέονται,
373 1028 399 1054 οἱ
425 1028 495 1063 μήτε
515 1028 679 1064 σπείροντες,
704 1029 772 1064 μήτε
787 1028 908 1064 θερίζον-

80 1079 135 1103 τες,
167 1069 239 1105 μήτε
262 1067 424 1106 τρώγοντες,
456 1068 525 1104 μήτε
547 1068 691 1102 πίνοντες;
713 1068 744 1095 Εἰ
768 1067 797 1095 δὲ
825 1068 906 1106 χάριν

81 1112 175 1142 ἄλλων
192 1116 287 1148 ταῦτα,
300 1112 347 1140 ’ίνα
362 1113 387 1140 οἱ
401 1113 526 1148 πένητες,
555 1114 645 1152 φασὶν,
675 1113 705 1140 ἐκ
732 1115 787 1140 τῶν
813 1113 907 1140 τοιού-

80 1169 135 1186 των
149 1157 370 1196 ἆποτρέφωνται,
395 1156 454 1184 ίδοὺ
478 1159 559 1194 ἡμεῖς
576 1158 696 1195 πτωχοὶ,
713 1157 744 1185 οὖ
761 1157 907 1194 καθὲξομεν

80 1202 148 1229 αὐτὰ
163 1202 209 1230 καὶ
239 1201 411 1238 θρεψόμεθας
441 1203 474 1228 Ὦ
493 1201 606 1229 ἐλεεινοὶ
635 1204 755 1229 τοιοῦτοι
781 1200 905 1240 ἀδελφοί·

81 1248 131 1275 οὐκ
169 1246 272 1281 οἴδατε,
307 1249 374 1275 Θεοῦ
411 1247 455 1274 καὶ
489 1249 544 1274 τῶν
579 1248 657 1274 θείων
686 1248 905 1283 καταπαίζοντες·

80 1291 148 1319 οὐδὲ
178 1291 345 1328 ἐνθυμεῖσθε,
382 1291 508 1327 μείζονας
536 1290 646 1322 ἑαυτοὺς
674 1294 722 1318 τοῦ
751 1294 817 1319 Θεοῦ
845 1298 909 1324 καθ-

82 1339 222 1371 ιπῶντες,
252 1335 324 1373 εἴπιρ
342 1336 419 1372 ὑμεῖς
443 1336 490 1372 μὲν
516 1335 749 1373 ἁποχαρισάμενοι
771 1336 805 1364 τὰ
827 1335 906 1369 δῆθεν

80 1381 200 1418 ὑμέτερα
214 1380 307 1419 φίλοις
327 1379 345 1414 ἢ
373 1380 525 1418 συγγενέσιν
540 1380 557 1414 ἢ
587 1379 680 1411 ἄλλως
710 1380 832 1416 οἰκείοις,
847 1379 907 1409 οὔτε

79 1425 184 1462 θέλετε,
209 1423 271 1453 οὔτε
299 1423 413 1457 δύνασθε
437 1425 513 1456 αὖθις
540 1424 606 1452 αὐτὰ
629 1425 776 1460 κτήσασθαι
806 1424 908 1453 ἀναλα-

80 1468 206 1506 ϐόμενοι·
222 1469 255 1497 τὸ
272 1469 330 1506 μὶν,
354 1470 400 1496 ’ἱνα
416 1470 453 1506 μή
475 1467 582 1506 ψευδεῖς
598 1469 724 1507 φανείητε
750 1470 793 1496 καὶ
825 1468 909 1497 ἄστα-

77 1526 121 1543 τοι
137 1515 183 1543 καὶ
198 1512 379 1551 παλίμϐολει,
394 1514 425 1542 τὸ
441 1513 480 1548 δὲ,
497 1513 537 1541 ὅτι
553 1515 679 1541 πτοεῖσθε
706 1515 751 1541 τὸν
767 1515 801 1541 τὰ
815 1517 907 1542 τοιαῦ-

76 1571 112 1588 τα
127 1559 280 1594 κολάζοντα
294 1558 378 1596 νόμον
403 1559 447 1586 καὶ
462 1559 495 1586 τὰ
516 1558 542 1594 ἐξ
567 1558 648 1585 αὐτοῦ
675 1559 816 1595 τίμηὴμα·
832 1559 866 1586 τὰ
880 1557 909 1586 ’δὲ

966 940 989 967 si
1004 939 1201 968 ecclesiastica
1217 940 1426 975 subripiamus.
1444 939 1555 966 Multus
1572 939 1648 966 inter
1662 947 1716 966 nos
1732 939 1790 966 hu-

961 985 1220 1020 jusmodisermo:
1237 984 1345 1019 Ecquid
1375 984 1433 1011 Deo
1464 983 1570 1018 Deique
1601 983 1721 1016 sanctis,
1738 983 1790 1018 qui

964 1037 1058 1065 neque
1074 1033 1185 1062 serunt,
1202 1037 1297 1064 neque
1326 1029 1453 1062 metunt,
1479 1035 1573 1062 neque
1598 1027 1788 1062 manducent,

965 1081 1060 1109 neque
1076 1073 1190 1108 bibunt,
1221 1072 1330 1100 talibus
1346 1080 1420 1108 opus
1434 1071 1497 1099 est?
1524 1071 1552 1098 Si
1582 1073 1700 1108 propter
1714 1071 1786 1099 alios

963 1120 1060 1145 autem
1075 1117 1132 1145 ista
1147 1121 1226 1151 sunt,
1243 1119 1276 1144 ut
1291 1119 1419 1153 egentes,
1438 1116 1586 1153 inquiunt,
1610 1124 1642 1143 ex
1659 1115 1717 1143 illis
1733 1125 1787 1143 nu-

963 1162 1100 1195 triantur,
1117 1169 1182 1189 ecce
1199 1170 1251 1189 nos
1267 1169 1421 1198 pauperes,
1438 1169 1496 1188 non
1512 1161 1562 1188 illa
1574 1160 1752 1196 accipiemus
1761 1163 1790 1188 et

965 1207 1154 1234 nutriemur?
1170 1207 1191 1234 0
1208 1206 1366 1234 miserandi
1387 1205 1556 1240 bujusmodi
1576 1205 1698 1233 fratres!
1727 1205 1790 1232 Non

963 1251 1069 1279 videtis
1085 1252 1161 1287 quod
1179 1251 1269 1278 Deum
1286 1253 1314 1278 et
1330 1259 1375 1278 res
1391 1250 1507 1277 divinas
1519 1249 1641 1277 luditis?
1653 1250 1715 1277 Non
1731 1249 1793 1277 ani-

963 1295 1157 1329 madvertitis,
1174 1295 1251 1330 quod
1267 1295 1461 1331 vosmetipsos
1475 1295 1530 1322 Deo
1546 1295 1673 1330 majores
1686 1295 1792 1322 consti-

962 1341 1057 1373 tuitis,
1071 1340 1216 1376 siquidem
1226 1348 1355 1374 vos,cum
1369 1340 1403 1367 de
1415 1339 1668 1374 vestris,aliquam
1686 1343 1790 1366 contu-

963 1386 1040 1413 listis
1050 1385 1175 1421 gratiam
1189 1383 1350 1418 amicis,vel
1363 1383 1552 1419 cognatis,vel
1564 1383 1790 1420 quibuscunque

963 1429 1169 1462 familiaribus,
1186 1437 1281 1465 neque
1295 1428 1394 1463 vultis,
1408 1437 1502 1464 neque
1517 1428 1639 1463 potestis
1650 1436 1683 1455 ea
1694 1429 1790 1455 denuo

964 1477 1146 1502 resumentes
1163 1473 1331 1510 possidere;
1347 1475 1423 1506 tum,
1436 1481 1470 1500 ne
1487 1472 1604 1500 fallaces
1622 1474 1650 1500 et
1664 1472 1789 1500 mobiles

962 1521 991 1547 et
1005 1518 1156 1546 versatiles
1184 1517 1359 1554 apparentia,
1389 1519 1452 1545 tum
1469 1517 1537 1552 quia
1565 1516 1677 1544 timetis
1692 1516 1786 1552 legem

963 1563 1035 1591 talia
1048 1562 1218 1599 punientem
1242 1561 1394 1597 ipsiusque
1417 1561 1574 1595 mulctam;
1591 1569 1625 1588 ea
1639 1568 1706 1588 vero
1723 1568 1787 1596 quas

77 1608 119 1641 τῷ
134 1607 193 1641 Θεῷ
207 1592 252 1633 καὶ
267 1592 334 1635 τοῖς*
351 1604 436 1642 ἁγίοις
457 1592 540 1631 αὐτου
564 1592 781 1642 ἁποχαρισθὲντα
805 1609 904 1642 καθαρ-

967 1610 1021 1635 Deo
1037 1592 1065 1635 et
1080 1606 1190 1634 sanctis
1212 1607 1277 1642 ejus
1305 1606 1413 1633 donata
1438 1607 1518 1639 sunt,
1544 1605 1702 1641 rapientes,
1729 1613 1788 1633 non

78 1651 221 1685 πάζοντις,
256 1650 288 1678 οὐ
323 1649 463 1686 λογίζεσθε
489 1649 659 1686 παροργίζειν
690 1648 820 1683 ἐκείνους,
845 1648 909 1677 οὐδὲ

80 1693 241 1726 εὐλαϐεῖσθε
271 1693 443 1730 δικαιοτάτην
474 1693 586 1730 ἄμυναν·
618 1692 691 1721 ἀλλὰ
704 1694 753 1728 τὴν
770 1696 818 1721 τοῦ
841 1696 908 1722 Θεοῦ

80 1739 367 1780 ῳιλανθρωπίαν,δσα
390 1738 434 1766 καὶ
464 1737 562 1765 ἀσπίδα
601 1738 710 1776 στερρὰν
749 1737 906 1775 ὑποδύντες,

78 1785 223 1820 τοξάζεσθε
237 1784 305 1811 κατὰ
318 1786 371 1810 τῶν
397 1783 481 1810 αὐτοῦ
505 1783 599 1820 ἱερέων
625 1782 670 1810 καὶ
695 1783 786 1820 ἱερῶν.
803 1783 906 1821 Εὖχοί-

76 1830 156 1865 μεθα,
177 1829 214 1864 μή
236 1827 319 1855 πάλιν
349 1827 553 1864 ἐκθυμώσωμεν
583 1826 674 1855 αὐτόν,
703 1827 736 1855 Ei
761 1828 812 1865 γὰρ
841 1827 905 1855 αὐτὸ

74 1874 213 1911 γένηται,
242 1872 305 1900 τότε
339 1873 490 1908 μαθήσεσθε
529 1872 574 1899 ἀπ’
602 1871 690 1899 αὐτῶν
719 1870 815 1909 ἔργων,
848 1873 905 1903 οἷος

71 1919 175 1950 ἐκεῖνος
191 1919 241 1954 τήν
271 1918 464 1956 ἀγανάκτησιν
492 1918 522 1949 ’ὸς
538 1918 656 1955 καθάπερ
683 1917 713 1945 οὖ
738 1917 814 1957 φιλεῖ
841 1917 904 1945 κλε-

73 1964 224 2000 πτόμενος,
241 1963 328 1999 οὕτως
346 1961 409 1990 οὐδὲ
423 1962 623 2000 ἁρπαζόμενος.
639 1965 691 1989 Τοῦ
712 1962 813 1999 Κυρίου
829 1964 846 1998 ὴ
868 1966 902 2000 γῆ

75 2009 122 2036 καὶ
137 2009 169 2035 τὸ
185 2007 328 2045 πλήρωμα
343 2007 436 2042 αὐτῆς·
452 2006 538 2045 ἐχέτω
554 2007 598 2034 οὖν
613 2005 800 2041 ἓκαατοςβαον
815 2008 902 2034 Θεόθεν

73 2050 185 2086 ἔλαϐεν,
199 2051 248 2079 ’ίνα
265 2051 304 2088 μὴ
320 2050 418 2079 ἀδικῶν
436 2051 466 2078 οὐ
481 2051 561 2078 πάθοι
578 2050 714 2088 εὐλογίαν.

110 2094 159 2125 νϐ’.
189 2095 267 2124 Ἀλλ’
293 2095 358 2133 ὅπερ
386 2095 528 2134 ἰλὲγομεν,
562 2098 645 2131 ποιεῖ,
672 2095 792 2123 ἔκκλισιν
820 2099 903 2124 κοικοῦ

76 2142 118 2169 καὶ
148 2141 182 2168 τὸ
193 2140 425 2179 ἀσυκοφάντητον,
454 2139 498 2167 καὶ
512 2139 543 2166 τὸ
571 2137 765 2178 ἀϐλάσιρημον,
781 2139 825 2166 καὶ
846 2141 862 2174 ἡ
878 2140 904 2167 ἐν

77 2184 164 2213 δέοντι
181 2185 305 2222 εὐλογία,
330 2185 375 2212 καὶ
403 2185 434 2212 τὸ
463 2185 499 2221 μή
526 2187 740 2222 καταμαρτυρεῖν
766 2184 809 2211 ἐπὶ
838 2185 902 2222 ψεύ-

78 2229 145 2265 δεσι,
163 2231 207 2257 καὶ
223 2230 255 2257 τὸ
268 2230 374 2268 χαίρειν
392 2229 459 2265 μετὰ
473 2231 526 2256 τῶν
541 2229 583 2256 ἐπ’
607 2229 720 2265 ἀγαθοῖς
736 2229 902 2267 χαιρόντων,

963 1652 1073 1680 timetis
1097 1651 1161 1679 illos
1191 1651 1226 1678 ad
1253 1650 1327 1678 iram
1355 1650 1492 1683 excitare,
1521 1658 1573 1677 nec
1588 1649 1787 1685 justissimam

962 1697 1132 1726 reveremini
1149 1696 1318 1731 vindictam,
1334 1695 1382 1723 sed
1399 1695 1450 1723 Dei
1462 1694 1683 1731 benignitatem,
1699 1695 1789 1723 veluti

962 1745 1078 1770 scutum
1094 1740 1271 1773 inviolabile,
1285 1740 1457 1774 subeuntes,
1472 1740 1612 1768 adversus
1622 1741 1789 1768 sacerdotes

961 1788 1025 1822 ejus
1041 1789 1069 1814 et
1082 1794 1166 1814 sacra
1179 1785 1238 1813 tela
1249 1784 1360 1820 jacitis.
1385 1787 1589 1820 Deprecamur,
1620 1793 1655 1812 ne
1685 1793 1789 1813 rursus

960 1831 1044 1859 illum
1061 1831 1230 1858 irritemus:
1258 1830 1283 1857 si
1307 1829 1384 1857 enim
1402 1829 1481 1856 istud
1511 1829 1604 1863 ﬁeret,
1629 1831 1700 1857 tunc
1715 1829 1788 1865 ipsis

960 1876 1098 1912 operibus
1110 1875 1240 1909 discetis,
1255 1873 1387 1910 qualisin
1397 1873 1600 1910 indignatione
1611 1873 1660 1901 ille
1669 1874 1717 1908 sit,
1726 1875 1786 1909 qui,

960 1921 1045 1949 sicuti
1062 1928 1113 1947 nec
1129 1920 1218 1951 fures,
1234 1919 1274 1946 ita
1303 1927 1356 1946 nec
1373 1921 1503 1954 raptores
1534 1921 1622 1946 amat.
1640 1930 1654 1944 ‹‹
1669 1919 1785 1947 Domini

960 1968 1005 1993 est
1019 1967 1097 1992 terra
1112 1966 1139 1992 et
1155 1963 1307 2000 plenitudo
1323 1963 1414 1998 ejus”,
1433 1974 1446 1988 ›ι
1464 1963 1573 1990 Habeat
1592 1963 1680 1998 igitur
1694 1972 1786 1992 unus-

960 2010 1086 2045 quisque
1102 2009 1178 2044 quod
1195 2017 1212 2035 a
1237 2008 1296 2036 Deo
1326 2007 1458 2044 accepit;
1489 2016 1524 2035 ne
1550 2016 1616 2035 reus
1632 2008 1784 2043 injustitiaa

959 2053 1194 2082 benedictionem
1213 2061 1270 2079 non
1287 2052 1404 2080 sentiat.

993 2099 1038 2125 52.
1061 2098 1168 2124 Verum
1198 2097 1275 2132 quod
1307 2096 1490 2129 dicebamus,
1520 2096 1745 2124 declinationem
1770 2105 1787 2124 a

959 2142 1036 2170 malo
1070 2141 1139 2168 facit
1171 2141 1259 2168 etiam
1298 2139 1567 2175 irreprebensibilis
1592 2141 1787 2176 conversatio,

958 2186 1131 2220 immunitas
1147 2194 1162 2212 a
1178 2185 1330 2219 conviciis,
1352 2185 1382 2212 in
1410 2184 1583 2212 necessitate
1612 2185 1787 2219 benedictio,

957 2231 1063 2259 falsum
1080 2239 1137 2257 non
1166 2230 1241 2257 ferre
1270 2229 1487 2262 testimonium,
1516 2229 1644 2265 gaudere
1672 2237 1739 2257 cum
1754 2230 1789 2258 de

76 2275 120 2302 καὶ
143 2274 252 2302 κλαίειν
278 2274 345 2310 μετὰ
371 2276 425 2301 τῶν
454 2273 494 2312 ἔφ’
510 2274 552 2304 οἷς
566 2274 622 2311 χρὴ
637 2273 799 2307 κλαιόντων,
815 2273 902 2302 καὶτὸ

967 2276 1041 2304 )onis
1054 2275 1261 2311 gaudentibus,
1292 2274 1361 2302 flere
1381 2282 1447 2301 cum
1473 2274 1509 2301 de
1531 2274 1679 2302 ﬂebilibus
1707 2274 1789 2310 plan-

79 2321 143 2357 [τιή]
163 2318 311 2357 θηριωδῶς
339 2318 526 2357 ἐπεξέρχεσθαι
555 2318 599 2346 καὶ
626 2317 751 2353 κολάζειν
782 2319 906 2358 ἀφόρητα

78 2365 139 2396 τοὺς
154 2365 313 2395 πταίοντας·
335 2363 373 2391 ἔτι
403 2363 432 2391 δὲ
455 2364 500 2391 καὶ
528 2364 560 2391 τὸ
592 2363 789 2402 ἀπορουμένοις
817 2364 849 2391 τά
874 2375 906 2402 γε

79 2410 115 2440 εἷς
143 2407 308 2446 συμϐουλὴν
334 2407 488 2440 ὑποτιθέναι
517 2408 551 2435 τὰ
587 2407 722 2446 ξύμφορα,
747 2408 792 2435 καὶ
818 2408 904 2440 οὕτως

80 2454 217 2492 ὑπεξάγειν
233 2453 332 2484 αὐτοὺς
350 2453 450 2490 βόθριυ
465 2451 613 2484 ἀπωλείας.
627 2451 665 2483 εἷς
691 2451 720 2479 ὅν
751 2452 904 2489 ἐμπίπτου-

79 2509 116 2526 σιν
133 2500 158 2527 οἱ
174 2499 247 2536 ἀπρο
253 2498 424 2535 μηθὲο-τεροι.

111 2545 159 2581 νγ’.
174 2542 320 2573 Ἐκκλισις
346 2544 431 2569 κακοῦ
452 2541 640 2578 ἐπισημοτάτη
667 2542 710 2569 καὶ
738 2543 755 2577 ἡ
780 2544 828 2570 τοῦ
859 2541 905 2570 δα-

80 2589 148 2616 νείου
166 2586 294 2624 μέθοδος,
325 2589 420 2624 πρῶτα
446 2587 493 2623 μὲν
518 2587 535 2621 ἡ
566 2585 776 2623 θεοπαράὸοτος,
802 2587 905 2621 καθ’ἥν

82 2632 228 2660 ἐπαινεῖται
244 2632 290 2659 καὶ
316 2632 330 2659 ὁ
357 2631 389 2659 τὸ
416 2631 545 2669 ἀργύριον
575 2631 656 2658 αὐτοῦ
674 2633 711 2668 μὴ
742 2630 833 2663 διδοὺς
860 2631 904 2659 ἐπὶ

80 2678 158 2714 τόκῳ·
190 2676 311 2715 δευτέρῳ
341 2675 370 2704 δὲ
399 2675 475 2714 λόγῳ
503 2678 520 2711 ἡ
553 2678 666 2713 νομική.
693 2677 721 2703 Ὀ
749 2678 819 2712 μήτε
845 2677 905 2703 κατ’

82 2722 195 2758 ὶκείνην,
223 2723 294 2759 μήτε
321 2721 388 2749 κατὰ
417 2722 517 2757 ταύτην
533 2720 674 2757 δανείζων,
705 2721 727 2748 εἰ
750 2721 793 2749 καὶ
820 2720 902 2760 βαρὺς

116 2831 127 2848 ⁸
141 2831 220 2860 Pssl.
237 2839 318 2866 nm,
337 2831 362 2858 1.

961 2321 1108 2357 gentibus,
1125 2328 1182 2348 non
1200 2319 1298 2346 saevire
1314 2319 1477 2355 punireque
1498 2317 1657 2346 crudeliter
1672 2327 1721 2347 eos
1737 2318 1787 2355 qui

961 2365 1090 2392 facinora
1104 2363 1326 2399 commiserunt,
1353 2371 1465 2391 necnon
1487 2363 1609 2391 consilio
1633 2363 1786 2400 egentibus

961 2410 1073 2438 utiliter
1087 2409 1234 2443 auxiliari,
1250 2411 1279 2436 et
1307 2409 1347 2436 ita
1371 2408 1482 2444 eripere
1510 2416 1560 2436 eos
1576 2416 1609 2436 ex
1625 2409 1786 2444 perditonis

961 2455 1076 2491 abysso,
1086 2454 1115 2481 in
1124 2461 1212 2490 quam
1221 2453 1415 2488 deciduntqui
1428 2452 1526 2480 minus
1533 2455 1602 2480 sunt
1613 2453 1782 2490 prudentes.

995 2543 1038 2571 53.
1056 2543 1283 2570 Praeclarissima
1313 2550 1429 2578 quoque
1456 2542 1613 2570 declinatio
1642 2542 1712 2570 mali
1742 2545 1787 2572 est

959 2588 1054 2616 mutui
1072 2588 1280 2620 commodatio,
1300 2587 1394 2623 primo
1410 2587 1528 2622 quidem
1555 2595 1589 2614 ea
1618 2596 1681 2623 quas
1697 2596 1714 2615 a
1729 2588 1787 2615 Deo

959 2633 1067 2660 tradita
1081 2635 1134 2665 est,
1157 2633 1242 2667 juxta
1258 2640 1345 2667 quam
1363 2631 1501 2660 laudatur
1516 2633 1543 2659 et
1559 2632 1607 2660 ille
1624 2633 1674 2668 qui
1698 2641 1789 2668 pecu-

959 2678 1036 2705 niam
1050 2686 1134 2705 suam
1156 2685 1212 2704 non
1225 2677 1306 2704 dedit
1322 2677 1356 2704 ad
1374 2685 1517 2710 usuram;
1534 2678 1664 2705 secundo
1680 2679 1787 2711 autem,

959 2730 1022 2758 qua:
1040 2730 1057 2750 a
1070 2721 1134 2757 lege
1146 2721 1311 2758 praestituta
1321 2724 1375 2749 est.
1388 2721 1441 2753 Οιιὶ
1455 2730 1507 2749 nec
1519 2723 1683 2750 secundum
1694 2721 1786 2756 illam,
