1992 3158
74 197 132 227 625

586 195 626 225 IN
649 195 681 225 S.
705 191 1044 230 QUADRAGESIMAM
1068 189 1214 220 ORATIO
1235 188 1274 218 ΙΙ.

1724 182 1782 213 626

76 263 177 299 χωρῶν
203 260 250 288 καὶ
274 258 404 298 καθίδρας
427 259 643 296 ὑπεξιστάμενος,
660 258 761 296 πολλῷ
776 257 805 286 δὲ
819 257 902 285 πλέον

972 258 996 285 le
1011 255 1096 285 sedili
1111 255 1197 288 cedit,
1214 253 1358 299 sedquod
1382 251 1474 280 multo
1495 252 1610 288 praestat
1626 248 1698 278 nihil
1723 257 1781 277 non

79 305 148 343 μηδὲ
175 303 438 341 καταναιδευόμενος
463 306 512 331 τοῦ
537 304 674 338 τοιούτου,
702 303 776 331 ἀλλὰ
797 303 841 331 καὶ
858 302 905 330 λα-

77 350 192 381 λοῦντος
217 349 300 377 αὐτοῦ
323 351 445 383 σιωπῶν,
460 349 504 376 καὶ
531 349 618 382 ἀγαθὰ
644 349 690 385 μὲν
709 349 832 381 εἶπόντος
846 359 904 375 πει-

77 396 205 433 θόμενος,
222 395 363 423 πταίσαντι
393 394 421 422 δὲ
442 406 466 422 τι
492 397 690 433 σογγνωμονῶν
718 390 903 433 διακριτικῶς’“

75 439 113 468 ἔτι
129 441 176 468 καὶ
199 441 212 467 ὁ
239 441 284 468 τὸν
311 441 435 467 ὁπωσοῦν
461 439 641 476 πλανώμενον
669 440 835 478 ἐπιστρέφων
865 439 906 477 ἐφ’

76 486 240 519 ὁποσονοῦν,
267 485 311 512 καὶ
339 484 440 522 ἑνάγων
467 484 505 516 εἷς
528 485 577 519 τὴν
605 485 698 521 ὀρθήν·
726 485 770 512 καὶ
798 485 812 511 ὁ
838 483 906 521 πρὸς

74 531 105 558 τὸ
130 529 314 568 ἐρωτώμενον
339 529 426 567 ὀρθῶς
453 529 677 566 ἀποκρινόμενος,
705 529 749 556 καὶ
775 530 812 565 μὴ
840 529 906 556 κατᾶ

78 575 237 610 ὑπόκρισιν,
252 574 282 608 ἣν
308 573 339 601 τὸ
370 574 417 610 μὲν
434 573 564 609 ἀληθινὸν
593 576 659 610 φῶς,
678 575 694 608 ἠ
711 572 905 608 αὐτοαλήοεια,

77 619 91 646 ὁ
107 618 174 650 Θεὸς
193 620 278 654 μισεῖ.
295 618 309 645 ὁ
326 616 354 645 δὲ
366 620 415 645 τοῦ
428 617 541 649 σκότους
555 616 648 656 ἄρχων
666 618 809 656 ὑπερφιλεῖ
821 616 905 644 διὰτὸ

77 663 145 700 πρὸς
164 662 248 690 αὐτὸν
263 661 316 698 ὅμο
322 673 372 689 ιον.

113 716 163 748 ντί.
197 717 232 743 Ἢ
255 715 305 754 γὰρ
333 715 364 743 οὗ
391 716 527 743 σκοτεινὸν
552 718 624 743 πᾶσα
655 716 814 752 ὑπόκρισις,
842 713 908 752 δίχα

77 771 108 798 γε
133 761 184 795 τῆς
214 760 337 797 λογικῶς
363 758 610 797 παραδεδομένης,
638 759 668 787 οὐ
698 760 814 797 μίμησ.ς
837 759 905 795 ψιλὴ

78 806 195 842 ἀγαθοῦ,
221 805 267 831 καὶ
293 803 376 831 πλέον
405 803 652 842 οὐδέν;“οργανον
681 804 785 840 ἀπάτης
814 803 881 838 αὕτη
899 825 906 838 ,

80 849 218 884 ὑπόξυλος
248 848 383 883 καλλονή,
412 848 522 886 ἄγαλμα
546 849 688 886 πονηρίας,
715 849 833 887 ῥυπαρὸν
861 848 907 884 μὶν

78 894 112 921 τὰ
127 892 206 921 ἔνδον
222 893 267 920 καὶ
286 893 483 932 ὑπομόχθηρον
508 893 552 920 καὶ
577 891 722 928 κίϐδηλον,
737 894 771 920 τὰ
796 892 825 920 δὲ
840 903 907 930 προ-

958 303 1129 330 venerantcr
1144 300 1204 336 agit
1214 299 1243 326 in
1256 298 1350 333 illum,
1361 305 1459 325 verum
1476 295 1630 328 etiam,illo
1644 294 1781 330 loquente

959 349 1046 381 tacet,
1058 349 1086 374 et
1101 346 1177 373 bona
1187 344 1304 379 quidem
1320 342 1429 370 dicenti
1441 341 1549 376 obedit,
1564 340 1671 375 aliquid
1681 341 1779 367 autem

959 390 1090 428 peccanti
1119 389 1252 425 indulget
1281 388 1455 423 prudenter;
1484 385 1535 421 qui
1554 384 1640 412 etiam
1658 391 1779 420 quomo-

960 427 1113 471 docunque
1128 437 1285 466 errantem,
1302 434 1389 469 prout
1404 440 1449 459 res
1464 431 1566 459 volunt
1581 429 1692 457 reducit
1708 430 1736 455 et
1751 427 1780 455 in

959 481 1036 509 viam
1053 482 1159 508 rectam
1174 478 1292 513 dirigit;
1309 477 1378 514 quid
1391 477 1425 504 ad
1440 476 1621 510 interrogata
1634 474 1710 501 recte
1722 480 1780 500 res-

961 526 1070 562 pondet
1089 527 1117 552 et
1144 532 1202 551 non
1219 531 1270 559 per
1285 520 1474 558 hypocrisim,
1492 527 1580 555 quam
1596 517 1715 554 quidem
1732 515 1783 543 lux

961 579 1041 604 vera,
1070 570 1135 605 ipsa
1163 568 1280 601 veritas,
1311 567 1388 594 Dens
1417 565 1490 598 odit,
1520 563 1656 600 princeps
1684 563 1782 589 autem

961 615 1148 643 tenebrarum
1162 613 1198 641 ob
1214 611 1440 640 similitudinem
1463 609 1510 638 sui
1526 607 1725 643 maximopere
1740 605 1784 633 di-

961 659 1037 696 ligit.

997 713 1032 740 56
1070 711 1220 747 Numquid
1245 710 1323 738 enim
1352 709 1541 737 tenebrosum
1570 705 1642 741 quid
1662 712 1720 732 non
1737 706 1782 731 est

962 757 1059 785 omnis
1073 755 1235 792 hypocrisis
1252 756 1355 791 praeter
1371 761 1435 781 eam
1464 760 1527 787 quae
1552 749 1646 786 logice
1674 748 1783 776 tradita

962 801 1025 829 est?
1041 809 1138 828 annon
1167 808 1241 827 vana
1255 799 1324 826 boni
1349 797 1498 825 simulatio
1524 797 1719 831 praetereaque
1734 792 1781 820 ni—

962 845 1027 873 hil?
1043 845 1107 873 Haec
1123 843 1304 879 deceptionis
1320 843 1562 874 instrumentum;
1578 838 1701 867 conﬁcta
1718 839 1782 874 pul-

963 892 1109 926 chriludo,
1126 890 1243 918 malitiae
1272 888 1477 920 simulacrum,
1495 885 1647 914 sordidum
1663 883 1782 920 quidem

81 938 236 977 φαινόμενα
262 937 438 972 πεδικαλλὲς,
462 938 508 965 καὶ
524 938 555 965 οὐ
570 939 638 965 κατά
662 949 687 965 τι
710 935 907 976 χολοϐάφινον,

977 937 1088 964 nterius
1103 938 1132 963 et
1146 943 1267 971 parvum
1283 936 1311 961 et
1335 932 1543 964 adulteratum,
1561 929 1689 957 exterius
1718 934 1784 955 vero

83 982 157 1010 ἀλλὰ
190 981 312 1018 ἀμυδρόν
340 993 365 1009 τι
393 981 558 1019 προλάμπον
589 983 692 1021 χρυσέᾳ
719 981 906 1018 στιλπνότητι.

83 1028 194 1058 Λάκκος
219 1027 288 1062 αὕτη
316 1027 528 1064 κατηνθισμένος
550 1026 593 1054 ἐπὶ
616 1027 739 1062 ἀπωλείᾳ
764 1029 817 1054 τῶν
834 1036 910 1063 περι-

82 1071 273 1108 πεσουμένων·
299 1073 392 1109 ψυχῆς
420 1070 636 1108 ἰκπορνευοΰσης
665 1069 812 1110 μόρφασμα
828 1080 835 1089 ⁸
862 1081 910 1098 κα-

82 1117 129 1144 κία
157 1115 291 1149 ὕπουλος,
319 1116 417 1153 ἀρετὴν
447 1116 623 1153 ἐπιφαίνουσα
649 1113 771 1152 διαϐόλῳ
792 1115 911 1143 αὑτείκε-

82 1160 143 1188 λον·
175 1159 274 1197 ψεῦδος
302 1159 440 1198 ἔπαρχον
468 1160 553 1196 λιμὴν
569 1160 687 1200 φρίσσων
716 1159 803 1191 λίθοις
825 1159 910 1196 ὀξέσιν

85 1205 214 1244 ὑφάλοις*
254 1205 335 1243 παγὶς
364 1204 549 1242 εὐπρόσωπος·
580 1206 703 1243 χαροπὸν
733 1205 826 1243 θηρίον
844 1228 852 1242 ,
881 1204 912 1232 οὗ

81 1253 116 1287 τῇ
130 1251 192 1277 κατ’
219 1248 282 1286 ὄψιν
309 1253 381 1288 χαρᾷ
404 1250 435 1277 τὸ
460 1252 514 1277 τῶν
544 1249 661 1277 ὀδόντων
686 1250 831 1288 ἀντιφωνεῖ
849 1250 913 1287 κάρ-

81 1305 182 1333 χαρον.
207 1294 376 1331 Ὀρθότητος
403 1293 470 1329 αὕτη
496 1294 677 1331 ἐμπαίκτρια,
706 1295 746 1326 οἷς
773 1294 814 1321 ἀεὶ
840 1293 911 1321 πλα-

81 1341 184 1378 γιάζιι,
210 1339 243 1366 τὰ
271 1338 366 1366 πολλὰ
395 1337 424 1366 δὲ
451 1339 496 1366 καὶ
524 1337 618 1374 κύκλῳ
641 1342 783 1376 περιπατεῖ
808 1336 911 1366 ἀσεϐῶν

84 1383 176 1420 δίκην,
204 1385 273 1411 κατὰ
296 1384 342 1411 τὸν
368 1382 536 1420 Ψαλμῳδόν.
564 1383 688 1420 Ἀγάπης
711 1383 829 1422 κρυπτὸς
854 1383 913 1410 ἐπί-

84 1427 199 1462 ϐουλος,
229 1429 269 1459 οἷς
295 1428 438 1466 ὑφειμένη,
462 1428 530 1455 κατά
553 1428 599 1455 τὸν
624 1427 742 1464 εἰπόντα,
757 1427 793 1459 ὠς
819 1426 914 1466 ἔχιδνα

85 1472 279 1508 λανθάνουσα,
307 1472 408 1500 ἐκπίνει
432 1473 477 1500 τὸν
502 1473 655 1511 ἄνθρωπον.
685 1472 814 1507 Ἀλώπηξ
840 1472 913 1508 πλή-

86 1528 138 1554 ρης
158 1517 208 1554 μὶν
232 1516 327 1550 δόλου,
352 1517 482 1544 ἀπατώσα
508 1516 536 1544 δὲ
561 1517 625 1548 τοὺς
649 1517 763 1551 ἁπλοῦς,
779 1517 812 1544 τὰ
826 1516 914 1544 πλείω

88 1561 116 1590 δὲ
139 1562 205 1594 τοὺς
229 1561 460 1600 εὖηθικωτέρους,
476 1563 516 1593 οἷς
540 1564 669 1599 νεκρικῶς
696 1562 792 1595 ὲαυτήν
819 1571 914 1588 κατευ-

87 1608 172 1642 νάζει.
200 1606 288 1642 Αὕτη,
313 1607 382 1644 πρὸς
405 1605 518 1645 αἶ’νιγμα
544 1607 655 1645 φράσαι,
678 1606 710 1633 τὸ
731 1609 782 1633 πᾶν
797 1605 852 1633 ἐστι
867 1605 912 1633 καὶ

85 1652 116 1679 τὸ
133 1650 231 1688 μηδέν’
248 1650 335 1678 ἐκεῖνο
362 1651 421 1687 μὲν,
438 1651 478 1682 οἷς
505 1652 673 1689 τεχνάζεται,
697 1651 729 1678 τὸ
756 1649 793 1687 δὲ,
811 1651 851 1681 οἷς
868 1649 913 1688 ἐρ-

87 1697 210 1734 γάζεται.
238 1694 371 1723 Βούλεται
401 1695 448 1732 μὲν
478 1696 530 1733 γὰρ
560 1695 630 1723 θεῖόν
656 1706 682 1722 τι
708 1695 792 1730 εἶναι,
818 1695 913 1722 καθότι

87 1741 130 1768 καὶ
147 1742 240 1778 ἅγιον,
266 1737 421 1767 ἀπεκϐαίνει
445 1738 473 1767 δὲ
498 1740 536 1772 εἰς
558 1739 659 1776 αίμονα
695 1740 844 1767 κακοποιὸν
867 1739 913 1767 καὶ

90 1787 127 1822 μή
144 1784 248 1819 εἰδότα,
265 1785 280 1812 ὅ
293 1785 319 1811 τί
334 1784 400 1812 ποτὲ
423 1784 478 1812 ἐστι
494 1784 525 1811 τὸ
541 1784 637 1821 ἀγαθὸν
651 1787 701 1819 τῆς
719 1784 877 1822 ὀρθότητος
894 1783 912 1818 ἢ

90 1830 132 1857 καὶ
149 1829 256 1865 ἄλλως,
273 1827 362 1856 εἷδότα
377 1829 435 1865 μὲν,
452 1829 581 1856 ὀκνοῦντα
597 1827 625 1856 δὲ
640 1829 760 1866 χρῆσθαι
777 1829 857 1865 αὐτῇ.

964 980 1185 1017 perpulchrum,
1212 982 1241 1007 et
1269 986 1326 1006 non
1341 976 1504 1005 secundum
1520 975 1591 1010 quid
1608 973 1676 1000 bilis
1691 971 1786 999 colore

965 1016 1086 1058 iJavum,
1114 1025 1163 1052 sed
1194 1023 1410 1051 subobscurum
1441 1020 1511 1056 quid
1540 1027 1628 1046 aurea
1657 1016 1789 1045 claritate

967 1070 1140 1106 praelucens.
1163 1069 1229 1096 Hmc
1257 1068 1382 1103 laqueus
1413 1064 1536 1092 ﬂoribus
1565 1063 1721 1090 exornatus
1751 1060 1787 1087 ad

966 1114 1159 1151 perditionem
1175 1111 1442 1148 supervenienlium
1459 1118 1466 1144 ς
1483 1108 1586 1136 anima:
1617 1104 1789 1134 fornicantis

967 1160 1082 1196 imago;
1113 1157 1240 1195 pravitas
1255 1155 1463 1188 dissimulata;
1493 1152 1644 1189 ingenium
1674 1148 1788 1178 diabolo

967 1194 1088 1240 prorsus
1108 1202 1206 1230 simile
1230 1201 1407 1233 ostendens;
1437 1196 1624 1226 mendacium
1653 1194 1788 1221 incarna~

969 1238 1051 1281 tum;
1068 1250 1169 1283 portus
1194 1246 1317 1282 rupibus
1345 1243 1440 1272 acutis
1468 1243 1498 1270 in
1529 1240 1601 1268 mari
1631 1238 1789 1266 latentibus

969 1293 1140 1321 horrescens
1155 1300 1162 1320 ι
1179 1291 1303 1327 laqueus
1318 1289 1484 1325 speciosus;
1501 1285 1583 1313 vultu
1600 1283 1706 1311 ridenti
1718 1283 1789 1316 fera,

968 1338 1053 1373 cujus
1070 1336 1152 1364 faciei
1180 1326 1261 1363 visus
1287 1333 1435 1362 hilaritate
1463 1331 1596 1359 dentium
1621 1327 1697 1356 acris
1712 1326 1790 1354 acies

969 1384 1090 1418 pugnat.
1108 1379 1285 1409 Rectitudini
1301 1379 1361 1406 haec
1377 1377 1488 1412 irridet,
1505 1376 1614 1411 quippe
1629 1381 1692 1409 quae
1712 1379 1790 1399 sem-

968 1435 1020 1463 per
1035 1426 1153 1462 obliquo
1170 1425 1261 1453 utitur
1276 1424 1397 1460 quidem
1413 1424 1504 1455 motu,
1532 1419 1706 1456 plerumque
1725 1422 1792 1442 vero

969 1460 1280 1506 circuituﬁmpiorum
1303 1468 1408 1500 instar,
1421 1467 1507 1502 juxta
1524 1462 1722 1495 Psalmistam,
1740 1460 1790 1488 ob-

969 1515 1111 1544 ambulat.
1128 1513 1284 1542 Charitatis
1313 1512 1408 1539 latens
1435 1508 1614 1539 insidiatrix,
1645 1507 1793 1542 quatenus

969 1559 1188 1594 humilis,juxta
1203 1554 1485 1594 proverbium,sicut
1499 1553 1598 1588 vipera
1609 1550 1729 1578 latitans
1746 1556 1794 1575 ex-

970 1604 1050 1640 sugit
1064 1591 1218 1631 hominem:
1239 1601 1347 1636 Vulpes
1364 1599 1473 1635 repleta
1503 1596 1580 1630 dolo,
1596 1597 1625 1623 et
1642 1591 1791 1640 simplices

970 1652 999 1677 et
1009 1637 1188 1684 plerumque
1212 1644 1450 1681 simplicissimos
1467 1649 1601 1678 quosque
1629 1637 1791 1684 decipiens,

967 1679 1216 1730 quamdoquidem
1223 1679 1698 1724 se,ve[utcadavrer,quiescentem
1706 1679 1791 1730 ﬁngit

968 1725 1045 1771 llaec,
1062 1742 1092 1765 ul
1108 1725 1197 1764 .more
1224 1734 1337 1770 vulgari
1365 1733 1480 1768 loquar,
1505 1733 1601 1758 totum
1628 1730 1673 1756 est
1701 1728 1730 1754 et
1745 1725 1790 1752 ni-

967 1782 1028 1810 hil:
1046 1782 1117 1810 illud
1133 1781 1262 1817 quidem,
1280 1781 1423 1815 quantum
1452 1777 1488 1804 ad
1504 1778 1592 1810 artes,
1608 1773 1662 1801 hoc
1691 1772 1788 1817 autem

968 1831 1112 1864 quantum
1129 1814 1164 1854 ad
1181 1834 1277 1862 opera.
1288 1814 1410 1852 iEtenim
1427 1822 1489 1849 vult
1515 1820 1635 1856 quidem
1650 1814 1795 1864 esse-ali-

92 1875 161 1911 quid
188 1874 321 1902 divinum
346 1876 375 1901 et
403 1876 561 1902 sanctum:
578 1874 688 1902 desinit
721 1877 820 1902 autem
848 1874 879 1901 in
908 1859 1069 1901 daemonem
1098 1859 1219 1908 pravum
1236 1878 1268 1898 ac
1290 1868 1422 1897 nescium
1444 1866 1515 1903 quid
1545 1865 1583 1892 sit
1610 1859 1796 1891 rectitudinis

92 1920 205 1948 bonum
220 1927 228 1953 ;
245 1921 296 1946 aut
315 1921 393 1946 certe
417 1919 558 1947 scientem
588 1919 719 1954 quidem,
736 1927 794 1946 non
823 1921 921 1947 autem
941 1919 1133 1946 exercentem.

127 1969 412 2008 νζ’.Ψευδάνθρωπος
433 1969 575 2007 ἅνθρωπος
602 1971 616 1997 ὁ
645 1971 803 2008 ὑποκριτὴς,
829 1970 866 2001 ὡς
892 1968 921 1997 δὶ

93 2016 135 2043 καί
166 2013 307 2051 δαιμονῶν
335 2013 448 2052 λεχθείη
474 2013 503 2042 ἂν
524 2014 569 2042 καὶ
591 2014 845 2053 δαιμονάνθρωπος.
869 2014 921 2042 Καὶ

92 2061 193 2098 Ἀργος
223 2059 272 2095 μὲν
298 2059 312 2086 ὁ
337 2057 553 2096 θρυλλούμενος,
581 2061 626 2086 οἷα
640 2057 793 2094 πανόπτης,
809 2057 921 2095 οἴδαμεν

93 2105 183 2140 ὁποίῳ
200 2103 280 2142 λόγῳ
306 2105 430 2134 τοιοῦτος
458 2104 522 2131 εἶναι
549 2103 707 2131 πλάττεται·
739 2104 752 2130 ὁ
768 2102 797 2130 δὲ
813 2104 923 2139 ὑποκρι-

92 2149 141 2184 τής
159 2147 233 2176 ἄλλο
248 2159 274 2175 τι
292 2148 366 2187 φέρει
391 2148 502 2184 ξενίζον.
520 2148 651 2176 Ψεύδεται
667 2149 718 2186 γὰρ
744 2147 801 2184 ὅλῳ
815 2149 855 2183 τῷ
871 2146 923 2174 σώ-

95 2203 160 2229 ματι
176 2214 183 2227 ,
212 2194 248 2229 τῇ
279 2191 404 2229 ἐπικύψει
427 2193 477 2227 τῆς
498 2192 620 2232 κεφαλῆς
636 2216 643 2229 ,
672 2193 706 2229 τῇ
736 2191 850 2219 ἐννεόσει
876 2193 926 2225 τῆς

94 2235 194 2274 ὄψεως,
213 2239 254 2273 τῷ
281 2235 450 2274 μειδιάματι,
478 2239 518 2273 τῷ
540 2236 702 2275 γελάσματι,
717 2239 757 2272 τῷ
778 2235 925 2275 φιλήματι,

93 2284 126 2319 τῇ
156 2282 254 2317 λαλιᾷ,
281 2283 321 2318 τῷ
350 2281 487 2319 πτύσματι
522 2283 536 2309 ὁ
564 2282 750 2313 κατάπτυστος
768 2292 774 2297 ·
806 2280 928 2311 συνόλως

95 2327 194 2361 εἰπεῖν,
221 2328 262 2362 τῷ
287 2326 368 2353 παντὶ
389 2327 540 2364 προσώπῳ,
564 2329 599 2364 τῇ
628 2326 720 2362 βαθείᾳ
735 2326 927 2363 προσκυνήσει,

95 2371 128 2409 τῇ
144 2373 195 2399 τοῦ
223 2371 369 2407 ἀσπασμοῦ
395 2371 534 2408 ὶμπλοκῇ,
550 2371 585 2409 τῇ
609 2374 662 2399 τῶν
688 2373 789 2409 χειρῶν
806 2368 928 2407 ἐμϐολῇ,

99 2418 134 2449 τῆ
160 2418 218 2443 τῶν
248 2415 380 2454 τριχίνων
401 2414 549 2453 περιϐολῇ,
569 2418 604 2453 τῇ
632 2415 782 2453 μεταδόσει,
811 2415 856 2443 ὅτε
877 2425 929 2442 που

96 2462 140 2489 καὶ
170 2460 281 2495 ἐλεήσει
308 2461 353 2488 τὸν
382 2460 552 2488 ἐπαιτοῦντα·
579 2463 613 2498 τῇ
626 2463 680 2489 τῶν
707 2461 827 2499 γονάτων
841 2460 929 2487 κλίσει

97 2506 135 2536 ὡς
151 2506 191 2537 εἱς
214 2506 384 2542 προσευχήν·
406 2507 446 2542 τῷ
475 2504 641 2542 παντοδαπῷ
668 2508 717 2533 τοῦ
747 2504 926 2543 βαδίσματος.

98 2549 168 2578 Οὔτε
204 2549 257 2587 γὰρ
299 2552 402 2586 σεμνῶς
433 2549 576 2588 βαδίζων,
603 2551 670 2589 πρὸς
696 2549 827 2586 ἀλήθειαν
866 2549 931 2577 αὐτὸ

97 2598 185 2628 ποιοῖ,
217 2593 282 2621 οὐδὲ
313 2595 366 2631 μὴν
397 2594 531 2630 σπεύδων,
560 2596 606 2623 ὅτε
631 2596 685 2622 τινὶ
717 2596 827 2632 βοηθεῖν
852 2605 934 2632 προσ-

98 2641 235 2667 ποιεῖται.
260 2639 299 2666 Τὰ
328 2639 419 2675 μέντοι
447 2640 508 2677 περὶ
533 2639 659 2678 γαστέρα,
676 2639 721 2667 καὶ
747 2638 773 2666 εἴ
793 2650 818 2666 τι
837 2638 935 2676 ἐχόμε-

100 2694 157 2719 νον,
188 2681 361 2722 πεφυλάχθαι)
390 2686 465 2722 σιγῇ,
497 2684 519 2712 ώ
544 2685 638 2723 ψυχὴ,
668 2683 739 2712 οὕτω
767 2684 817 2718 τὴν
846 2683 935 2717 καλὴν

101 2728 253 2766 ἆχρειοῦσα
279 2727 378 2756 πλάσιν
397 2752 404 2766 ,
434 2729 479 2757 καὶ
507 2730 552 2757 τὸν
582 2729 667 2757 καλὸν
694 2729 836 2767 ἄνθρωπον
870 2727 932 2765 ψεύ-

104 2772 202 2801 δουσα.

136 2819 188 2854 ντί.
204 2819 285 2856 ’Έχω
311 2817 396 2855 δείξας
419 2818 474 2856 ἤδη
501 2822 615 2858 τρανῶς,
640 2821 733 2858 οἶμαι,
762 2820 804 2848 ὅτι
819 2818 936 2847 ἐκκλίνει

106 2863 158 2898 τὴν
189 2862 259 2890 κατά
284 2864 375 2902 ψυχὴν
405 2865 544 2901 κακότητα
571 2865 617 2894 καὶ
647 2866 660 2893 ὁ
686 2863 770 2902 μηδὲν
799 2875 826 2893 τι
850 2867 936 2894 ποιῶν

1012 1971 1057 1998 57.
1074 1969 1166 1997 Homo
1197 1967 1323 1996 mendax
1350 1967 1395 1994 est
1422 1963 1598 2000 hypocrita;
1628 1959 1712 1996 quasi
1732 1965 1800 1985 vero

976 2014 1174 2042 daemoniacus
1201 2013 1259 2040 dici
1290 2013 1385 2047 potest
1400 2012 1429 2036 et
1443 2007 1671 2036 homo-dzemon.
1689 2003 1723 2030 Et
1737 2001 1801 2047 qui:

977 2059 1043 2086 dem
1056 2059 1147 2093 Argus
1160 2050 1589 2088 celebratissimus,quaomnia
1602 2044 1802 2081 videns,quali

979 2102 1065 2130 modo
1081 2091 1148 2129 talis
1164 2108 1228 2128 esse
1241 2101 1380 2135 ﬁngatur,
1397 2097 1532 2124 novimus
1550 2091 1719 2129 :hypocrita
1734 2096 1801 2117 vero

979 2146 1059 2174 aliud
1075 2145 1145 2181 quid
1162 2144 1236 2180 gerit
1250 2145 1420 2171 extraneum
1434 2149 1441 2168 :
1467 2139 1608 2167 mentitur
1634 2135 1714 2181 enim
1741 2135 1801 2161 toto

980 2185 1113 2225 corpore,
1128 2188 1232 2224 capitis
1248 2189 1332 2220 nutu,
1350 2186 1502 2214 oculorum
1519 2178 1716 2213 obtutu,dulci
1728 2178 1800 2212 risu,

982 2222 1135 2268 cachinno,
1161 2222 1273 2266 osculo,
1304 2229 1430 2266 loquela.
1468 2230 1565 2264 sputo,
1595 2222 1803 2268 conspuendus

982 2280 1060 2316 ipse;
1078 2267 1136 2307 uno
1152 2278 1248 2311 verbo,
1278 2279 1341 2304 tota
1356 2275 1439 2308 facie,
1456 2271 1602 2309 profunda
1615 2267 1804 2315 salutatione,

983 2324 1152 2352 osculorum
1178 2320 1386 2356 implicatione,
1403 2324 1544 2346 manuum
1571 2314 1737 2349 iniectione,
1754 2310 1808 2338 cri-

984 2347 1152 2352 ννν--νημ
1178 2347 1306 2356 --Ἵνηη
1380 2347 1385 2352 .
1606 2347 1609 2349 .

945 2347 968 2379 D
985 2370 1067 2397 nium
1104 2367 1232 2401 circulis,
1262 2365 1428 2402 largitione,
1456 2363 1481 2390 si
1510 2362 1582 2388 forte
1611 2354 1808 2385 mendicantis

985 2415 1162 2446 miseretur;
1179 2419 1309 2448 genuum
1326 2409 1405 2437 velut
1430 2407 1464 2435 ad
1482 2404 1644 2434 orationem
1674 2401 1807 2433 ﬂexione,

985 2462 1045 2487 toto
1064 2444 1309 2496 gressusvhabitu.
1323 2454 1381 2483 Nec
1397 2453 1475 2481 enim
1491 2458 1558 2478 cum
1569 2444 1811 2482 decentergradi-

984 2507 1100 2538 tur,uec
1118 2502 1234 2539 quando
1250 2499 1392 2529 frestinat.
1408 2497 1496 2525 alicui
1513 2501 1684 2523 succurrere
1704 2500 1762 2528 prae
1778 2497 1810 2518 se

986 2535 1093 2581 ferens,
1118 2535 1204 2583 juxta
1218 2545 1370 2573 veritatem
1398 2542 1476 2570 facit.
1493 2540 1574 2572 Quod
1592 2541 1690 2566 autem
1707 2535 1812 2564 attinet

987 2594 1023 2621 ad
1038 2595 1168 2620 ventrem
1185 2594 1212 2619 et
1226 2593 1323 2626 partes
1335 2595 1473 2619 annexas,
1487 2586 1674 2621 praetereatur
1684 2580 1811 2612 silentio,

988 2647 1004 2666 ο
1021 2637 1128 2672 anima,
1140 2636 1183 2664 sic
1213 2634 1368 2672 pulchram
1398 2633 1559 2666 deturpans
1575 2626 1812 2665 plasmationem,

989 2685 1018 2711 et
1032 2681 1189 2719 pulchrum
1203 2679 1352 2709 hominem
1370 2675 1527 2705 mentiens.

1026 2818 1140 2846 58.Jam
1156 2815 1303 2844 evidenter
1313 2813 1532 2842 demonstrasse
1542 2809 1614 2838 mihi
1625 2803 1816 2834 videorillum

993 2863 1097 2893 animae
1113 2861 1254 2891 malitiam
1276 2859 1404 2889 devitare
1419 2856 1470 2893 qui
1498 2853 1572 2884 nihil
1595 2861 1631 2881 ex
1656 2849 1815 2887 hypocrisi,
