1992 3158
200 205 259 235 627

586 206 798 237 EUSTATllIl
822 205 1207 236 THESSALONICENSIS
1230 205 1523 235 METROPOLITE
1825 207 1873 237 628

199 272 250 300 sed
264 272 348 307 juxta
362 271 513 299 veritatem
542 272 611 308 agit.
642 273 700 301 Nec
723 273 801 301 enim
820 272 929 308 aliquid
946 280 1024 300 com-

1092 272 1275 306 νποκριτικῶς,
1304 269 1377 298 ἀλλὰ
1406 269 1473 308 πρὸς
1504 269 1644 304 ἀλήθειαν.
1673 268 1735 297 Οὔτε
1758 270 1801 308 γὰρ
1815 270 1875 308 ἡλίῳ

199 324 290 344 mune
303 319 347 344 est
360 316 413 344 soli
430 325 499 344 cum
515 317 654 350 tenebris,
672 327 724 345 nec
744 318 856 346 veritati
882 325 948 345 cum
978 316 1029 353 hy-

199 360 328 396 pocrisi;
345 361 401 397 ipsi
417 364 516 389 autem
532 364 578 389 est
600 363 746 398 oppositio
763 371 826 398 quae
857 362 987 389 medium
1003 364 1031 389 et

200 405 388 433 concordiam
409 406 511 434 nescit.
540 406 592 434 Ille
618 407 706 434 etiam
736 407 836 443 procul
865 406 991 434 declinat
1015 415 1031 434 a

199 449 343 484 malo,qui
360 458 418 477 non
433 450 536 478 dividit
552 451 672 486 amicos,
689 451 764 479 inter
778 451 916 479 inimicos
932 453 1029 478 autem

201 502 305 530 pacem
322 495 420 522 nectit.
438 494 511 522 Illud
525 495 604 523 enim
621 496 729 523 factum
741 504 815 532 opus
830 498 875 524 est
890 495 1030 528 hominis,

199 541 302 574 postea
313 540 410 566 autem
429 539 488 572 Dei,
504 539 555 575 qui
570 540 707 574 vivificat,
723 541 773 576 qui
789 541 866 568 Deus
877 542 922 568 est
932 540 1029 568 unita-

199 583 241 610 tis
259 592 265 610 :
284 583 314 610 in
330 583 432 610 eodem
448 582 511 611 loco
528 584 705 612 statuendus
721 588 765 612 est
784 585 835 620 qui
852 593 909 612 non
925 584 1032 612 excitat

200 626 400 661 inimicitiam,
418 636 470 655 nec
499 628 657 657 scintillam
685 630 796 657 animat
824 632 852 657 et
866 630 1032 657 inﬂammat

203 671 284 700 velut
299 672 335 700 ad
351 671 532 700 incendium.

237 761 282 788 59.
300 759 394 792 Quare
409 769 476 788 vero
494 761 550 788 mei
579 769 710 797 meaeque
733 761 886 798 potestatis
911 762 1030 796 oblitus,

204 813 293 833 conor
307 804 431 840 subjecti
448 805 580 833 thesauri
608 806 771 834 describere
792 806 911 840 selecta,
924 807 1032 843 quibus

203 849 356 877 vitandum
374 851 418 876 est
440 849 598 877 malitiam?
612 850 723 878 Sumite
738 859 788 878 vos
803 859 914 886 gazam,
931 853 959 878 et
974 851 1032 878 cir-

205 895 378 922 cumeuntes
406 901 470 921 eam
501 897 609 930 augete
629 896 658 922 et
688 903 752 930 qua:
769 895 850 923 vobis
867 895 950 922 utilia
965 897 1033 923 sunt

205 938 416 974 quaeriteNihil
433 937 587 966 invenietis
603 947 636 966 ex
667 939 805 967 omnibus
827 940 903 976 quod
922 948 978 967 non
994 940 1033 967 sit

206 983 242 1010 ad
259 984 387 1010 vestrum
400 983 640 1018 commodum,ad
657 983 815 1011 utilitatem
837 983 1031 1020 spiritualem,

205 1027 241 1055 ad
258 1035 343 1055 omne
359 1027 480 1054 bonum.
494 1027 670 1064 Conjungite
685 1037 752 1056 vero
768 1037 834 1056 cum
862 1029 917 1056 hoc
929 1037 936 1056 :
949 1039 963 1054 ‹‹
981 1030 1033 1055 De-

204 1071 282 1099 clina
297 1080 312 1099 a
329 1071 417 1104 male,
445 1083 458 1096 »ι
475 1074 502 1099 et
532 1072 611 1099 istud
636 1081 800 1100 connexum
816 1073 971 1106 talentum,
987 1072 1033 1100 cui

203 1116 337 1144 divinum
355 1125 388 1143 ac
404 1124 469 1144 vere
491 1116 603 1152 regium
620 1119 665 1144 est
688 1117 873 1153 signaculum
891 1126 898 1145 ι
915 1128 929 1142 ‹‹
947 1120 975 1144 et
990 1117 1034 1144 fac

203 1160 326 1188 bonum.
344 1171 357 1184 ››
376 1160 438 1188 Non
455 1161 546 1195 enim,
559 1161 644 1196 juxta
658 1170 770 1189 sacram
788 1161 1034 1198 explanationem,

203 1204 314 1232 sufﬁcit
329 1213 346 1232 a
361 1204 438 1232 malo
455 1204 612 1239 declinare,
630 1205 686 1233 nisi
702 1206 768 1241 quis
784 1206 814 1234 in
840 1206 924 1234 bonis
938 1205 1033 1242 operi-

204 1248 259 1277 bus
274 1250 450 1277 exerceatur.

241 1347 286 1374 60.
303 1347 361 1375 Hoc
377 1355 462 1382 porro
478 1347 520 1376 ita
539 1348 603 1376 dico
620 1357 676 1376 non
704 1350 737 1376 ut
765 1348 929 1384 simplicem
946 1350 974 1375 et
990 1347 1034 1374 in-

205 1391 328 1419 divisam
340 1391 529 1425 sententiam;
543 1392 585 1419 sic
600 1392 678 1420 enim
689 1393 838 1428 distinguo
852 1401 858 1419 :
871 1392 925 1424 Qui
940 1392 1035 1419 virtu-

204 1435 284 1464 tibus
301 1436 421 1472 quidem
451 1436 568 1464 deditus
596 1438 650 1472 est,
678 1439 706 1464 et
732 1438 870 1465 omnibus
885 1437 969 1465 bonis
989 1444 1034 1463 re-

205 1481 362 1514 fertus,sed
379 1482 477 1508 tamen
503 1480 590 1510 habet
614 1483 646 1509 ut
674 1481 761 1510 homo
786 1482 933 1518 quoddam
951 1480 1034 1508 mali-

204 1524 251 1553 tiae
267 1532 453 1561 parapegma,
469 1527 497 1553 et
511 1534 528 1553 a
555 1525 606 1553 tali
623 1526 699 1554 malo
724 1527 860 1559 declinat,
889 1526 1036 1554 sufﬁceret

205 1569 232 1596 ei
248 1569 290 1596 sic
305 1577 409 1605 agere;
424 1572 494 1597 tunc
523 1578 580 1598 non
611 1570 697 1598 hasce
714 1579 797 1599 voces
814 1571 928 1599 audiret
947 1579 954 1598 :
971 1581 983 1595 (ι
1002 1569 1036 1596 Et

205 1613 251 1640 fac
269 1613 390 1641 bonum.
409 1625 423 1638 »
439 1614 504 1642 Jam
534 1615 612 1642 enim
630 1616 695 1643 fecit
713 1624 719 1643 :
736 1619 764 1644 et
790 1625 856 1644 cum
883 1617 946 1650 jam
962 1615 1037 1642 fece-

1084 315 1173 342 κοινόν
1187 326 1214 342 τι
1230 315 1298 353 πρὸς
1321 315 1352 342 τὸ
1378 315 1486 348 σκότος,
1512 312 1572 341 οὔτε
1595 316 1629 350 τῇ
1645 313 1755 350 ἀληθείᾳ
1765 315 1825 352 πρὸς
1835 316 1875 350 τὴν

1086 360 1238 397 ὑπόκρισιν·
1266 359 1338 387 ἀλλὰ
1362 357 1570 396 ἀμεσολάϐητος
1596 359 1685 390 αὐτοῖς
1711 359 1774 386 ἐστιν
1789 360 1876 394 ﬂani-

1085 411 1166 441 θεσις,
1196 405 1226 431 οὐ
1256 405 1426 442 γινώσκουσα
1458 401 1610 440 σύμϐασιν.
1639 405 1697 432 Ἔτι
1727 405 1819 441 μακρὰν
1842 405 1878 432 ἐκ·

1084 448 1171 477 κλίνει
1197 452 1281 477 κακοῦ
1307 449 1350 476 καὶ
1376 449 1389 476 ὁ
1416 449 1485 485 μήτε
1509 448 1605 485 φίλους
1628 447 1755 484 διασπῶν,
1777 449 1880 481 καὶτοῖς

1085 493 1195 532 ἐχθροῖς
1224 492 1252 521 δὲ
1278 492 1395 524 σπονδὰς
1423 492 1698 531 πραγματευόμενος.
1725 493 1818 521 Ἐκεῖνο
1844 494 1880 530 μὲν

1085 538 1137 575 γὰρ
1153 538 1253 576 φάκτον
1282 536 1359 575 ἔργον
1388 536 1494 575 ἀνδρὸς,
1520 537 1550 564 τὸ
1573 535 1601 564 δὶ
1626 535 1745 574 δεύτερον
1764 539 1882 572 Θεοῦ,τοῦ

1087 580 1234 619 ζωοδὸτου,
1258 584 1307 609 τοῖ’)
1328 585 1378 616 τῆς
1402 581 1534 612 ἒνώσεως·
1561 581 1649 617 ὁποίῳ
1673 580 1804 612 ἐντακτὲος
1823 582 1883 618 τόπῳ

1085 626 1129 654 καὶ
1152 627 1165 654 r'z
1193 627 1231 662 μὴ
1253 627 1303 661 τὴν
1338 623 1438 664 ἔχθραν
1463 626 1710 664 προσυπανάπτων,
1732 625 1774 652 καὶ
1799 625 1882 662 σπουδῇ

1084 670 1130 698 τὸν
1147 672 1282 708 σπινθῆρα
1305 673 1354 698 τοῦ
1381 670 1477 707 μίσους
1502 670 1628 709 ῥιπίζων,
1650 670 1695 698 καὶ
1719 669 1843 710 ἐκφλέγων
1856 670 1883 700 ὡς

1085 715 1124 746 εἰς
1138 715 1281 754 πυρκαϊάν.

1121 761 1169 792 νϐ’.
1186 761 1216 788 Τί
1246 759 1275 788 δὲ
1303 759 1375 788 ἀλλὰ
1403 759 1520 797 ἐμαυτοῦ
1550 759 1700 796 λαθόμενος
1729 758 1771 786 καί
1797 762 1840 793 τῆς
1865 758 1884 785 ἐν

1086 805 1149 842 ἐμοὶ
1162 803 1314 841 δυνάμεως,
1337 807 1474 842 πειρῶμαι
1497 805 1531 832 τὰ
1554 807 1604 838 τῆς
1628 803 1806 842 προκειμένης
1818 804 1885 841 γάζης

1086 851 1246 890 ἀναγράφειν
1272 851 1402 888 ἐξαίρετα,
1433 850 1467 878 δι’
1497 851 1533 878 ὧν
1558 847 1614 878 ἔστι
1638 850 1688 884 τήν
1711 849 1802 877 κακίαν
1826 849 1886 887 ἐκφυ-

1085 900 1141 936 γεῖν
1158 907 1165 932 ;
1182 895 1283 925 Λάϐετε
1304 898 1355 931 τήν
1379 898 1460 936 γάζαν
1490 897 1577 933 ὑμεῖς.
1594 896 1640 923 καὶ
1661 895 1804 933 περιιόντες
1819 894 1885 928 αὐτὴν

1086 941 1354 979 πολυπραγμονεῖτε,
1380 941 1424 968 καὶ
1450 944 1554 976 ζητεῖτε
1575 941 1609 968 τὰ
1635 940 1798 967 συνοίσοντα.
1814 939 1886 975 Εὑρή-

1087 997 1146 1014 σετι
1161 985 1190 1013 δὲ
1203 985 1289 1020 οὐδὲν,
1306 986 1320 1013 ὃ
1335 997 1362 1013 τι
1376 988 1430 1013 τῶν
1459 986 1582 1013 ἁπάντων
1606 985 1644 1022 μή
1674 985 1741 1023 πρὸς
1767 983 1886 1022 χθησίμου

1089 1031 1164 1067 ὑμῖν,
1179 1031 1224 1058 καὶ
1248 1031 1380 1069 ὠφελείας
1405 1033 1600 1067 πνευματικῆς,
1626 1030 1672 1057 καὶ
1695 1028 1778 1056 καλοῦ
1798 1027 1886 1069 παντός.

1088 1071 1237 1106 Συντάξατε
1262 1068 1290 1098 δὲ
1313 1073 1364 1107 τῷ,
1380 1083 1393 1097 (ι
1408 1070 1552 1098 ’Έκκλινον
1578 1070 1630 1097 ἀπὸ
1655 1072 1749 1103 κακοῦ,
1776 1081 1786 1094 ι
1811 1069 1848 1096 καὶ
1865 1068 1887 1094 τὸ

1088 1115 1262 1154 συγκείμενον
1292 1115 1446 1151 τάλαντον,
1477 1115 1507 1142 οὗ
1537 1115 1669 1152 χάραγμα
1701 1116 1770 1146 θεῖον
1797 1112 1836 1140 καὶ
1859 1113 1888 1147 τῷ

1089 1158 1145 1188 ὄντι
1171 1160 1313 1199 βασιλικὸν
1341 1161 1382 1194 τὸ,
1398 1173 1412 1186 (ί
1433 1159 1481 1187 Καὶ
1511 1160 1625 1194 ποίησον
1658 1156 1766 1196 ἀγαθόν.
1797 1170 1809 1183 ι)
1835 1156 1890 1183 Κατὰ

1088 1205 1140 1243 γὰρ
1169 1206 1217 1239 τὴν
1243 1205 1315 1244 ἱερὰν
1334 1204 1474 1240 ἀνάπτυξιν
1498 1204 1548 1231 οὐκ
1572 1203 1601 1231 ἃν
1627 1202 1671 1239 εἷή
1698 1203 1793 1240 ἀρκοῦν
1818 1200 1890 1228 ἐκκλί-

1089 1259 1141 1277 νιιν
1171 1249 1223 1277 ἀπὸ
1252 1251 1336 1277 κακοῦ
1354 1272 1361 1285 ,
1392 1248 1414 1276 εἰ
1445 1248 1483 1286 μή
1511 1248 1556 1276 καὶ
1585 1247 1786 1286 ἀγαθοπραξίαν
1813 1244 1890 1278 admit,

1087 1305 1141 1326 τις.

1126 1348 1154 1383 ξ’.
1170 1350 1256 1375 Τοῦτο
1286 1346 1315 1375 δὲ
1342 1346 1414 1375 οὕτω
1442 1347 1514 1385 φημὶ
1546 1346 1594 1374 οὖν
1624 1345 1664 1376 εἷς
1692 1345 1793 1373 ἁπλοῦν
1814 1354 1837 1372 τι
1856 1342 1891 1370 καὶ

1089 1392 1200 1431 ἀσχιδὲς
1225 1393 1327 1429 νόημα·
1358 1391 1484 1426 διαστίζω
1515 1390 1543 1418 δὲ
1565 1390 1665 1422 οὕτως·
1691 1392 1719 1418 Ὀ
1737 1390 1782 1427 μὶν
1806 1389 1891 1426 ἀρεταῖς

1090 1437 1126 1466 ὣν
1144 1438 1350 1476 κατακώχιμος,
1368 1437 1412 1465 καί
1436 1437 1548 1474 ἀγαθοῖς
1572 1438 1655 1463 πᾶσιν
1680 1435 1821 1475 ἕμφορτος,
1835 1433 1890 1470 ἔχων

1091 1481 1119 1511 δὲ
1133 1493 1158 1510 τι
1175 1482 1252 1519 ὅμως
1282 1483 1320 1513 ὡς
1350 1481 1491 1519 ἅνθρωπος
1518 1481 1562 1508 καὶ
1591 1480 1769 1518 παράπηγμα
1794 1478 1890 1510 κακίας,

1090 1527 1135 1554 καὶ
1151 1525 1274 1558 ἐκκλίνας
1289 1529 1338 1554 τοῦ
1362 1526 1488 1554 τοιούτου
1507 1528 1602 1560 κακοῦ,
1626 1524 1770 1563 ἀρκεσθείη
1786 1523 1813 1551 ἂν
1837 1522 1891 1549 οὕτω

1090 1573 1219 1607 ποιήσας,
1235 1571 1279 1598 καὶ
1301 1571 1350 1598 οὐκ
1376 1571 1405 1598 ἂν
1431 1570 1542 1598 ἀκούσοι
1564 1571 1647 1598 ποθὲν
1669 1570 1711 1597 τό·
1730 1582 1743 1594 ((
1759 1568 1806 1597 Καὶ
1828 1565 1892 1599 ποίη-

1092 1627 1137 1644 σον
1168 1615 1279 1654 ἀγαθόν.
1299 1628 1310 1641 ιι
1327 1615 1397 1650 "Han
1423 1615 1474 1653 γὰρ
1503 1614 1658 1649 πεποίηκε·
1683 1614 1727 1642 καὶ
1758 1611 1892 1646 πεποιηκὼς

206 1657 256 1691 rit,
273 1666 329 1685 non
356 1659 482 1686 cessabit
510 1659 622 1694 aliquid
653 1660 776 1688 ulterius
804 1646 937 1696 adipisci,
966 1661 1032 1686 tan-

1092 1660 1181 1688 οὐκέτι
1202 1660 1325 1687 κοπιάσει
1351 1659 1420 1688 ἄλλο
1444 1671 1470 1687 τι
1495 1660 1776 1696 προσεπικτήσασθαι,
1800 1657 1832 1687 ὡς
1851 1653 1891 1688 ἤδη

209 1709 297 1737 quam
313 1701 370 1730 alia
379 1703 497 1738 quidem
509 1704 633 1739 adeptus
649 1705 741 1739 bona;
757 1705 807 1732 sed
821 1713 854 1732 ex
870 1704 920 1732 illa
935 1704 1034 1732 forsan

208 1745 371 1774 hortatione
386 1755 395 1774 :
414 1758 428 1772 «
445 1747 540 1775 Unum
565 1747 617 1774 tibi
648 1748 730 1776 deest
745 1759 759 1773 ››
776 1749 855 1776 istud
871 1748 1034 1783 inquirens,

208 1797 244 1818 ex
259 1799 316 1826 quo
332 1799 348 1818 ο
365 1791 455 1826 priori
481 1790 604 1823 malitia,
618 1792 694 1819 sicut
716 1793 815 1828 aliquo
838 1801 921 1820 muro
945 1793 1035 1820 inter-

211 1834 392 1868 cludatur,et
405 1834 447 1862 ita
467 1836 609 1869 tanquam
625 1844 659 1863 ex
674 1844 705 1863 se
721 1837 894 1864 naturaliter
908 1837 937 1865 in
960 1838 1035 1865 bono

212 1878 301 1905 simul
317 1886 350 1905 ac
365 1878 395 1905 in
408 1878 677 1907 malideclinatione
693 1881 881 1909 stabilitus.Si
893 1890 959 1909 vero
971 1882 1037 1917 quis

213 1929 270 1948 non
287 1921 367 1949 dives
382 1922 478 1954 bonis,
495 1926 647 1951 nocentem
663 1925 782 1960 abjiciat
809 1926 962 1960 malitiam,
987 1935 1038 1963 per

213 1973 302 2002 quam
332 1974 443 2002 pauper
465 1969 509 1994 est
536 1970 565 1994 et
592 1976 680 2004 egens
709 1970 788 1997 omni
817 1972 900 2006 bono,
917 1980 1037 2007 prorsus

212 2019 229 2038 a
246 2010 322 2038 malo
338 2010 501 2046 declinans,
528 2012 616 2040 habet
631 2015 833 2043 necessitatem
858 2016 1038 2053 adjungendi

214 2055 265 2083 tali
308 2055 405 2083 divino
437 2056 546 2084 talento
576 2057 663 2085 etiam
694 2061 867 2094 secundum,
897 2070 933 2089 ne
963 2062 1038 2090 bono

215 2101 386 2136 destitutus,
403 2101 592 2137 imperfectus
608 2103 646 2130 sit
661 2103 758 2137 homo,
775 2105 906 2132 divinum
923 2115 973 2134 vas
989 2115 1038 2134 va-

213 2153 317 2180 cuum,
341 2145 447 2172 domus
475 2146 522 2173 Dei
554 2155 612 2174 non
633 2148 734 2183 polita,
752 2149 884 2178 informis
905 2152 1038 2185 materia,

212 2190 324 2218 bonum
349 2198 406 2217 non
429 2190 594 2226 pulchrum,
612 2192 733 2228 ideoque
750 2203 806 2221 non
834 2195 1037 2229 desiderabile,

213 2237 246 2262 ut
261 2236 358 2262 autem
377 2237 511 2263 accurate
535 2235 642 2271 dicam,
660 2238 755 2265 omnis
781 2239 900 2274 quidem
922 2240 1037 2269 virtutis

213 2279 364 2313 alumnus,
381 2280 430 2307 sed
448 2280 484 2307 ab
515 2289 573 2308 una
602 2282 742 2316 quadam,
767 2286 883 2320 propter
898 2285 1038 2313 malitiam

213 2324 435 2360 impedientem,
452 2325 614 2353 abstinens.
642 2326 751 2354 Deinde
778 2328 827 2356 ille
856 2329 971 2364 q‘iidem
989 2330 1036 2366 qui

1093 2330 1186 2357 κακίαν
1211 2329 1369 2357 κωλύουσαν

215 2369 370 2396 declinavit
399 2370 523 2403 malum,
540 2372 567 2397 et
597 2370 672 2399 bono
702 2381 795 2407 nuper
822 2373 926 2410 adepto
946 2374 1039 2402 inhae-

216 2411 266 2445 sit,
282 2412 430 2441 luctamen
461 2416 711 2444 acnecessitatem
743 2417 829 2445 habet
857 2427 914 2446 non
944 2419 1039 2447 solum

215 2455 391 2491 simpliciter
416 2459 551 2494 faciendi,
573 2461 623 2489 sed
639 2460 725 2488 etiam
749 2462 887 2490 continue
916 2464 1039 2491 faciendi

214 2500 338 2534 bonum,
355 2504 387 2529 ut
403 2512 459 2532 non
480 2506 604 2533 faciliter
618 2508 646 2533 et
661 2505 717 2533 cito
733 2506 783 2533 tali
808 2507 883 2535 bono
910 2508 1038 2544 orbetur,

215 2544 267 2573 sed
283 2544 405 2574 ﬁrmans
422 2548 491 2576 illud
509 2551 542 2577 ad
561 2550 808 2586 perseverantiam
825 2559 858 2578 ex
875 2561 968 2588 nuper
984 2554 1039 2580 im-

215 2589 355 2626 perfecto,
383 2591 495 2621 solidus
535 2595 654 2622 virtutis
682 2603 835 2630 possessor
871 2597 931 2624 fiat.
959 2598 1038 2626 Alias

215 2637 314 2663 autem
330 2637 372 2662 est
389 2636 545 2666 dicendum
563 2660 569 2673 ,
588 2639 665 2674 quod
683 2640 780 2667 omnis
805 2640 903 2676 homo,
920 2642 971 2677 qui
987 2643 1038 2670 de-

215 2679 307 2708 clinat
322 2680 436 2715 amulo,
451 2682 583 2717 protinus
599 2683 687 2711 etiam
702 2684 769 2712 facit
785 2684 904 2721 aliquod
918 2686 1038 2716 bonum.

215 2724 305 2757 Quale
319 2724 332 2752 7
347 2725 404 2754 Hoc
422 2735 519 2762 ipsum
537 2736 618 2760 sane.
633 2737 649 2756 a
665 2729 742 2756 malo
759 2729 913 2759 declinare.

252 2778 296 2806 61.
314 2779 372 2816 Ego
387 2789 454 2809 vero
470 2781 673 2817 propheticum
689 2783 716 2810 et
744 2783 858 2819 regium
882 2785 1038 2814 numulum

215 2821 265 2850 hic
293 2825 468 2861 immutans,
484 2834 542 2855 non
559 2825 624 2854 falsi
640 2827 793 2856 monetarii
807 2827 902 2857 instar
921 2830 972 2858 sed
988 2839 1039 2866 per

218 2871 587 2908 mutationem,placen1em
603 2872 632 2900 et
646 2870 742 2907 ipsam
757 2881 874 2902 summo
891 2874 949 2911 regi
967 2875 1036 2912 Deo,

1088 1703 1178 1731 τᾶλλα
1208 1704 1254 1740 μὲν
1291 1704 1379 1731 πάντα
1415 1703 1584 1739 κτησάμενος
1624 1702 1723 1740 ἀγαθὰ,
1751 1701 1776 1728 ἐν
1812 1699 1836 1727 Si
1864 1699 1893 1731 τῷ

1090 1747 1204 1776 ἆκοῦσαί
1229 1754 1337 1782 ποθεν,
1368 1748 1409 1775 ὅτι
1440 1760 1452 1773 ι(
1483 1749 1530 1774 Ἕν
1559 1758 1601 1774 σοι
1631 1745 1737 1781 λείπει,
1764 1756 1777 1770 ι)
1801 1742 1892 1780 ἐξευρὼν

1091 1793 1187 1827 ἐκεῖνο,
1205 1793 1230 1828 ἐξ
1246 1792 1277 1820 οὗ
1291 1795 1326 1830 τῇ
1341 1793 1460 1830 προτέρᾳ
1482 1792 1562 1827 κακίᾳ
1577 1792 1627 1819 ὅσα
1655 1791 1701 1819 καὶ
1728 1790 1838 1828 φραγμῷ
1853 1795 1893 1813 τινι

1091 1836 1303 1875 ἆπετιιχίζετο,
1331 1837 1377 1864 καὶ
1413 1837 1450 1868 ὡς
1487 1836 1512 1872 ἐξ
1550 1836 1709 1872 αὐτομάτου
1751 1831 1892 1875 ἐῃαταπᾶς

1091 1873 1233 1920 αὐτοφυῶς
1257 1884 1296 1917 τῷ
1319 1882 1410 1919 ἀγαθῷ
1429 1882 1486 1917 ἅμα
1505 1883 1540 1918 τῇ
1565 1879 1686 1908 ἐκκλίσει
1702 1881 1750 1907 τοῦ
1775 1873 1893 1906 κακοῦ.Εἶ

1093 1924 1121 1954 δὲ
1135 1937 1176 1958 τις
1201 1927 1239 1963 μὴ
1264 1925 1389 1954 πλουτῶν
1415 1926 1525 1963 ἀγαθοῖς
1550 1923 1713 1960 ἀπολὲξεται
1738 1922 1826 1952 κακίαν
1844 1921 1894 1953 ἕπη-

1093 1971 1248 2009 ρεάζουσαν,
1276 1969 1310 1998 δι’
1333 1972 1366 2005 ἧς
1388 1969 1537 2008 πτωχεύει,
1562 1970 1715 2006 πενόμενος
1740 1965 1892 2001 παντὸς

1093 2016 1152 2051 θοῦ,
1183 2015 1283 2047 ἐκεῖνος
1312 2015 1420 2046 πάντως
1449 2014 1574 2046 ἐκκλίνας
1603 2014 1658 2042 ἀπὸ
1686 2015 1769 2041 κακοῦ
1796 2010 1893 2046 ἀνάγκην

1092 2059 1143 2096 ἕξει
1172 2059 1338 2098 προσλαϐεῖν
1365 2063 1404 2098 τῷ
1428 2061 1546 2097 τοιούτῳ
1569 2060 1633 2096 Θείῳ
1670 2059 1793 2095 ταλάντῳ
1813 2055 1851 2084 καὶ
1871 2053 1893 2081 τὸ

1094 2105 1229 2144 δεύτερον,
1243 2106 1289 2133 ’ίνα
1315 2107 1352 2142 μὴ
1377 2107 1424 2133 τοῦ
1449 2105 1551 2144 ἀγαθοῦ
1573 2104 1739 2142 λειπόμενος
1761 2102 1798 2138 εἴη
1814 2098 1892 2133 ἀτελὴς

1094 2149 1248 2187 ἅνθρωπος,
1275 2151 1382 2188 ἀγγεῖον
1409 2151 1479 2177 θεῖον
1506 2149 1642 2184 ὑπόκενον,
1668 2150 1745 2180 οἶκος
1768 2148 1828 2175 Θεοῦ

1093 2196 1228 2230 πίξεστος,
1258 2194 1376 2226 ἀνείδεος
1400 2194 1465 2231 ὕλη,
1493 2194 1590 2232 ἀγαθὸν
1614 2193 1645 2221 οὗ
1662 2193 1757 2228 καλὸν⁷
1786 2190 1823 2218 διὸ
1845 2190 1893 2216 οὐδὲ

1095 2239 1230 2275 ζηλωτὸν,
1248 2241 1284 2271 ὡς
1302 2239 1331 2268 ἄν
1356 2239 1385 2268 δὲ
1408 2240 1476 2277 πρὸς
1502 2237 1640 2278 ἀκρίϐειαν
1669 2238 1749 2275 εἷ’πω,
1770 2237 1810 2264 καὶ
1825 2233 1892 2283 πάςηξ

1095 2285 1142 2321 μὲν
1159 2285 1257 2322 ἀρετῆς
1278 2276 1506 2324 τρόφιμοςίμιᾶς
1532 2276 1560 2312 δὲ
1582 2294 1654 2316 τινος
1678 2283 1841 2320 ἀπεχόμενος
1853 2276 1892 2324 ’διά

1388 2351 1394 2358 .
1426 2329 1492 2358 Εἶτα
1520 2327 1644 2359 ἐκκλίνας
1677 2329 1725 2364 μὶν
1752 2326 1782 2354 τὸ
1808 2322 1891 2354 κακὸν,

1094 2375 1226 2405 καταστὰς
1255 2373 1284 2401 δὲ
1314 2374 1351 2405 εἰς
1378 2375 1409 2401 τὸ
1435 2374 1579 2409 νεόκτητον
1613 2373 1727 2411 ἀγαθὸν,
1753 2372 1837 2408 ἀγῶνα
1859 2364 1890 2392 καῖ

1095 2419 1174 2450 αὐτὸς
1205 2417 1262 2456 ἔχει
1299 2420 1342 2446 καί
1374 2419 1518 2453 ἀπαίτησιν
1551 2418 1588 2455 μὴ
1621 2417 1704 2454 μόνον
1731 2418 1778 2444 τοῦ
1802 2415 1891 2462 ποιῆσκξ

1095 2462 1199 2500 ἁπλῶς,
1216 2463 1288 2492 ἀλλά
1303 2464 1348 2492 καὶ
1367 2466 1454 2491 ποιεῖν
1480 2462 1631 2500 ἐνδελεχῶς
1654 2462 1686 2489 τὸ
1710 2461 1800 2493 καλὸν,
1813 2457 1851 2484 ’ἕνα

1095 2508 1213 2540 εὐπετῶς
1243 2508 1438 2546 ἀποστερηθείη
1464 2507 1556 2543 αὐτοῦ,
1582 2506 1656 2535 ἀλλὰ
1679 2506 1821 2544 στερεώσας
1843 2499 1891 2527 αὐτο

1095 2552 1133 2583 εἷς
1149 2553 1317 2591 παράμονον,
1332 2553 1389 2580 ἀντὶ
1413 2554 1460 2580 τοῦ
1486 2552 1538 2590 πρὸ
1557 2552 1680 2590 βραχίων
1697 2549 1816 2579 ἀτελοῦς,
1829 2546 1891 2591 5749'

1094 2588 1301 2635 τελήξὰρετῆς
1329 2596 1407 2635 λόγῳ
1434 2588 1662 2634 γένηταιίἚστι
1693 2594 1720 2622 δὲ
1745 2593 1785 2620 καὶ
1814 2588 1891 2637 ὲτὲρξδί

1095 2641 1190 2676 ιίπεῖν,
1221 2642 1261 2669 δτι
1291 2642 1358 2672 ἅπας
1387 2639 1548 2678 ἄνθρωπος,
1579 2639 1704 2670 ἐκκλίνας
1728 2637 1779 2665 ἀπὸ
1803 2642 1890 2678 mani:

1094 2686 1187 2714 αὐτίκα
1202 2687 1245 2714 καὶ
1263 2686 1396 2721 πεποίηκέ
1409 2696 1435 2713 τι
1452 2685 1559 2723 ἀγαθόν.
1578 2687 1659 2713 Ποῖον
1675 2683 1760 2711 ἐκεῖνο
1775 2690 1781 2716 ;
1795 2677 1855 2708 Αὐτὸ
1864 2673 1888 2707 δή

1093 2733 1173 2759 τοῦτο
1188 2732 1218 2759 τὸ
1234 2731 1356 2759 ἐκκλῖναι
1373 2730 1425 2758 ἀπὸ
1440 2732 1534 2758 κακοῦ.

1129 2785 1175 2821 ξα’.
1200 2785 1271 2824 Ἐγὼ
1301 2784 1330 2813 δὲ
1357 2784 1469 2817 ἰνταῦθα
1497 2782 1657 2822 παραποιῶν
1685 2782 1716 2810 τὸ
1743 2781 1886 2828 προφηξικον

1093 2830 1138 2858 καὶ
1168 2829 1308 2870 βασιλικὸν
1336 2830 1423 2868 κέρμα
1450 2830 1542 2876 τῄοἴξτο,
1568 2827 1599 2876 οξ
1622 2828 1680 2876 ,μὴν
1702 2825 1886 2876 παραχξράξιξςξ

1093 2868 1182 2913 δίκην,
1209 2875 1282 2904 ἀλλᾶ
1300 2874 1369 2904 κατὰ
1390 2871 1557 2913 μεταϐολὴν,
1583 2872 1742 2912 άρέσκουσαν
1765 2868 1804 2897 καὶ
1817 2868 1886 2894 αὐτην

1961 375 1964 410 ι
