1992 3158
93 196 148 226 029

611 196 651 225 IN
674 195 706 226 S.
731 195 1075 231 QUADRAGESIMAM
1099 196 1244 227 ORATIO
1265 196 1306 226 II.

1738 197 1800 228 630

91 264 130 299 τῷ
154 259 329 298 παμϐασιλεῖ
347 263 416 298 Θεῷ,
438 262 533 299 θεωρῷ
562 260 626 288 αὐτὸ
654 260 698 288 καὶ
728 260 821 292 ἄλλως
849 261 912 300 πρὸς

975 262 1046 290 illud
1063 265 1091 291 et
1103 263 1188 291 aliter
1203 264 1367 292 secundum
1384 272 1479 292 meam
1495 272 1553 292 non
1573 264 1737 293 discordem
1750 273 1799 293 vo-

91 307 155 343 ὶμὸν
193 306 244 334 οὐκ
279 306 417 344 ἄρρυθμον
455 305 575 343 θέλημα.
605 305 653 333 Καὶ
687 306 772 338 πείθω
805 306 920 342 ἐμαυτὸν

89 352 157 379 κατὰ
172 350 320 389 ἑρμηνείαν
336 350 450 378 ἀλλοίαν
476 351 534 387 μὲν,
553 349 712 388 βελτιοῦσαν
744 349 772 377 δὲ
798 351 842 377 καὶ
872 351 920 378 αὐ-

87 397 137 430 τὴν
168 396 232 426 τοὺς
259 397 318 423 κατ’
345 394 393 432 ἐμὲ
422 394 540 429 δειλοὺς,
569 394 711 429 ἐκκλίνειν,
738 394 828 432 ὥσπερ
868 394 920 422 ἀπὸ

87 443 173 468 κακοῦ
203 440 376 478 πράγματος,
405 439 476 467 οὕτω
501 439 545 467 καὶ
575 439 627 467 ἀπὸ
654 442 738 467 κακοῦ
764 439 918 477 ἀνθρώπου·

87 486 144 513 εἶτα
173 484 334 519 σπουδάζειν
362 484 380 519 ἢ
410 483 511 511 ἐκεῖνον
525 487 612 511 ποιεῖν
628 484 673 511 καὶ
686 483 828 511 ἀποτελεῖν
850 483 920 521 ἀγα-

86 530 133 557 θὸν
148 528 376 567 ἐπιστρεπτικῶς,
392 528 410 563 ἣ
440 528 514 556 ἀλλὰ
540 530 605 565 γοῦν
636 528 698 565 ἐμοὶ
728 527 802 565 αὐτῷ
829 530 918 556 ποιεῖν

84 573 187 612 ἀγαθὸν
203 574 235 601 τὸ
251 573 384 601 ἐκκλίνειν
409 573 454 600 ἀπ’
470 573 584 607 ἐκείνου,
603 573 640 610 μὴ
669 575 714 600 καί
743 572 919 610 συνδιαστρα-

85 621 140 656 φῶ.
157 618 277 646 autem
293 617 344 656 γὰρ
372 619 410 648 ὡς
438 618 471 645 τὰ
501 617 595 645 πολλά
610 618 638 644 αἱ
655 618 723 654 μετὰ
736 620 789 645 τῶν
807 616 917 653 φαύλων

83 663 252 703 ἀναστροφαὶ
275 662 325 690 οὐκ
352 662 390 693 εἷς
418 661 502 689 καλὸν
535 661 730 694 συντελεῖσθαι.
748 663 824 690 ’Ἐστι
854 660 877 688 δ’
891 660 916 688 ἐν

82 708 194 739 τούτοις
225 708 289 745 ὁρᾷν
320 707 365 734 καὶ
392 707 434 734 τό’
464 719 477 732 ‹‹
507 707 636 742 Ποίησον.
661 719 672 732 ιο
704 707 743 735 Οὐ
772 707 822 744 γὰρ
849 706 915 733 εἶπε’

83 765 98 778 ‹‹
116 752 246 788 Λάλησον
263 752 376 790 ἀγαθὸν,
395 764 405 777 ι
423 751 440 786 ἢ
467 764 481 778 ‹‹
499 750 616 788 δίδαξον,
632 763 645 777 ››
662 751 679 786 ἢ
697 763 711 776 ‹‹
728 750 884 786 ἐννοήθητι,
902 762 916 775 n

81 797 101 832 ἢ
116 796 244 824 τοιοῦτόν
261 807 298 830 τι,
320 795 401 824 ἀλλὰ·
416 808 430 822 α
446 795 562 831 Ποίησον
594 796 704 833 ἀγαθόν,
722 806 735 821 »
751 796 784 824 Ὃ
801 793 834 829 δὴ
851 805 917 822 σκο-

80 841 246 878 πιμώτειτον
261 840 341 871 τέλος
370 840 551 878 ὡμολόγηται
578 840 646 867 εἶναι
674 839 780 874 ἀπάσης
809 839 854 866 καὶ
866 839 915 866 λα-

81 885 146 913 λιᾶε
175 886 219 913 καὶ
251 884 428 916 διδασκαλίας
457 886 500 912 καὶ
533 885 717 922 ἐνθυμήσεως.
739 885 800 913 Ὀτι
828 882 856 911 δὲ
883 883 915 911 τὸ

83 930 218 959 ἰκκλίνιιν
248 930 302 957 ἀπὸ
327 932 411 957 κακοῦ
436 929 481 957 καὶ
508 932 596 957 ποιεῖν
633 929 730 967 ἀγαθὸν
762 927 818 956 οὐδ’
847 928 914 956 αὐτὸ
932 951 955 984 Β

102 979 114 984 -
165 975 170 983 V
202 975 207 983 Ι
345 975 350 984 1
479 975 486 984 ι
550 975 557 984 \
597 978 601 984 ι
647 974 653 983 ἴ
736 974 743 982 \
827 973 835 984 ἓ
906 973 914 983 \

81 979 132 1010 τῆς
159 975 267 1012 ἀγάπης
280 975 458 1012 κεχώρισται,
475 975 489 1002 ὁ
513 975 558 1001 καὶ
573 974 673 1011 γλυκὺς
700 974 744 1001 καὶ
772 973 854 1012 σοφὸς
868 973 914 1000 καὶ

84 1022 163 1057 ἅγιος
190 1019 319 1057 βασιλευς
337 1020 437 1058 [quam],
453 1019 584 1056 παραθεὶς
608 1019 705 1046 αὺτίκα
727 1018 768 1045 τό·
786 1030 800 1044 ‹‹
825 1019 914 1053 Ζήτη-

83 1074 130 1092 σον
161 1064 288 1102 ιίρήνην,
316 1064 361 1091 καὶ
391 1063 486 1098 δίωξον
518 1063 614 1098 αὐτήν,
647 1076 657 1090 ι
687 1063 733 1093 Ὠς
762 1063 814 1100 γάρ
843 1073 916 1093 τινος

83 1109 261 1139 ὗπειπόντος·
276 1105 325 1139 Δός
352 1119 398 1142 μοι
427 1106 552 1145 μέθοδον,
569 1108 591 1134 ὦ
615 1106 763 1135 διδάσκαλε
792 1105 916 1144 βασιλεῦ,

82 1153 120 1184 ὡς
138 1152 169 1180 ἂν
185 1152 305 1188 ἐξανύσω
332 1152 376 1180 καὶ
404 1153 454 1186 τήν
480 1151 600 1188 ἆξάλυξιν
616 1154 665 1179 τοῦ
693 1153 778 1179 κακοῦ
793 1151 839 1178 καὶ
867 1151 915 1185 τὴν

83 1200 227 1228 cumch
270 1196 381 1232 ποίησιν
418 1198 467 1224 τοῦ
498 1197 610 1234 ἀγαθοῦ,
640 1196 799 1232 ὑποτίθησιν
839 1195 916 1227 εὐθὺς

85 1242 323 1278 ἱπιστημονικῶς,
341 1242 378 1273 ὡς
404 1240 448 1268 διὰ
468 1241 591 1278 εἰρήνης,
606 1239 656 1268 εἶτ’
679 1240 724 1268 οὗν
752 1241 873 1278 ἀγάπης,
885 1240 917 1268 τὸ

80 1289 207 1314 τοιοῦτον
255 1285 499 1324 ἐκπληρωθήσεται
549 1285 659 1324 ἀγαθόν.
705 1286 826 1323 Ἀγάπης
865 1285 916 1322 γὰρ

81 1331 234 1370 ἁδρομερές
262 1341 290 1358 τι
319 1331 416 1368 κόμμα
429 1331 474 1358 καὶ
489 1331 506 1366 ἡ
524 1330 630 1367 εἰρήνη,
647 1330 698 1358 οὐκ
718 1329 830 1358 ἔλαττον
847 1328 917 1368 ἤπερ

80 1378 98 1411 ἡ
129 1375 221 1416 ιριλία,
239 1376 276 1407 ὡς
293 1374 347 1404 ἔστι
361 1374 555 1403 κατασκευάσαι
584 1375 630 1402 τὸν
665 1375 830 1412 σκεψόμενον
846 1374 918 1412 πρὸς

87 1420 233 1457 ἀλήθειαν.

117 1466 169 1503 ξβ’.
194 1465 226 1494 El.
249 1464 338 1492 τοίνυν
369 1465 419 1492 οὐκ
455 1463 510 1492 ἔστι
551 1463 671 1502 δρασμὸς
701 1464 730 1492 ἐκ
756 1466 843 1492 κακοῦ
871 1459 916 1491 καἲ

83 1510 198 1545 ποίησις
223 1510 324 1548 ἀγαθοῦ
351 1508 444 1540 ἄλλως
474 1509 496 1537 εἰ
533 1510 570 1546 μὴ
603 1508 638 1537 δι’
662 1509 786 1547 εἰρήνης,
813 1511 861 1543 τῆς
889 1509 919 1535 τε

85 1554 188 1590 ἄλλης,
204 1555 248 1582 καὶ
266 1558 315 1589 τῆς
332 1553 357 1582 ἐν
381 1554 485 1590 ἕκάπῳ
509 1555 602 1591 ἡμῶν,
619 1555 682 1582 καθ’
696 1554 727 1588 ἦν
759 1554 826 1581 ἅπαν
856 1553 920 1580 ἁντ·

84 1603 162 1627 αἷςον
183 1599 304 1637 ψυχικὸν
330 1599 415 1631 πάθος
440 1597 598 1632 δουλοῦται,
616 1598 661 1626 καὶ
688 1598 774 1629 οὕτως
805 1597 920 1625 imo-tif

85 1654 157 1671 σεται
173 1645 214 1680 τῷ
242 1642 352 1681 βασιλεῖ
376 1642 514 1681 λογισμῷ·
543 1643 672 1678 ζητητέον
695 1642 790 1677 αὐτὴν,
807 1640 834 1669 εἴ
859 1652 912 1669 που
928 1636 950 1670 C

84 1688 128 1716 καί
160 1688 319 1725 κρύπτεται.
337 1688 385 1715 Καὶ
413 1687 521 1719 πάντως
552 1688 715 1725 εὑρήσομεν,
745 1687 767 1714 εἰ
794 1688 911 1721 ζητήσο-

86 1743 146 1770 μιν.
164 1735 219 1763 Ili;
247 1733 299 1771 γὰρ
327 1733 340 1760 ὁ
366 1734 453 1768 ζητῶν
484 1731 612 1770 εὑρίσκει,
641 1732 709 1764 καοᾶι
741 1731 910 1768 μανθάνομεν

85 1778 154 1816 πρὸς
185 1777 326 1813 ἀλήθειαν.
352 1777 383 1804 Εἰ
413 1776 441 1805 δὶ
475 1778 638 1813 ζητήσαντες
676 1777 720 1804 καὶ
756 1776 911 1812 εὑρηκότες,

87 1823 137 1850 οὐκ
167 1820 267 1860 ἔχομεν
295 1822 380 1857 αὐτῆς
410 1820 553 1860 δράξασθαι
579 1821 623 1849 διὰ
647 1821 740 1849 πολλὰ
768 1822 800 1849 τὰ
830 1820 911 1854 atina,

88 1868 123 1894 ὧν
156 1867 290 1903 ὀκνοῦμεν
325 1869 460 1899 ποιεῖσθαι
496 1866 599 1903 μνείαν,
630 1866 668 1903 μὴ
698 1866 742 1893 καὶ
767 1865 805 1898 εἷς
833 1863 910 1893 οὐδὲν

88 1910 146 1939 δέον
179 1910 396 1949 ὀχλοκοπῶμεν,
422 1908 599 1948 θορυϐοῦντες
635 1910 700 1942 τοὺς
734 1909 912 1948 summa-

89 1967 150 1994 ρους
177 1956 331 1994 ἁκροατάς⁶
354 1955 416 1983 τότε
442 1954 475 1990 δὴ
511 1956 555 1983 καὶ
578 1954 710 1991 διώξομεν
736 1955 820 1989 αὐτὴν
850 1953 913 1993 φεύ-

86 2011 196 2038 γουσαν,
225 2000 292 2038 ὅπερ
322 1999 387 2028 ἐστί·
418 1999 594 2038 δραμούμεθα
622 1998 774 2030 σπουδαίως
803 1999 841 2030 εἲς
867 1998 913 2026 αὐ-

86 2046 147 2080 τὴν,
163 2045 342 2084 κουφίζοντος
375 2046 443 2081 ἡμῖν
469 2044 515 2072 τὸν
531 2043 633 2082 δρόμον
661 2046 710 2072 τοῦ
737 2043 912 2081 κατέχοντος,

87 2090 112 2117 ἐν
129 2093 226 2128 χεροῖν
253 2091 285 2117 τὸ
311 2086 438 2127 βραϐεῖον
467 2093 516 2124 τῆς
545 2088 600 2116 ἅνω
627 2089 762 2124 κλήσεως,
792 2090 840 2115 τοῦ
864 2090 914 2122 τῆς

88 2135 202 2172 εἰρήνης
219 2133 337 2173 δοτῆρος
351 2135 419 2171 ἡμῖν
448 2136 507 2165 τοῖς
538 2133 765 2170 ἐπικαλουμένοις
781 2133 812 2160 τὸ
832 2131 913 2159 αὐτοῦ

88 2177 185 2216 ὄνομα.
204 2179 316 2210 Πάντως
341 2179 393 2217 γὰρ
419 2179 433 2206 ὁ
456 2178 574 2214 καθάπαξ
597 2177 682 2206 εἷ’πὼν
706 2177 747 2204 τό·
776 2188 789 2203 ‹‹
812 2176 912 2213 Εἲρήνη

90 2225 164 2260 ὑμῖν,
182 2235 197 2250 n
213 2224 260 2251 καὶ
274 2224 317 2251 τό·
338 2236 348 2249 ι
374 2223 494 2262 Εἰρήνην
515 2224 564 2258 τὴν
591 2222 661 2260 ἐμὴν
684 2221 785 2259 δίδωμι
807 2222 881 2258 ὑμῖν,
899 2234 910 2248 ι

86 2271 144 2300 τοῖς
176 2267 257 2305 ἐμοῖς
287 2267 408 2303 δηλαδὴ,
434 2267 482 2295 οὐκ
511 2266 540 2295 ἂν
571 2267 738 2304 ζητουμένην
768 2265 912 2304 ἀποκρύψῃ

975 307 1117 336 luntatem
1148 308 1310 336 considero.
1331 308 1460 345 Mihique
1481 309 1564 344 juxta
1587 309 1799 346 interpretatio-

976 361 1044 380 nem
1060 353 1178 389 quidem
1197 353 1332 388 alienam,
1351 354 1401 381 sed
1427 356 1456 381 et
1470 353 1564 389 ipsam
1580 354 1714 382 meliores
1730 354 1798 382 red-

976 397 1092 425 dentem
1107 397 1184 425 sicut
1205 406 1249 426 me
1266 398 1396 431 timidos,
1426 398 1587 434 persuadeo
1615 399 1796 434 fugiendum,

975 443 1225 478 quemadmodum
1242 451 1259 470 a
1274 451 1304 470 re
1315 443 1402 475 mala,
1419 443 1461 470 sic
1477 445 1505 471 et
1520 443 1556 470 ab
1572 442 1689 470 homine
1705 431 1794 470 malo:

975 487 1079 514 deinde
1105 488 1283 522 conandum,
1307 487 1351 515 vel
1373 487 1458 515 illum
1489 487 1677 515 conversione
1705 486 1798 514 facere

974 532 1172 568 perﬁcereque
1183 532 1361 566 bonum,vel
1377 532 1433 568 ipsi
1455 531 1528 559 mihi
1557 532 1651 560 facere
1675 531 1797 564 bonum,

975 576 1011 604 ab
1028 575 1077 604 illo
1093 576 1250 612 declinare,
1267 586 1303 605 ne
1316 577 1378 613 ipse
1387 585 1504 613 quoque
1519 585 1587 604 cum
1599 576 1650 604 illo
1666 583 1796 603 corrum-

975 629 1036 656 par.
1049 619 1150 648 Solent
1164 621 1243 649 enim
1260 621 1431 657 plerumque
1451 629 1517 649 cum
1535 620 1621 649 malis
1650 613 1797 648 consortia

973 673 1032 693 non
1052 665 1126 693 bene
1141 665 1235 693 ﬁnire.
1271 667 1303 693 In
1332 666 1378 694 his
1403 668 1500 694 autem
1523 666 1619 693 videre
1634 665 1722 693 etiam
1753 666 1797 692 est

972 709 1062 738 illud:
1079 721 1093 735 ε(
1109 712 1173 738 Fac.
1192 721 1206 734 ν
1220 710 1281 738 ΝΟῙ]
1292 710 1370 738 enim
1378 710 1467 738 dixit:
1486 722 1499 736 «
1516 710 1630 738 Bonum
1642 709 1795 745 loquere,»

971 754 1015 781 vel
1034 754 1166 790 «doce,»
1182 755 1226 782 vel
1244 766 1258 780 «
1273 755 1380 791 cogita,
1398 767 1411 780 »
1440 754 1486 782 vel
1512 754 1593 782 aliud
1617 753 1685 787 tale,
1711 753 1762 781 sed
1787 760 1794 780 :

975 808 986 822 ι
1003 799 1058 826 Fac
1074 799 1194 826 bonum.
1213 810 1226 823 ››
1243 799 1323 832 Quod
1336 802 1413 827 certe
1428 799 1552 827 ultimus
1585 798 1650 826 ﬁnis
1662 798 1794 825 intentus

971 843 1140 871 conceditur
1155 851 1219 871 esse
1233 844 1329 872 omnis
1355 843 1488 880 loquelae,
1518 842 1656 871 doctrinas
1682 850 1715 869 ac
1744 849 1794 869 co-

970 887 1130 923 gitationis.
1145 888 1227 920 Quod
1244 890 1340 916 autem
1357 897 1374 916 a
1389 888 1465 916 malo
1481 887 1627 915 declinare
1643 886 1794 921 facereque

969 931 1080 959 bonum
1097 940 1154 960 non
1170 933 1267 969 ipsum
1279 932 1406 960 alienum
1421 933 1460 960 sit
1475 941 1492 960 a
1506 929 1793 966 cbaritate,dulciset

970 977 1088 1012 sapiens
1103 979 1131 1004 et
1143 980 1263 1005 sanctus
1279 986 1327 1005 rex
1346 977 1396 1012 ait,
1427 977 1481 1005 hoc
1510 976 1642 1012 protinus
1667 975 1791 1010 subjun-

972 1028 1062 1057 gens:
1081 1033 1095 1047 ς(
1111 1022 1210 1054 Quare
1225 1030 1337 1057 pacem,
1353 1024 1381 1049 et
1394 1029 1569 1058 persequere
1583 1029 1648 1048 eam
1663 1021 1702 1046 ⁰.‹‹
1718 1021 1792 1046 Tan-

972 1074 1060 1101 quam
1072 1066 1150 1094 enim
1167 1066 1265 1102 aliquo
1274 1065 1592 1103 suggerente:Damihi
1609 1064 1793 1099 methodum,

972 1113 1130 1146 praeceptor
1149 1119 1208 1143 rex,
1238 1113 1270 1138 ut
1294 1111 1363 1139 mali
1391 1110 1560 1138 vitationem
1591 1111 1620 1137 et
1644 1117 1702 1136 una
1726 1107 1795 1136 boni

972 1155 1169 1191 operationem
1187 1155 1335 1191 perﬁciam
1347 1165 1354 1191 ;
1367 1155 1468 1183 statim
1483 1155 1566 1183 docte
1582 1153 1713 1189 subjicit,
1745 1161 1797 1189 per

971 1208 1086 1235 pacem,
1101 1200 1162 1228 sive
1172 1208 1224 1236 per
1233 1200 1416 1234 charitatem,
1432 1199 1506 1228 tales
1522 1199 1632 1227 bonum
1649 1206 1713 1226 esse
1720 1205 1798 1225 com-

972 1244 1122 1279 plendum.
1139 1244 1296 1272 Cbaritatis
1311 1244 1389 1272 enim
1406 1244 1523 1280 aliquod
1536 1243 1662 1272 solidum
1674 1244 1719 1270 est
1731 1250 1795 1277 seg-

973 1291 1104 1317 mentum
1121 1298 1186 1326 pax,
1201 1297 1259 1317 non
1275 1289 1375 1317 minus
1385 1297 1418 1317 ac
1433 1288 1575 1323 amicitia,
1591 1287 1669 1315 sicut
1697 1285 1796 1314 conli-

973 1333 1087 1362 deranti
1097 1334 1184 1370 juxta
1199 1334 1350 1362 veritatem
1363 1334 1445 1362 facile
1456 1333 1607 1370 probatur.

1007 1468 1052 1495 62.
1068 1467 1097 1495 Si
1112 1475 1180 1504 ergo
1187 1476 1245 1496 non
1260 1469 1305 1496 est
1318 1467 1529 1496 malidevitatio
1540 1475 1592 1495 nec
1602 1465 1731 1502 operatio
1742 1464 1794 1492 bo-

974 1511 1003 1540 ni
1010 1511 1163 1547 aliter,nisi
1172 1515 1405 1548 perpacem,tum
1415 1520 1466 1548 per
1472 1511 1794 1548 qualemcumque,tum

974 1564 1091 1592 peream
1112 1564 1175 1592 qum
1185 1557 1213 1584 in
1226 1565 1404 1593 unoquoque
1414 1558 1549 1584 nostrum
1558 1557 1613 1588 est,
1630 1554 1792 1582 secundum

975 1609 1064 1638 quam
1080 1600 1176 1629 omnis
1191 1601 1323 1629 exoriens
1337 1601 1441 1629 animm
1472 1601 1569 1634 passio
1597 1599 1740 1635 redigitur
1764 1596 1794 1625 in

969 1645 1151 1679 servitutem,
1167 1648 1196 1673 et
1211 1646 1251 1673 ita
1280 1645 1436 1681 subjicitur
1451 1645 1559 1681 reginae
1573 1643 1678 1672 rationi
1693 1653 1700 1678 ;
1715 1650 1793 1678 qua:-

967 1690 1091 1718 rendum
1108 1692 1152 1718 est
1162 1690 1266 1724 eam,si
1291 1690 1362 1718 forte
1387 1690 1588 1718 absconditur.
1607 1691 1640 1716 Et
1656 1689 1743 1722 certe,
1767 1686 1793 1714 si

967 1742 1144 1770 queremus,
1162 1734 1355 1762 inveniemus.
1374 1745 1388 1759 «
1400 1733 1502 1762 Omnis
1522 1733 1600 1762 enim
1613 1732 1661 1768 qui
1678 1731 1791 1768 quaerit,

967 1779 1079 1807 invenit
1095 1779 1127 1813 ‘°,
1147 1790 1160 1804 ι)
1189 1779 1267 1807 sicut
1296 1779 1326 1806 in
1352 1779 1474 1807 veritate
1499 1778 1652 1806 discimus.
1682 1776 1710 1803 Si
1725 1783 1792 1803 vero

967 1827 1125 1860 postquam
1136 1823 1325 1860 quasivimus
1340 1826 1369 1852 et
1379 1823 1617 1857 invenimus,non
1633 1828 1792 1859 possumus

968 1877 1032 1896 eam
1048 1877 1151 1904 capere
1166 1870 1284 1904 propter
1300 1867 1409 1896 multas
1424 1875 1666 1904 causas,quarum
1683 1864 1791 1894 omitti-

968 1921 1036 1940 mus
1052 1913 1145 1941 facere
1161 1913 1351 1948 mentionem,
1368 1921 1403 1941 ne
1415 1913 1478 1941 sine
1509 1913 1686 1940 necessitate
1701 1909 1787 1938 taedio

969 1957 1162 1993 molestiaque
1190 1958 1354 1986 afﬁciamus
1373 1957 1527 1985 benevolos
1543 1957 1708 1989 auditores;
1722 1957 1792 1982 tunc
1826 1988 1829 1989 ν

968 2002 1073 2030 saltem
1089 2004 1117 2029 et
1131 2010 1343 2038 persequemur
1358 2011 1420 2030 eam
1436 2002 1609 2038 fugientem,
1629 2001 1707 2037 quod
1723 2002 1767 2027 est
1784 2007 1790 2026 :

969 2046 1004 2074 ad
1019 2054 1082 2073 eam
1103 2046 1276 2074 festinanter
1291 2054 1583 2082 curremus,cursum
1599 2045 1683 2073 nobis
1700 2044 1791 2071 levem

969 2090 1093 2118 faciente
1123 2091 1172 2126 qui
1202 2091 1339 2118 manibus
1372 2093 1451 2118 tenet
1479 2090 1606 2118 scelestis
1633 2087 1793 2116 vocationis

968 2134 1113 2166 brevium,
1130 2134 1180 2170 qui
1196 2143 1297 2170 pacem
1309 2135 1358 2162 dat
1368 2134 1452 2162 nobis
1468 2133 1673 2162 invocantibus
1684 2139 1790 2159 nomen

969 2180 1043 2215 ejus.
1059 2179 1141 2207 Certe
1155 2179 1234 2206 enim
1250 2179 1299 2215 qui
1327 2178 1415 2207 semel
1443 2178 1516 2206 dixit
1539 2178 1593 2205 hoc
1611 2185 1618 2205 :
1637 2177 1725 2212 «:Pax
1742 2183 1790 2204 vo-

968 2224 1014 2252 bis
1031 2225 1051 2242 “
1065 2233 1072 2258 ;
1088 2234 1102 2248 »
1118 2225 1146 2251 et
1154 2223 1245 2251 hoc:«
1256 2225 1359 2251 Pacem
1368 2232 1463 2251 meam
1471 2223 1508 2251 do
1524 2221 1605 2250 vobis
1621 2222 1669 2256 “,n
1681 2219 1793 2248 scilicet

969 2268 1053 2304 meis,
1070 2276 1127 2296 non
1142 2267 1222 2295 illam
1239 2268 1392 2304 quaesitam
1420 2267 1580 2296 abscondet
1599 2275 1616 2294 θ.
1630 2265 1725 2299 nobis,
1741 2264 1792 2292 sed

88 2313 171 2348 αὐτὴν
188 2314 234 2352 ἀφ’
250 2311 421 2349 ἡμῶν,ἁλλ’
446 2311 562 2348 ἐπιτάξει
592 2311 734 2351 προελθεῖν
764 2312 802 2342 εἰς
830 2312 912 2348 ἡμᾶς,

972 2313 1083 2350 iubebit
1098 2313 1134 2340 ad
1150 2320 1203 2340 nos
1218 2312 1492 2348 venire,dummodo
1503 2312 1594 2340 Deum
1610 2311 1792 2343 invocemus,

87 2358 109 2386 εἰ
138 2357 223 2395 μόνον
247 2357 478 2395 θεοκλυτήσομεν,
505 2357 527 2385 εἰ
552 2356 761 2393 δυσωπήσομεν,
787 2356 810 2384 εἰ
833 2354 915 2394 γινώ-

89 2409 156 2440 μεθα
172 2402 278 2438 ἐπάξιοι
295 2405 387 2440 τυχεῖν
405 2402 527 2440 εἰρήνης,
543 2405 592 2437 τῆς
621 2404 661 2438 τῷ
689 2403 747 2437 Θεῷ
771 2401 914 2440 φιλτάτης

85 2448 119 2481 ἧς
148 2447 196 2474 καὶ
227 2447 254 2474 οἱ
281 2446 413 2484 τυχόντες
443 2448 586 2484 μακάριοι,
615 2446 659 2474 καὶ
687 2446 712 2474 οἰ
739 2447 862 2484 πρόξενοι
887 2444 916 2472 δὲ

87 2491 353 2528 ουμμακαρίζονται,
379 2491 416 2522 ὡς
448 2491 502 2519 υἱοὶ
532 2491 604 2519 θετοὶ
628 2493 667 2528 τῷ
696 2493 763 2528 Θεῷ.
782 2503 797 2517 ‹‹
825 2490 917 2519 Μακά-

86 2547 140 2574 ριοι
164 2549 174 2562 ι
198 2537 262 2574 γὰρ,
280 2536 374 2575 φησὶν,
391 2548 406 2562 ι(
431 2536 458 2563 οἱ
488 2535 670 2573 εἰρηνοποιοὶ,
688 2534 729 2563 ὅτι
756 2535 832 2563 αὐτοὶ
861 2535 915 2562 υἱοὶ

87 2583 154 2609 θεοῦ
169 2580 370 2616 κληθήσονται.
389 2593 399 2607 ι

123 2626 169 2664 ξγ’.
189 2625 239 2654 Καὶ
264 2625 317 2664 ἐγὼ
344 2626 392 2661 μὲν
416 2625 461 2653 καὶ
491 2625 518 2653 οἱ
550 2625 608 2652 κατ’
633 2625 681 2662 ἐμὲ
706 2624 777 2652 οὕτω
801 2626 917 2664 φρονοῦ-

90 2681 137 2707 μεν
156 2671 220 2708 περὶ
237 2673 287 2704 τῆς
303 2671 475 2708 ἀγαπητικῆς
490 2670 602 2708 εἰρήνης
629 2672 677 2697 τοῦ
701 2672 777 2706 Θεοῦ,
793 2669 838 2697 καὶ
863 2671 917 2696 τῶν

89 2716 156 2742 κατὰ
185 2715 238 2749 τήν
272 2715 403 2750 τοιαύτην
432 2715 576 2752 εἰρηνικῶν
607 2715 766 2752 ἀνθρώπων.
793 2713 861 2743 Οἶδα
889 2713 917 2742 δέ

88 2769 162 2791 τινας
194 2758 289 2791 ἄλλως
314 2757 499 2797 διακειμένους
523 2759 568 2787 καὶ
594 2758 776 2798 ἀχθομένους,
799 2757 827 2787 εἷ’
843 2769 917 2791 τινας

970 2357 1130 2386 dummodo
1164 2356 1314 2393 supplices
1337 2365 1486 2393 rogemus,
1516 2355 1678 2384 dummodo
1709 2353 1792 2391 digni

970 2402 1076 2430 ﬁamus
1090 2402 1139 2438 qui
1156 2410 1257 2438 pacem
1273 2402 1458 2430 inveniamus
1475 2404 1531 2429 Deo
1560 2400 1767 2428 charissimam
1784 2406 1791 2432 ;

971 2447 1056 2483 cujus
1072 2449 1220 2483 compotes
1237 2447 1313 2475 beati
1330 2449 1410 2480 sunt,
1422 2446 1473 2474 sed
1497 2448 1526 2474 et
1553 2447 1687 2473 auctores
1715 2444 1795 2472 beati

971 2491 1060 2520 simul
1076 2492 1224 2525 dicuntur,
1240 2494 1381 2527 tanquam
1399 2491 1451 2518 ﬁlii
1466 2491 1517 2519 Dei
1533 2490 1672 2527 adoptivi.
1690 2502 1703 2515 ι(
1717 2488 1796 2517 Beati

971 2536 1061 2570 enim,
1074 2536 1126 2570 ait,
1146 2536 1270 2572 paciﬁci,
1286 2536 1425 2572 quoniam
1437 2535 1495 2572 ipsi
1516 2535 1568 2563 ﬁlii
1583 2535 1633 2563 Dei
1646 2534 1794 2563 vocabun-

971 2583 1031 2608 tur.
1050 2592 1063 2606 ›)

1007 2626 1052 2653 63.
1067 2626 1126 2662 Ego
1141 2626 1260 2662 quidem
1291 2628 1320 2653 et
1332 2626 1480 2661 quijuxta
1504 2634 1550 2654 me
1581 2627 1661 2659 sunt,
1692 2624 1733 2652 ita
1760 2624 1795 2651 de

972 2679 1043 2707 pace
1054 2670 1116 2704 Dei,
1129 2679 1193 2707 quae
1208 2671 1350 2699 charitate
1366 2673 1493 2705 constat,
1505 2673 1533 2699 et
1557 2671 1592 2699 de
1607 2669 1737 2707 paciﬁcis
1753 2676 1795 2696 se-

972 2716 1101 2744 cundum
1131 2715 1212 2744 illam
1237 2715 1420 2750 hominibus,
1450 2717 1605 2745 sentimus.
1635 2715 1700 2742 Scio
1727 2721 1794 2740 vero

972 2761 1116 2796 quosdam
1127 2760 1212 2789 aliter
1228 2760 1387 2797 dispositos
1395 2760 1600 2796 etirasoentes,
1608 2759 1633 2787 si
1648 2757 1793 2795 quosdam

127 2868 139 2886 θ
153 2867 234 2897 Psal.
248 2876 348 2906 xum,
364 2869 409 2899 15.
426 2869 449 2889 ¹⁰
462 2869 536 2900 ibid.
551 2869 573 2888 “
589 2869 660 2898 Luc.
675 2877 753 2905 xxiv,
768 2869 812 2897 36.
831 2869 854 2888 ¹¹
868 2868 974 2899 Joann.
991 2876 1049 2904 xxv,
1059 2869 1105 2897 27.
