1992 3158
214 206 272 237 631

602 206 812 237 EUSTATllIi
833 204 1217 236 THESSALONICENSIS
1241 205 1534 236 METBOPOLITJE

1838 208 1886 238 632

212 273 314 301 vident
329 281 393 302 sese
409 271 582 309 regulariter
594 272 923 309 diligentesinvicem,et
934 281 1037 301 secun-
1052 299 1057 306 ,

1110 271 1227 299 ἓλὲπουσι
1244 271 1440 310 φιλιουμὲνους
1453 273 1604 304 κανονικῶς
1619 271 1759 306 ἀλλήλοις,
1772 273 1811 299 καὶ
1831 274 1887 301 χιιτά

215 318 286 346 dum
305 319 396 345 Deum
409 319 584 350 amantes,et
597 317 790 353 spiritualiter
803 326 902 354 pacem
913 317 1041 346 custodi-

216 362 364 394 entes.Qui
387 361 649 397 quoque.g|adium
666 362 825 396 vibrantes,
838 362 912 390 tales
929 361 1043 389 interci-

218 407 291 434 dunt
307 405 621 440 unanimitates,etnon
634 407 838 434 verenturvitie
853 406 1043 434 commiscere

217 451 319 478 turbas
334 452 363 478 et
373 450 607 485 perturbationes
622 452 651 477 et
665 450 731 478 lites
747 452 775 478 ot
790 450 1000 479 commotiones
1016 451 1045 477 et

216 495 362 522 vindictas
377 497 405 522 et
426 495 582 530 aliquando
598 494 782 530 punitiones:
800 495 884 531 quasi
901 495 1044 531 sanguine

216 538 357 574 laetantes,
387 539 598 575 cupientesque
614 539 642 566 in
661 539 729 567 filiis
745 539 794 567 Dei
818 539 907 567 libere
918 538 1044 566 exerceri

215 585 349 611 veterum
371 583 487 619 ﬂagella
504 586 646 611 Laconum
662 585 691 611 et
707 584 917 611 irrationabilia
931 583 1045 611 Mithrm

217 627 490 663 supplicia,necnon
514 627 681 655 mortiferos
697 627 841 656 Celtarum
855 637 889 655 ex
905 627 1045 656 ebrietate

216 671 311 707 lusus,
328 674 356 700 et
366 671 537 708 Scytharum
554 673 726 706 tentamina,
745 673 852 708 quibus
867 672 1002 700 homines
1015 671 1045 698 in

217 716 310 744 altum
339 716 476 752 projecti,
505 717 611 745 deinde
639 717 749 753 illapsi,
773 717 885 746 lanceis
901 717 930 744 in
953 716 1046 744 altum

218 761 348 789 sublatis
363 761 624 797 transﬁgebantur.
640 761 690 789 His
707 764 805 790 autem
823 761 865 789 sic
881 761 1046 797 agentibus,

220 814 284 841 qua)
300 805 380 841 pacis
399 808 469 833 sunt
485 805 569 833 aliter
596 806 698 840 etiam,
728 809 760 833 ut
788 807 912 841 videtur,
944 807 1048 842 praeter

223 857 410 877 communem
427 852 456 877 et
467 852 614 878 assuetam
629 852 658 877 et
671 853 780 878 rectam
797 851 1020 884 sententiam,et
1031 858 1048 877 θ,

223 893 281 922 Deo
298 894 436 921 traditum
465 894 635 922 Davidicum
667 895 703 922 de
727 903 798 931 pace
818 895 950 927 verbum,
975 894 1048 921 exci-

222 938 354 974 piuntur.
371 939 510 971 Quaerunt
526 939 604 966 enim
621 939 741 975 quidem
772 939 845 966 tales
873 947 985 974 pacem,
999 938 1048 965 ubi

221 983 295 1010 forte
324 983 500 1018 inveniatur,
528 985 556 1010 et
580 984 758 1019 odorisequi,
785 983 938 1011 inveniunt
970 983 1049 1019 apud

220 1027 347 1056 colentes
365 1036 504 1060 eam,non
517 1030 614 1056 autem
629 1029 706 1064 apud
723 1036 771 1056 eos
788 1036 905 1056 manere
922 1027 1024 1055 sinunt
1041 1036 1048 1061 ;

219 1072 277 1100 sed
296 1075 515 1108 persequuntur
531 1072 585 1101 alio
604 1074 701 1105 modo,
718 1081 774 1100 non
793 1076 825 1100 ut
839 1072 1051 1108 comprehensa

219 1118 412 1151 custodiatur,
425 1117 475 1145 sed
491 1120 523 1145 ut
538 1120 616 1145 terra
633 1120 765 1151 exeat,et
782 1117 838 1153 ipsi
853 1116 1000 1145 exsultant
1016 1117 1051 1144 de

221 1161 434 1197 interpretabili
459 1161 630 1197 duplicitate
659 1161 864 1197 persequendi,
895 1161 978 1197 quasi
1001 1169 1052 1197 per

224 1214 290 1234 eam
320 1205 479 1241 sophistica
506 1206 735 1241 triumphantes.
759 1205 898 1241 Persequi
923 1214 1051 1241 namque

227 1251 316 1277 etiam
333 1250 368 1277 de
384 1250 538 1277 dilectione
555 1251 583 1277 in
596 1251 747 1285 Scriptura
765 1250 888 1278 habetur
905 1251 972 1278 :sed
991 1251 1051 1286 ple-

228 1302 355 1329 rumque
366 1294 402 1321 de
417 1294 492 1321 odio.
508 1294 553 1322 Sic
569 1295 646 1322 enim
664 1295 740 1330 apud
771 1297 860 1322 Deum
885 1294 1052 1322 beatiﬁcau-

230 1340 290 1372 tur,
307 1346 380 1374 quos
396 1338 517 1374 quidam
546 1339 661 1374 probris
675 1339 807 1366 afficiunt
836 1341 954 1375 propter
969 1338 1052 1366 illum

233 1385 263 1410 et
277 1385 501 1418 persequuntur.
517 1383 570 1410 Sed
582 1383 699 1418 quidem
710 1382 817 1410 talibus
841 1385 919 1410 sorte
938 1383 1054 1410 contin-

233 1429 283 1463 gat
298 1426 496 1463 gratumipsis
511 1427 658 1461 odium,ut
673 1435 738 1455 cum
751 1427 877 1460 diabolo,
896 1427 1054 1454 inimicitias

233 1472 317 1507 duce,
333 1472 536 1507 congaudeant
549 1480 556 1506 ;
571 1465 625 1500 nos
637 1475 732 1500 autem
758 1472 787 1499 in
807 1471 892 1499 nobis
907 1471 979 1507 ipsis
1002 1471 1054 1499 ha-

232 1516 355 1544 beamus
372 1525 485 1552 pacem,
501 1516 578 1544 sicut
600 1519 676 1545 Deus
692 1517 834 1553 praecipit,
861 1519 889 1544 et
912 1516 993 1543 illam
1021 1524 1055 1544 ex

230 1563 291 1589 tota
307 1561 408 1589 anima
422 1560 564 1589 colamus.

265 1659 310 1686 64.
335 1661 492 1687 Precemur
520 1659 626 1687 deinde
656 1662 688 1688 ut
714 1660 918 1695 potentissimo
954 1661 1055 1687 nostro

232 1703 408 1732 dominatori
440 1705 534 1740 major
562 1713 578 1732 α
602 1704 660 1732 Deo
683 1705 814 1740 potentia
842 1705 904 1739 ﬁat,
934 1705 969 1732 ad
992 1712 1057 1731 eam

230 1748 343 1784 integre
358 1749 540 1784 perfectoque
564 1748 594 1775 in
612 1749 722 1776 mundo
734 1758 786 1783 pro
797 1749 947 1776 communi
963 1748 1058 1777 salute

234 1793 504 1820 exercendam.Etsi
522 1792 601 1820 enim
617 1792 738 1828 quidam
754 1793 888 1821 homines
908 1802 984 1829 saepe
1000 1801 1057 1820 non

235 1836 467 1864 animadvertere
495 1839 599 1864 curant
631 1837 740 1872 quibus
765 1837 819 1864 iste
858 1838 1060 1865 circumdatur

237 1879 392 1914 periculis;
418 1882 516 1908 tamen
540 1880 570 1907 in
593 1883 719 1908 mentem
744 1881 953 1909 descendentes
973 1890 1059 1909 accu-

238 1925 301 1950 rate
317 1923 425 1951 sciunt.
441 1924 535 1951 Habet
559 1925 678 1960 quidem
707 1933 774 1953 vere
801 1928 1000 1962 perpetuoque
1023 1927 1059 1953 de

239 1967 310 1994 caelo
325 1967 466 1995 auxilium
479 1977 512 1996 ac
526 1967 892 2002 levamentum.Quomodo
902 1971 980 1999 enim
993 1971 1059 1999 istis

237 2020 296 2040 non
322 2012 518 2048 locupletetur
534 2013 582 2040 ille
598 2013 648 2049 qui
664 2014 767 2042 exinde
782 2014 846 2042 sine
875 2015 970 2043 medio
986 2015 1059 2044 elec-

236 2059 285 2085 tus
300 2058 345 2085 est
359 2065 376 2084 ιι
390 2057 440 2084 Dei
470 2057 615 2093 sapientia
643 2066 731 2094 quam
762 2059 906 2087 deamavit
925 2062 953 2087 et
969 2059 998 2088 in
1015 2069 1058 2088 re-

235 2109 326 2137 gnum
343 2101 484 2136 elevatus,
497 2110 614 2138 unaque
644 2103 723 2139 regia
747 2111 853 2131 corona
873 2105 1058 2140 tropaeisque,

236 2155 362 2182 quorum
377 2155 431 2174 nos
448 2146 583 2183 primitiae
599 2156 713 2181 sumus,
729 2150 885 2176 exornatus
898 2148 911 2176 Τ
923 2151 1059 2176 Decetta-

237 2199 303 2219 men
312 2199 454 2227 nos,quos
461 2191 604 2227 ipse,post
612 2193 890 2226 Deum,|iberavit,et
897 2194 1060 2221 secundum

237 2244 325 2272 quem
341 2236 477 2270 vivimus,
494 2236 523 2263 in
534 2244 692 2264 commune
708 2237 915 2272 libenterquod
928 2241 1060 2265 nostrum

237 2283 282 2309 est
295 2281 397 2308 sﬁ'erre
413 2289 464 2317 per
493 2289 604 2316 preces,
627 2289 752 2316 quarum
778 2281 959 2309 auditionem
985 2282 1061 2310 Deus

1096 316 1161 343 Θεὸν
1188 317 1358 353 ἀγαπῶντας,
1383 317 1427 344 καὶ
1455 318 1642 353 πνευματικῶς
1667 316 1843 353 ιῖρηνιύοντας.
1863 319 1889 346 Οἳ

1097 360 1140 387 καὶ
1173 362 1310 398 μαχαίρας
1340 360 1501 399 βάλλοντες,
1517 361 1564 392 τὰς
1591 360 1713 392 τοιαύτας
1738 361 1891 398 ἀποτέμνουσι

1098 404 1243 443 συμφυΐας,
1258 406 1303 432 καὶ
1328 405 1377 433 οὐκ
1401 406 1543 443 ἀνέχονται
1571 406 1608 442 μὴ
1632 406 1766 443 ταράχους
1790 409 1825 441 τῷ
1849 406 1890 443 βίῳ

1097 448 1322 485 ἐμπολιτεύεσθαι
1346 450 1391 477 καὶ
1416 450 1548 488 ὀχλήσεις
1574 450 1618 477 καὶ
1648 449 1721 480 δίκας
1747 450 1788 477 καὶ
1814 448 1894 488 τύρῧιις

1097 494 1141 521 καὶ
1160 494 1270 530 ζημίας,
1286 493 1340 529 ἤδη
1372 495 1400 522 δὲ
1426 505 1479 522 που
1503 495 1547 522 καὶ
1574 494 1710 525 κολάσεις-
1727 495 1762 525 ὡς
1785 495 1824 522 οἷα
1847 495 1896 532 χαί-

1099 549 1190 576 ροντες
1207 538 1313 575 α’ίμασι,
1330 539 1374 566 καὶ
1403 540 1449 570 td:
1478 542 1531 566 τῶν
1564 538 1689 567 παλαεῶν
1718 539 1842 566 Λακώνων
1857 549 1895 566 πο-

1100 584 1207 615 θοῧντες
1228 583 1252 611 ἓν
1275 586 1333 615 τοῖς
1357 586 1405 611 τοῦ
1429 586 1495 611 Θεοῦ
1519 583 1748 622 παρρησιάζεσθαι
1778 584 1896 621 μάστιγας,

1099 629 1143 655 καὶ
1171 628 1203 656 τὰ
1234 629 1302 656 κατά
1333 628 1379 656 τὸν
1414 628 1515 664 Μίθραν
1541 627 1671 666 ἀλόγιστα
1699 628 1835 666 κόλαστρα,
1856 627 1896 663 ἤδη

1102 671 1129 700 δὶ
1144 672 1187 700 καὶ
1204 673 1235 700 τὰ
1260 672 1379 701 Κελτικὰ
1406 673 1542 709 θανάσιμα
1572 673 1601 700 ἐκ
1631 673 1716 709 μὲθης
1743 672 1852 710 παίγνια,
1865 672 1898 699 καὶ

1100 717 1133 744 τὰ
1154 717 1222 744 κατὰ
1251 717 1367 754 Σκύθας,
1391 718 1454 755 παρ’
1477 718 1517 749 οἷς
1542 716 1680 755 ἅνθρωποι
1710 716 1899 755 ἀναῤῥιτιτοῦμι-

1101 772 1158 792 νοις
1188 762 1213 792 ἐς
1237 761 1316 799 ὕψος,
1333 762 1389 789 εἶτα
1413 761 1551 792 κατιόντες
1571 761 1690 800 λόγχαις
1722 761 1809 799 ὀρθαῖς
1831 771 1900 795 πεπη-

1102 806 1191 844 γυίαις
1220 807 1435 844 περιεπείροντο.
1464 809 1526 837 Τοῖς
1558 805 1586 833 δὲ
1619 806 1692 834 οὕτω
1728 806 1899 843 κατεργαζομέ-

1102 861 1160 882 νοις
1187 850 1220 878 τὰ
1249 851 1374 889 eianin
1401 851 1446 878 καὶ
1475 850 1579 884 ἄλλως,
1603 851 1640 882 ὡς
1668 848 1750 884 ἔοικε,
1778 851 1843 887 παρᾶ
1862 851 1898 883 τὴν

1103 895 1195 929 κοινὴν
1212 895 1256 922 καὶ
1282 896 1384 931 συνήθη
1401 894 1502 923 ἔννοιαν
1530 895 1576 922 καὶ
1604 895 1689 932 ὀρθὴν
1720 895 1764 922 καὶ
1795 894 1901 931 θεοπαρὰ-

1104 938 1181 967 δοτον
1197 941 1228 967 τὰ
1248 939 1309 977 περὶ
1333 943 1383 975 τῆς
1408 940 1520 978 ιῖρήνης
1546 940 1689 967 Δαυϊτικὸν
1719 939 1796 977 ῥητὸν
1821 937 1901 974 ἐκλαμ-

1105 982 1222 1011 ϐάνεται.
1240 986 1354 1019 Ζητοῦσι
1384 984 1430 1020 μὲν
1462 985 1513 1022 γὰρ
1541 984 1652 1022 εἰρήνην
1678 985 1705 1012 οἱ
1720 986 1841 1016 τοιοῦτοι,
1855 984 1902 1010 ὅποι

1104 1029 1170 1056 ποτὶ
1217 1028 1408 1056 πολιτεύεται·
1445 1029 1490 1056 καὶ
1536 1028 1743 1066 ῥινηλατοῦντες
1787 1027 1900 1065 εὑρίσκον-

1106 1084 1132 1100 σι
1172 1075 1218 1109 μὲν
1255 1073 1328 1111 παρὰ
1363 1076 1420 1104 τοῖς
1460 1073 1731 1111 πραγματευομένοις
1758 1073 1843 1107 αὐτὴν,
1867 1071 1903 1099 οὐκ

1107 1118 1198 1156 ἀφιᾶσι
1229 1117 1258 1145 δὲ
1293 1119 1381 1154 μένειν
1411 1120 1472 1154 παρ’
1503 1117 1629 1148 ἐκείνοις·
1656 1117 1782 1145 διώκουσι
1809 1116 1834 1143 3‘s
1857 1115 1903 1153 τρό-

1106 1173 1156 1189 πον
1186 1161 1281 1196 ὂίλλον,
1313 1162 1366 1200 οὐχ
1391 1161 1438 1190 ’ίνα
1466 1163 1673 1201 καταληφθεῖσα
1702 1162 1835 1200 φυλαχθῇ,
1857 1160 1904 1187 ἀλλ’

1104 1206 1149 1234 ’ίνα
1182 1206 1208 1242 ἐξ
1241 1207 1390 1243 ἀνθρώπων
1429 1207 1549 1244 γένηται·
1577 1207 1621 1234 καί
1659 1218 1712 1234 που
1741 1206 1783 1234 καὶ
1809 1203 1905 1243 ἐπαγάλ-

1108 1251 1202 1279 λονται
1229 1253 1262 1288 τῇ
1289 1253 1349 1278 κατ’
1377 1248 1479 1279 ἔννοιαν
1511 1250 1613 1288 διπλόῃ
1649 1255 1702 1286 τῆς
1738 1250 1852 1285 διώξεως,
1874 1250 1906 1276 οἷα

1107 1296 1352 1334 κατασοφιζόμενοι
1389 1294 1424 1323 δι’
1460 1296 1555 1331 αὐτῆς.
1581 1296 1697 1323 Διώκειν
1737 1295 1786 1333 γὰρ
1815 1293 1852 1322 καῖ
1875 1292 1906 1320 ἐπὶ

1109 1340 1202 1379 φιλίας
1218 1340 1265 1376 μὲν
1280 1340 1382 1372 τίθεται
1405 1343 1553 1379 γραφικῶς,
1569 1340 1602 1367 τὰ
1630 1339 1727 1368 πολλὰ
1755 1339 1783 1367 δὲ
1809 1339 1846 1366 ἐπὶ
1873 1337 1906 1374 μί-

1109 1394 1180 1415 σους.
1197 1383 1277 1412 Οὕτω
1305 1384 1356 1421 γὰρ
1387 1385 1515 1421 μακάριοι
1545 1384 1618 1422 παρά
1646 1387 1687 1420 τῷ
1716 1386 1782 1420 Θεῷ,
1799 1383 1838 1413 οὖς
1856 1381 1907 1408 ὀνει-

1110 1427 1215 1456 δίσουσί
1242 1439 1313 1459 τινες
1341 1427 1429 1456 ἕνεκεν
1468 1429 1549 1456 αὐτοῦ
1585 1428 1629 1456 καὶ
1666 1428 1815 1464 διώξουσιν.
1839 1424 1906 1454 Ἀλλὶ
1952 1444 1954 1446 -

1109 1472 1171 1503 τοὺς
1186 1472 1326 1504 τοιούτους
1351 1473 1398 1509 μὲν
1415 1472 1499 1511 λάχοι
1514 1473 1544 1500 τὸ
1562 1472 1647 1511 φίλον
1673 1472 1764 1503 αὐτοῖς
1789 1474 1864 1508 μῖσος,
1875 1468 1907 1495 ἳνα

1109 1519 1148 1553 τῷ
1173 1515 1295 1553 διαϐόλῳ
1326 1517 1509 1555 συγχαίροιεν,
1539 1520 1579 1553 τῷ
1603 1520 1656 1552 τῆς
1685 1516 1783 1555 ἔχθρας
1808 1514 1905 1552 ἄρχοντι¹

1110 1563 1192 1598 ἡμεῖς
1209 1560 1237 1589 δὲ
1253 1561 1441 1599 εἷρηνεύοιμεν
1458 1561 1483 1589 ἐν
1500 1563 1568 1598 ἡμῖν
1584 1562 1691 1595 αὐτοῖς,
1707 1562 1744 1593 ὡς
1761 1562 1774 1588 ὁ
1789 1560 1846 1591 Θεὸς
1859 1568 1907 1595 παρ·

1112 1605 1252 1644 αγγέλλει,
1267 1605 1311 1633 καὶ
1327 1617 1400 1645 πραγ
1408 1606 1590 1643 ματευοίμεθα
1601 1609 1685 1634 τοῦτο
1707 1606 1732 1642 ἐξ
1747 1605 1811 1641 ὅλης
1829 1605 1907 1641 ψυχῆί-
1953 1606 1955 1620 ³

1148 1658 1192 1694 ξδ’.
1211 1659 1370 1697 Εὐχοίμεθα
1399 1658 1428 1687 δὲ
1458 1659 1503 1686 καὶ
1524 1661 1563 1695 τῷ
1587 1660 1724 1697 κρατίστῳ
1753 1660 1827 1696 ἡμῶν
1851 1656 1909 1684 αὖτο-

1111 1705 1224 1742 κράτορι
1251 1703 1402 1741 ἐγγίνεσθαι
1441 1703 1530 1731 πλείω
1562 1703 1678 1740 δύναμιν
1709 1704 1738 1731 ἐκ
1763 1704 1834 1734 Θεοῦ,
1854 1709 1910 1737 περι-

1112 1750 1276 1784 ποιήσασθαι
1311 1748 1393 1783 αύτὴν
1432 1748 1470 1779 εἰς
1507 1748 1631 1787 ἀκέραιον
1671 1749 1718 1776 καὶ
1746 1745 1861 1776 παντελὲς
1883 1745 1910 1778 τῷ
1954 1780 1955 1783 η

1112 1793 1209 1829 κόσμῳ
1234 1793 1277 1819 ἐπὶ
1307 1792 1429 1831 σωτηρίᾳ
1457 1792 1560 1830 κοινῇ-
1591 1793 1632 1828 ὃς,
1666 1792 1688 1820 εί
1716 1792 1761 1820 καί
1782 1801 1844 1821 τινες
1863 1787 1909 1817 ἴσως

1114 1837 1163 1865 οὐκ
1185 1834 1366 1864 ἐπιϐάλλουσι
1395 1839 1478 1873 νοεῖν,
1505 1836 1611 1868 ὁποίαις
1646 1835 1790 1875 ἐργωδίαις
1814 1842 1910 1872 περιτρο-

1113 1882 1236 1920 χάζεται,
1253 1881 1325 1909 ἀλλά
1343 1881 1490 1920 βάπτοντες
1504 1882 1542 1913 sic
1572 1883 1634 1909 νοῦν
1652 1881 1742 1909 οἷ’ὃασι
1768 1880 1830 1919 πρὸς
1854 1876 1909 1914 ἆκ9ί’

1113 1924 1199 1955 ϐειαν.
1217 1925 1268 1954 Καὶ
1292 1924 1351 1963 ἔχει
1377 1926 1424 1962 μὲν
1446 1925 1559 1959 ἀληθῶς
1578 1926 1628 1960 τὴν
1657 1925 1800 1964 οὐρανόθεν
1826 1923 1909 1950 ἐπικου-

1114 1971 1183 2009 ρίαν,
1217 1971 1261 1998 καὶ
1297 1970 1420 2008 σύναρσιν
1455 1970 1559 1998 εἰσαεί·
1589 1971 1634 1998 καὶ
1670 1973 1730 2002 πῶς
1756 1970 1802 2009 γὰρ
1827 1968 1867 1996 οὐκ
1888 1964 1909 1992 ἂν

1113 2015 1247 2051 πλουτοίη
1280 2015 1363 2050 αὐτὴν
1387 2016 1401 2043 ὁ
1425 2015 1470 2043 καὶ
1498 2015 1617 2053 ὲκλεγεῖς
1647 2015 1747 2048 ἐκεῖθεν
1774 2013 1867 2051 ἀμέσως
1879 2009 1910 2037 διὰ
1956 2018 1958 2020 ’

1112 2062 1162 2093 τῆς
1175 2062 1226 2088 τοῖ’)
1254 2062 1321 2087 Θεοῦ
1342 2059 1449 2099 σοφίας,
1463 2061 1495 2095 ἢν
1526 2059 1725 2098 ὑπερεπόθησε,
1754 2059 1797 2087 καὶ
1820 2057 1852 2088 εἷς
1876 2055 1910 2093 llu-

1115 2105 1216 2133 σιλείαν
1247 2098 1448 2140 ἀναϐιϐασθεὶς,
1478 2105 1522 2132 καί
1565 2105 1622 2142 ἅμα
1664 2104 1796 2143 βασιλικῷ
1820 2113 1845 2129 τε

1115 2161 1158 2190 (pst
1187 2150 1231 2178 καὶ
1257 2150 1400 2188 τροπαίοις
1429 2149 1583 2188 ὡραϊσθεὶς,
1599 2151 1636 2177 ὧν
1664 2152 1748 2187 ἡμεῖς
1773 2149 1802 2177 τὸ
1827 2143 1911 2185 πρωτό-

1115 2194 1207 2230 λειον;
1234 2195 1339 2232 Πρὲπον
1362 2193 1391 2222 δὲ
1416 2195 1502 2231 ὅμως,
1528 2195 1573 2223 καὶ
1596 2196 1682 2231 ἡμᾶς,
1709 2194 1771 2226 τοὺς
1795 2192 1827 2221 δι’
1849 2189 1910 2218 αὖτοῦ

1118 2240 1185 2276 μετὰ
1212 2239 1276 2267 Θεὸν
1306 2239 1558 2277 ἠλευθερωμένους,
1583 2240 1628 2267 καὶ
1654 2239 1714 2268 ἰδοὺ
1741 2241 1842 2274 ζῶντας,
1865 2244 1911 2262 W‘

1117 2284 1231 2322 εισάγειν
1260 2284 1392 2315 εὐνοϊκῶς
1420 2283 1451 2312 τὰ
1480 2285 1614 2323 ἡμέτερον
1645 2283 1680 2312 δι’
1711 2282 1853 2322 ιῦχῶν,ὧν
1875 2277 1909 2305 οὐκ

239 2334 308 2354 sane
321 2334 378 2353 non
395 2325 553 2353 recusabit.
572 2325 687 2353 Scimus
703 2326 792 2359 enim,
810 2329 838 2354 et
859 2326 929 2362 quid
946 2327 985 2354 sit
1000 2335 1057 2354 ora-

1117 2327 1146 2355 ἂν
1172 2327 1214 2364 εἶή
1243 2329 1386 2366 παρήκοος
1416 2329 1430 2356 ὁ
1459 2329 1534 2360 Θεός.
1551 2329 1737 2365 Ἐπισ-τάμεθα
1761 2328 1808 2365 γὰρ
1832 2324 1907 2359 ὥσπερ.

239 2370 290 2404 tio,
302 2372 330 2397 et
345 2371 422 2405 quod
438 2373 515 2398 Deus
534 2370 696 2398 orationem
710 2371 823 2405 justam
851 2371 980 2399 aversari
1005 2380 1062 2399 non

242 2415 346 2448 potest.
363 2414 509 2450 Numquid
537 2414 615 2442 enim
638 2415 791 2442 incensum
811 2415 975 2443 inanimum
992 2416 1062 2443 olim

241 2457 271 2484 in
287 2458 375 2485 veteri
386 2458 448 2495 lege
462 2462 490 2487 et
506 2468 583 2487 nunc
598 2460 675 2495 apud
692 2468 745 2487 nos
761 2460 913 2488 incensum
926 2461 1003 2497 quod
1015 2461 1063 2488 de-

243 2504 289 2529 cet
317 2506 444 2536 sanctos,
485 2505 629 2540 acciperet
661 2505 737 2532 sicut
769 2505 916 2533 credimus
946 2506 1063 2542 (accipit

242 2548 340 2574 autem
355 2547 434 2574 velut
453 2549 618 2576 divinorum
643 2549 848 2585 mysteriorum
872 2550 1061 2587 symbolum),

240 2591 401 2619 orationem
417 2601 482 2620 vero
497 2602 560 2628 quis
576 2595 650 2622 solet
665 2595 700 2621 ad
716 2595 798 2622 illum
810 2595 895 2630 dirigi
911 2595 1061 2623 rationalis

238 2640 268 2666 et
279 2636 418 2667 animata.
446 2645 479 2664 ex
495 2638 615 2666 veritate
641 2642 778 2674 rectaque
800 2639 978 2667 conscientia
994 2648 1060 2676 pro-

238 2682 350 2715 ﬁciens,
364 2689 420 2708 non
434 2681 574 2717 reciperet
587 2683 601 2710 ‘I

273 2781 318 2809 65.
349 2779 568 2809 Rationabiliter
599 2782 697 2809 autem
726 2790 804 2810 nunc
836 2782 1061 2818 deprecaremur

242 2827 436 2861 opportunam
460 2825 589 2862 plagam,
618 2827 662 2860 ut,
695 2826 772 2854 sicut
794 2827 874 2855 istud
910 2827 1059 2856 servitutis

243 2870 358 2905 pondus
373 2870 442 2898 olim
467 2879 484 2898 a
509 2869 594 2899 nobis
609 2869 739 2899 ablatum
758 2873 813 2908 est,
830 2872 887 2900 Deo
906 2871 1025 2907 quidem
1044 2882 1060 2902 ο

1118 2374 1132 2400 δ
1143 2372 1168 2400 τί
1194 2373 1259 2400 ποτὲ
1282 2372 1351 2400 ἆστιν
1367 2374 1385 2407 ἡ
1402 2372 1482 2412 εὐχὴ,
1499 2372 1571 2400 οὕτω
1586 2373 1642 2406 καὶ,
1656 2373 1700 2401 ὅτι
1723 2371 1820 2402 δικαίας
1845 2368 1908 2404 εὒχῆί

1117 2417 1168 2444 οὐκ
1199 2414 1269 2444 ἔστιν
1299 2417 1458 2444 ἀποστατεῖν
1496 2417 1541 2445 τὸν
1575 2417 1651 2446 Θεόν.
1678 2418 1714 2445 Ἦ
1747 2415 1855 2452 θυμίαμα

1117 2460 1224 2498 ἄψυχον
1240 2461 1326 2489 πάλαι
1349 2462 1396 2498 μὶν
1423 2462 1454 2489 τὸ
1482 2463 1550 2489 κατὰ
1574 2461 1657 2499 νόμον
1688 2461 1785 2489 ἐκεῖνον
1812 2459 1849 2486 τὸν
1871 2465 1907 2482 ππ·

1118 2505 1206 2540 λαιὸν,
1222 2505 1266 2532 καί
1294 2507 1338 2532 νῦν
1355 2504 1384 2533 δὲ
1411 2506 1442 2533 τὸ
1471 2507 1530 2538 καθ’
1546 2507 1620 2542 ἡμᾶς
1636 2505 1796 2544 άγιοπρεπὶς
1815 2502 1907 2544 δέχετενξ

1117 2549 1186 2581 καθὰ
1218 2549 1379 2587 πιστεύομεν
1419 2550 1473 2587 (καὶ
1505 2549 1689 2588 ἀποδέχεται,
1720 2545 1846 2586 σύμϐολον
1877 2540 1908 2588 xii

1118 2594 1181 2622 αὐτὸ
1220 2594 1298 2626 θείων
1339 2595 1497 2632 μυστηρίων
1535 2595 1682 2633 τυγχάνον)
1699 2605 1706 2612 ο
1728 2590 1867 2629 προσευχὴν
1889 2585 1909 2613 δὲ

1116 2639 1320 2671 κατευθύνεσθαι
1358 2639 1473 2667 ἐωθυῖαν
1512 2639 1550 2670 ιίς
1589 2639 1669 2666 αὐτὸν
1699 2639 1729 2666 οὗ
1757 2634 1907 2674 προσδέξεται,

1115 2685 1164 2719 τήν
1193 2684 1237 2711 καὶ
1253 2682 1369 2721 ἔλλογον
1383 2683 1428 2711 καὶ
1445 2682 1581 2722 ἔμψυχον,
1597 2685 1664 2712 κατά
1677 2694 1708 2721 γε
1730 2683 1760 2711 τὸ
1786 2680 1844 2718 πρὸς
1856 2676 1906 2710 ἀλή-

1116 2729 1199 2764 θειαν,
1213 2728 1258 2756 καὶ
1275 2728 1361 2766 ὀροῶς
1377 2727 1545 2764 ἐνδιάθετον;

1151 2784 1195 2819 ξε’.
1210 2783 1368 2822 Εύχοίμεθα
1390 2783 1419 2811 δὲ
1444 2782 1473 2811 ἂν
1502 2783 1622 2822 εύλόγως
1648 2784 1706 2821 ἄρτι
1729 2781 1826 2820 καιρίαν
1848 2776 1905 2809 πλη-

1114 2829 1177 2867 γὴν,
1204 2827 1260 2865 τίνα,
1289 2828 1356 2856 καθὰ
1394 2829 1424 2856 τὸ
1464 2827 1587 2856 δούλειον
1629 2827 1714 2856 ικεῖνό
1752 2835 1812 2854 ποτε
1839 2822 1902 2867 βάρξξ

1116 2863 1360 2911 ἀπηύχθηίὴμῶν,
1376 2874 1443 2901 Θεοῦ
1468 2873 1515 2910 μὶν
1543 2871 1685 2906 ἐθέλοντος
1712 2871 1814 2906 ἄνωθιν,
1827 2866 1858 2895 ἔτι
1881 2863 1902 2891 δδ
