2030 3167
140 211 198 241 633

637 210 678 240 IN
699 209 731 240 S.
755 207 1096 245 QUADRAGESIMAM
1119 209 1265 240 ORATIO
1287 209 1342 239 III.

1782 207 1839 236 634

139 277 184 304 καὶ
209 272 434 312 ἀναϐαλλομένου
456 276 502 303 τὸν
526 275 566 313 ἐφ’
590 277 657 312 ἡμῖν
683 275 771 310 ἔλεον,
794 278 845 303 τοῦ
869 274 898 303 δὲ
917 275 960 302 αὖ·

1028 275 1090 303 :oelo
1105 275 1230 311 volente,
1246 276 1296 304 sed
1314 275 1402 304 etiam
1420 283 1508 311 super
1531 282 1584 302 nos
1608 273 1840 301 misericordiam

139 320 304 358 τοκράτορος
332 320 495 357 βιασαμένου
517 319 617 347 ἐκεῖνον
642 321 798 355 θεοπιιθῶς,
823 319 868 347 καὶ
898 324 961 351 καθ-

141 360 304 390 ελκύσαντα(
331 361 362 387 τὸ
391 360 491 392 ἐκεῖθεν
518 360 618 398 ἀγαθὸν
648 360 686 392 εἷς
711 362 797 396 ἡμᾶς,
825 360 896 387 οὕτω
918 358 963 386 καὶ

141 408 187 432 νῦν
202 406 259 439 τὸν,
287 404 325 437 ὠς
346 403 375 432 ἅν
403 415 444 435 τις
470 404 554 439 sinon,
581 406 723 442 αἱμοχαρῆ
755 405 834 442 ζυγὸν
862 403 966 440 (οἴδατε

142 449 182 484 δὲ,
199 450 226 478 ὃ»
258 450 340 488 λέγω)
368 451 413 477 τὸν
445 448 620 488 βαρϐαρικὸν,
635 451 680 478 τὸν
708 449 803 482 ἄλλως
833 450 879 487 μὲν
907 450 964 477 ἀεί-

141 494 252 528 δουλον,
270 493 329 532 ἄρτι
350 493 379 522 δὲ
406 497 486 533 ζυγοῦ
511 493 589 528 δίκην
615 494 833 532 ἀναιδευόμενον,
859 495 966 533 τραχή-

142 539 203 572 λοις
228 539 402 574 ὶπιπίπτειν,
432 541 473 572 οἷς
504 539 581 568 οὐδὲν
614 551 640 568 τι
679 539 804 573 δουλείας
835 540 965 577 μέτεστιν,

143 584 277 623 ἀπαγάγοι
305 587 358 612 τῶν
386 585 524 620 ἀσυνήθων
553 585 673 623 αὐχένων
692 607 699 618 ,
728 586 893 622 θραυσθέντα
921 584 966 612 καὶ

144 628 259 666 ῥαγέντα
287 629 331 656 καὶ
361 632 412 656 πᾶν
442 632 566 657 τοιοῦτον
592 630 712 662 παθόντα
741 630 821 657 κακόν
837 639 843 646 ·
874 629 909 657 δι’
936 630 966 656 οὗ

142 673 306 708 ἰπιλάθηται
337 674 385 710 μὶν
415 677 464 702 τοῦ
493 674 571 712 ζυγὸς
597 675 676 708 εἶναι,
699 675 921 712 ἀποταχθήσιται
938 673 967 701 δὲ

143 717 182 749 εἷς
205 719 348 756 πυρκαϊὰν,
372 719 466 746 ὁποίαν
491 718 620 746 ἀποτελεῖ
642 719 769 757 συμφορὰ
793 718 966 750 δουλώσεως.

145 763 254 794 Πάντως
281 764 333 801 γὰρ
362 764 376 790 ὁ
402 767 452 798 τῆς
481 763 544 801 περὶ
581 765 654 800 ἡμᾶς
681 763 834 801 ἐλευθερίας
862 764 966 799 ἰκείνης

145 808 209 838 Θεὸς
225 808 239 835 ὁ
265 807 346 839 αὐτός
371 807 426 835 ὶστι
452 809 496 835 καὶ
519 810 577 842 νῦν,
605 807 676 836 οὕτω
703 807 731 836 δὲ
758 808 932 845 αὐτοκράτωρ
953 808 967 834 ὁ

145 851 225 882 αὐτός
241 873 249 880 .
279 851 328 878 Καὶ
365 852 475 889 γένηται
505 851 535 879 ἂν
570 851 615 879 καὶ
641 854 685 880 νῦν
713 853 781 880 κατὰ
807 853 838 879 τὸ
868 852 966 889 ἀγαθὸν

147 896 244 929 ἐκεῖνο,
271 895 345 934 εἴπερ
371 896 447 924 αὐτοὶ
475 897 617 933 ἐθελομεν,
633 896 682 924 οὐκ
696 897 723 924 ἐν
739 896 841 934 χρόνου
857 895 966 929 ειιλοὶτει⁷

1017 320 1204 356 immittente,
1222 320 1406 348 dominature
1421 323 1518 348 autem
1535 319 1619 346 illum
1637 326 1688 354 per
1704 318 1844 345 obedien-

1018 365 1089 392 tiam
1106 368 1236 401 cogente,
1253 368 1280 392 et
1294 365 1398 393 exinde
1425 365 1535 392 bonum
1567 363 1595 390 in
1621 371 1674 390 nos
1696 362 1841 394 eliciente.

1020 409 1060 436 ita
1076 411 1105 437 et
1120 418 1196 437 nunc
1214 409 1299 444 illud,
1315 414 1345 437 ut
1360 409 1416 436 dici
1434 408 1684 444 potuerit,jugum
1697 406 1842 442 sanguine

1019 454 1151 489 gaudens
1167 454 1258 489 (scitis
1272 456 1369 481 autem
1386 453 1463 489 quod
1480 452 1587 487 dicam)
1613 451 1684 478 illud
1711 450 1842 478 barbari-

1020 506 1098 532 cum,
1115 498 1187 526 illud
1205 499 1322 526 aliunde
1351 506 1467 533 semper
1491 504 1606 525 servum
1632 495 1762 530 quidem,
1791 494 1840 521 sed

1021 551 1098 570 nunc
1110 543 1172 579 jugi
1188 543 1281 570 instar
1296 543 1483 579 impudenter
1498 542 1610 569 audens
1633 547 1697 568 sese
1723 538 1841 566 cervici-

1021 587 1076 615 bus
1091 587 1251 623 imponere,
1266 588 1373 622 quibus
1389 587 1460 614 nihil
1476 588 1521 614 est
1533 594 1600 614 cum
1617 584 1755 613 servitute
1767 591 1845 611 com-

1022 639 1120 666 mune,
1141 632 1177 659 ab
1201 632 1330 660 insolitis
1355 631 1438 659 collis
1460 631 1588 659 abducat
1609 629 1791 657 confractum
1817 629 1845 655 et

1021 676 1172 712 diruptum
1188 680 1216 704 et
1231 685 1406 713 quocunque
1424 675 1471 703 tali
1489 675 1565 702 malo
1585 674 1740 702 affectum:
1766 672 1844 700 unde

1023 721 1214 748 obliviscatur
1227 722 1303 757 quod
1319 721 1358 748 sit
1369 722 1487 757 jugum,
1504 719 1663 747 collocetur
1689 719 1786 745 autem
1815 717 1845 743 in

1023 773 1139 800 rogum,
1156 765 1272 801 qualem
1291 766 1380 793 efﬁcit
1394 765 1544 792 servitutis
1574 766 1695 798 strages.
1722 761 1845 788 Prorsus

1021 810 1099 837 enim
1113 812 1188 838 Deus
1199 810 1278 837 illius
1287 812 1391 837 nostra:
1404 809 1548 836 libertatis
1559 811 1587 835 et
1596 815 1673 835 nunc
1683 806 1759 833 idem
1769 808 1844 833 Deus

1022 856 1076 888 est,
1094 854 1170 882 sicut
1184 856 1212 882 et
1226 855 1393 882 dominator
1419 853 1508 880 idem.
1538 854 1622 879 Nunc
1650 851 1738 878 etiam
1764 850 1846 877 fieret

1018 899 1104 934 juxta
1117 899 1226 926 bonum
1242 899 1332 932 istud,
1359 899 1384 926 si
1412 897 1530 933 quidem
1553 896 1707 927 vellemus,
1732 903 1789 922 non
1815 894 1844 921 in

146 940 220 968 ἀλλὰ
245 942 352 979 τάχιον·
381 941 405 968 εἴ
435 941 464 969 δὲ
493 942 544 978 μὴ,
573 942 609 972 ὡς
638 941 664 968 ἐν
679 941 745 979 ῥιπῇ
778 941 932 980 ὀφθαλμοῦ,
949 941 967 975 ἢ

1028 943 1110 978 longo
1126 943 1331 979 tempore,sed
1362 942 1469 976 citius;
1500 942 1583 969 sinon
1614 940 1699 976 quasi
1730 939 1758 966 in
1784 938 1845 966 ictu

146 985 214 1013 κατὰ
241 985 381 1022 ἀστραπῆς
405 987 502 1024 τάχος,
531 986 575 1013 καὶ
603 986 619 1013 8
640 997 702 1025 φασι
728 987 791 1024 πρὶν
819 987 836 1021 ἣ
861 987 905 1014 καὶ
928 985 966 1017 εἷς

148 1028 252 1060 ἐντελὲς
278 1033 374 1064 νοῆσαι
400 1029 417 1064 ἢ
445 1029 579 1066 εὔξασθαιο
605 1030 621 1058 ἃ
646 1031 691 1058 καὶ
716 1031 811 1058 αὐτὰὸ
832 1031 896 1063 Θεὸς
923 1029 967 1058 δίι-

148 1084 236 1106 ναται,
263 1073 325 1101 ἀλλ’
352 1073 397 1101 οὖν
425 1075 520 1102 θᾶττον
548 1073 618 1112 ἤπερ
644 1074 803 1112 ἐλπίζομεν.
822 1075 872 1103 Καὶ
897 1074 967 1102 ἔστιν

150 1118 215 1145 αὐτὸ
243 1117 273 1145 ἐκ
300 1120 353 1146 τῶν
382 1119 440 1146 καθ’
468 1120 542 1156 ἡμᾶς
571 1119 690 1153 ἐκείνων,
717 1121 770 1146 τῶν
793 1119 819 1147 ἐν
843 1121 877 1156 τῇ
905 1119 968 1157 αἰχ-

151 1162 286 1198 μαλωσίᾳ,
315 1164 511 1200 τεκμήρασθαι.
541 1164 574 1192 EZ'
601 1164 653 1202 γὰρ
678 1164 757 1198 τότε,
785 1164 829 1192 ὅτε
856 1163 970 1200 οὐδεμία

148 1207 229 1233 ποθεν
257 1206 334 1238 ἐλπὶς
363 1207 511 1244 ἐνέλαμπεν
529 1229 536 1241 ,
563 1207 627 1235 οὐδὲ
654 1208 785 1245 τρίμηνος
815 1208 970 1246 ὠροθεσμία

147 1249 299 1285 τετᾶλεστο,
323 1252 362 1283 εἱς
385 1250 541 1289 ὁλόκληρον
568 1253 612 1279 καὶ
639 1251 817 1290 ὲρρύσθημεν,
839 1252 876 1279 ὧν
892 1252 971 1290 εἴχο-

150 1305 207 1332 μεν1
239 1294 364 1333 μεγάλων
390 1298 502 1332 κακῶν,
531 1296 568 1328 ὠς
598 1296 647 1323 οὐκ
673 1297 702 1323 ἅν
734 1295 795 1324 οὐδὲ
824 1297 970 1334 ἐλογίσατό

147 1350 200 1372 τις·
225 1342 264 1375 τῷ
289 1340 369 1368 παντὶ
398 1341 481 1368 πλέον
513 1340 626 1373 ἐνταῦθα
649 1339 722 1368 ἔσται
747 1341 818 1379 ταχὺ
845 1341 969 1380 ῥᾳστώνη

148 1387 207 1416 τοῖς
230 1385 280 1412 οὐκ
302 1385 330 1412 εὗ
352 1385 515 1423 πάσχουσιν,
542 1385 566 1412 εἴ
596 1386 678 1422 μόνον
703 1388 894 1423 κατανυγῶμεν
924 1387 971 1424 βα-

151 1428 229 1464 θέως,
257 1428 302 1456 καὶ
330 1428 445 1465 στόμασι
474 1428 709 1466 πεπλατυσμὲνοις
742 1430 787 1457 καὶ
816 1430 887 1458 οὕτω
913 1441 973 1458 πι-

150 1472 345 1510 πληρωμένοις
364 1472 430 1501 Θεοῦ
455 1470 628 1510 ἐκϐοήσομεν
655 1474 722 1512 πρὸς
748 1474 848 1502 ἐκεῖνον
862 1475 895 1502 τὰ
910 1474 975 1502 ἱλαε

151 1518 258 1554 στήρια.
284 1517 363 1546 Οὕτω
388 1518 439 1556 γὰρ
462 1516 550 1545 κλινεῖ
574 1518 605 1545 τὸ
638 1517 684 1549 οὖς
710 1518 792 1546 αὐτοῦ
819 1519 859 1557 ἐφ’
884 1521 973 1556 ἡμᾶς,

150 1561 196 1589 καὶ
220 1561 416 1598 ἐπιμελήσεται
442 1562 546 1589 πάντων
572 1561 610 1593 εἷς
633 1562 756 1597 εὐζωῗαν,
785 1563 830 1591 καὶ
856 1563 919 1594 τοὺς
947 1564 974 1591 ἐν

151 1608 241 1644 ζυγοῖς
269 1605 441 1639 ἀδικοῦντας,
470 1606 520 1634 οὐκ
548 1606 698 1644 ἀνθρώπων
726 1607 812 1641 υἱοὺς,
842 1607 914 1635 ἀλλὰ
940 1608 971 1635 τὸ

149 1650 175 1677 ἰν
191 1650 282 1682 αὐτοῖς
313 1649 445 1688 θηριῶδες
476 1652 520 1678 καὶ
549 1649 694 1689 ἀλόγιστον
721 1651 905 1688 ψευδομένους
925 1653 971 1680 τὸν

149 1695 302 1732 ἄνθρωπον,
332 1695 484 1728 ἀφαντώσει
513 1694 584 1733 ῥοπῇ
616 1698 696 1733 ζυγοῦ
723 1698 772 1724 τοῦ
797 1695 908 1724 ἄνωθεν·
931 1697 975 1725 καὶ

154 1739 225 1767 οὕτω
248 1740 283 1767 τὰ
306 1741 402 1779 πρώην
429 1742 497 1777 ἡμῖν
525 1740 715 1777 ἐμπολιτεύσει
732 1743 818 1779 ἀγαθὲ
842 1743 880 1774 εἷς
897 1741 976 1778 δόξαν

154 1784 237 1812 αὐτοῦ
266 1785 310 1812 καὶ
339 1783 438 1812 αἶ’νεσιν
455 1808 463 1821 ,
490 1786 540 1820 τὴν
571 1785 608 1817 ιίς
637 1785 736 1818 αἰῶνας
764 1789 818 1814 τῶν
846 1786 951 1815 αἰώνων
969 1808 976 1817 .

154 1829 255 1866 Ἀμήν,

1023 987 1110 1020 oculi,
1126 987 1169 1014 vel
1180 988 1265 1022 juxta
1277 987 1402 1023 fulguris
1417 986 1612 1018 velocitatem,
1633 987 1662 1012 et
1682 984 1759 1020 quod
1777 982 1847 1010 dici-

1023 1035 1081 1066 tur,
1099 1033 1271 1068 priusquam
1287 1032 1330 1060 vel
1347 1032 1468 1060 omnino
1483 1032 1627 1067 cogitetur
1640 1030 1685 1058 vel
1715 1030 1844 1065 rogetur.

1024 1077 1058 1104 Et
1072 1077 1133 1104 haec
1148 1077 1210 1113 ipse
1226 1079 1319 1112 potest
1334 1077 1410 1104 Deus
1423 1076 1550 1105 velocius
1575 1084 1663 1111 quam
1681 1081 1844 1110 speramus.

1024 1121 1059 1148 Et.
1071 1121 1125 1149 hoc
1139 1129 1174 1149 ex
1189 1121 1247 1149 illis
1263 1121 1371 1148 nostris
1386 1121 1415 1148 in
1432 1120 1601 1157 captivitate
1611 1118 1765 1148 tormentis
1777 1126 1846 1145 con-

1021 1165 1183 1200 jiciendum
1198 1167 1252 1193 est.
1269 1165 1298 1193 Si
1314 1165 1392 1193 enim
1410 1168 1489 1198 tunc,
1507 1173 1574 1192 cum
1595 1164 1676 1192 nulla
1702 1171 1770 1199 spes
1792 1171 1845 1198 ap-

1025 1213 1206 1245 pareret,nec
1213 1209 1305 1237 ullum
1314 1209 1459 1237 trimestre
1466 1210 1584 1246 signum
1592 1209 1752 1245 perlectum
1759 1209 1846 1239 esset,

1025 1255 1146 1282 omnino
1169 1254 1284 1282 liberati
1304 1263 1408 1282 sumus
1423 1255 1459 1282 ab
1475 1254 1522 1282 his
1537 1262 1601 1289 quae
1617 1252 1847 1289 perferebsmus,

1027 1298 1111 1326 malis
1127 1298 1198 1326 adeo
1215 1299 1339 1334 magnis,
1358 1301 1389 1326 ut
1409 1307 1493 1326 nemo
1509 1300 1679 1334 computare
1687 1305 1720 1324 ea
1729 1297 1848 1332 posset;

1028 1342 1120 1370 multo
1134 1343 1228 1379 magis
1245 1343 1293 1370 hic
1308 1343 1363 1371 erit
1374 1343 1452 1371 brevi
1465 1341 1718 1370 sublevsmenillis
1728 1340 1777 1375 qui
1789 1348 1848 1367 non

1027 1395 1164 1423 prospere
1177 1388 1298 1424 degunt,
1313 1388 1474 1415 dummodo
1500 1387 1644 1423 profunde
1668 1385 1785 1413 contriti
1810 1384 1851 1411 si-

1028 1440 1106 1465 mus,
1121 1434 1150 1460 et
1165 1432 1265 1460 oribus
1295 1433 1414 1468 apertis,
1444 1434 1473 1460 et
1501 1432 1544 1460 sic
1569 1431 1627 1459 Deo
1656 1430 1786 1466 repletis,
1812 1428 1848 1456 ad

1027 1476 1110 1504 illum
1127 1485 1190 1512 quea
1211 1477 1447 1513 propitiationem
1478 1478 1595 1503 moveut
1621 1474 1848 1511 proclamemus.

1029 1521 1076 1548 Sic
1090 1520 1167 1548 enim
1184 1521 1220 1548 ad
1238 1530 1290 1548 nos
1305 1520 1461 1548 inclinabit
1475 1527 1586 1554 aurem,
1603 1526 1763 1554 omnesque
1779 1525 1846 1544 cum

1028 1565 1228 1593 benevolentis
1243 1565 1367 1598 curabit,
1383 1567 1411 1592 et
1425 1573 1474 1592 eos
1499 1564 1548 1599 qui
1573 1564 1683 1598 injuste
1707 1564 1798 1598 agunt
1821 1561 1850 1588 in

1024 1609 1117 1645 jugis,
1127 1609 1177 1645 qui
1193 1618 1249 1636 non
1263 1609 1416 1636 hominum
1429 1608 1480 1635 ﬁlii
1496 1610 1575 1641 sunt,
1588 1607 1638 1635 sed
1665 1615 1720 1635 sua
1736 1605 1852 1633 feritate

1031 1656 1057 1682 et
1073 1653 1326 1681 irrationabilitate
1341 1653 1524 1680 mentiuntur
1539 1652 1701 1684 hominem,
1724 1649 1852 1678 inclina-

1032 1701 1130 1726 menta
1145 1698 1262 1726 trutinae
1278 1697 1402 1726 crelestis
1418 1697 1594 1733 dissipabit:
1612 1698 1639 1723 et
1655 1696 1696 1724 sic
1713 1695 1742 1722 in
1758 1695 1853 1731 patria

1033 1743 1118 1771 nobis
1134 1743 1282 1780 primitiva
1297 1743 1374 1771 bona
1388 1742 1535 1775 restituet,
1551 1741 1588 1769 ad
1610 1741 1705 1777 ipsius
1728 1740 1853 1776 gloriam

1033 1790 1062 1816 et
1076 1788 1283 1824 laudem,quaa
1299 1787 1388 1816 estin
1410 1786 1517 1815 secula
1540 1786 1726 1814 seculorum.
1750 1785 1853 1812 Amen.

633 1936 1858 1950 W

822 2028 1188 2094 EJUSDEM

343 2158 432 2220 IN
480 2157 874 2220 SANGTAM
925 2157 1669 2232 QUADRAGESIMAM

843 2284 1068 2329 ORATIO
1098 2286 1173 2330 III.

159 2451 211 2489 T013
234 2449 327 2489 ,αὐτοῦ
368 2451 518 2489 Εὐσταθίου
556 2450 756 2489 Θεσσαλονίκης
795 2450 876 2489 λόγος
913 2445 967 2488 προ

1037 2452 1166 2488 Ejusdem
1182 2452 1326 2480 Eustathiz'
1342 2452 1591 2480 Thessalonicensis
1615 2451 1645 2478 in
1658 2451 1781 2478 sanctam
1798 2457 1861 2489 ma-

195 2483 419 2531 λαληθεῖςυλτῆς
457 2487 533 2524 ἁγίας
571 2498 616 2515 και
657 2483 778 2526 μεγάλης
817 2483 983 2525 Τεσσαρακο-

197 2527 272 2555 στῆς,
288 2527 326 2552 ὼς
341 2527 412 2553 εθος.

197 2585 230 2612 α’.
245 2596 259 2610 ‹‹
277 2583 417 2622 Μακάριος
439 2585 452 2611 ὁ
479 2586 596 2620 ποιήσας
624 2585 668 2612 καὶ
698 2585 815 2621 διδάξας.
848 2597 861 2611 ››
886 2585 937 2613 Δύο
952 2586 983 2613 τὸ

163 2628 244 2667 ῥητὸν
274 2631 354 2656 τοῦτο
379 2628 480 2660 ἐννοίας
508 2629 682 2666 προίσχεται,
709 2631 745 2657 ὧν
764 2630 813 2666 μία
830 2630 876 2666 μὲν
903 2630 982 2665 αὕτη

162 2675 301 2712 Μακάριός
326 2674 396 2701 ἐστιν
425 2673 452 2702 ἐν
480 2674 636 2712 ἀνθρώποις
666 2675 680 2701 ὁ
702 2677 797 2712 πρῶτα
828 2675 875 2711 μὲν
902 2675 984 2710 ποιή-

162 2729 230 2755 σας,
253 2719 309 2747 εἶτα
336 2718 381 2746 καὶ
409 2717 505 2757 λόγοις
532 2717 639 2754 διδάξας
667 2719 700 2746 τὰ
728 2719 753 2750 ἐς
777 2720 875 2756 ὁμοίαν
901 2721 984 2754 ποίη-

162 2775 214 2800 etv,
231 2764 267 2796 ὠς
289 2764 380 2802 χρεὼν
404 2763 433 2791 ’ὸν
460 2764 506 2791 τὸν
535 2763 654 2801 μαθόντα
674 2766 760 2791 ποιεῖν
782 2764 891 2802 ἀγαθὸν,
913 2764 985 2792 οὕτω

199 2878 222 2897 ¹⁸
236 2877 339 2907 Matth.
355 2886 383 2913 ν,
398 2878 443 2907 ιο.

1072 2496 1209 2522 gnamque
1236 2489 1490 2524 Quadragssimam,
1508 2488 1591 2523 juxta
1620 2495 1733 2522 morem,
1771 2488 1860 2514 oratio

1072 2525 1286 2560 préBParatoria.

1075 2586 1101 2614 1.
1118 2586 1224 2614 Beatus
1241 2587 1289 2622 qui
1308 2586 1374 2614 fecit
1389 2589 1417 2614 et
1440 2586 1580 2620 docuit”,
1593 2597 1606 2611 »
1634 2588 1710 2613 Duos
1734 2585 1789 2612 hoc
1816 2583 1861 2611 di-

1041 2633 1120 2659 ctum
1137 2640 1194 2666 pris
1211 2640 1240 2659 se
1262 2632 1317 2659 fert
1345 2640 1460 2665 sensus,
1492 2640 1616 2666 quorum
1644 2639 1720 2658 unus
1743 2629 1862 2665 quidem

1040 2675 1087 2703 hic
1099 2678 1159 2704 est:
1177 2676 1282 2704 Beatus
1298 2679 1343 2704 est
1355 2676 1430 2704 inter
1441 2676 1587 2708 homines,
1605 2675 1654 2711 qui
1672 2674 1765 2711 primo
1795 2672 1863 2708 qui-

1041 2721 1106 2748 dem
1119 2721 1196 2755 l'ecit,
1208 2721 1313 2749 deinde
1332 2729 1399 2749 vero
1417 2729 1480 2757 quas
1499 2721 1631 2748 facienda
1642 2721 1712 2747 sunt
1726 2718 1761 2746 sd
1779 2716 1864 2745 simi-

1041 2765 1097 2794 lem
1113 2765 1322 2802 operstionem,
1335 2765 1520 2794 sermonibus
1527 2765 1636 2798 docuit,
1646 2763 1730 2800 quasi
1744 2770 1864 2791 necesse
