2030 3167
210 187 270 218 635

211 252 284 280 foret
299 261 364 280 eum
383 253 433 288 qui
450 253 542 281 facere
572 253 681 282 bonum
712 256 756 282 est
780 255 914 289 edoctus,
940 254 982 282 sic
1007 255 1033 281 et

1090 254 1132 280 καὶ
1165 254 1267 290 ἑτέροις
1297 251 1431 280 διδάσκειν
1449 263 1455 269 ·

211 297 283 325 alios
299 298 402 325 docere
418 311 424 331 ς
441 299 526 334 cujus
539 307 622 334 porro
632 299 726 326 virtus
747 301 791 326 est
807 307 915 326 munus
931 307 1034 334 accep-

208 343 271 369 tum
289 342 394 378 partim
411 343 446 370 ab
464 343 645 376 hominibus,
664 344 769 379 partim
787 352 802 371 a
819 343 886 376 Deo,
905 343 1032 379 plerum-

209 395 266 422 que
280 388 316 414 ab
332 387 485 420 ambolus;
504 388 543 415 ita
559 391 590 415 ut
609 389 633 415 ei
651 389 701 424 qui
719 397 776 415 non
794 389 888 416 adhuc
915 389 982 416 fecit
1006 390 1034 416 et

209 431 421 466 operationem.
438 431 518 459 velut
533 433 600 468 quis
617 432 790 460 naturaliter
805 433 922 468 sapiens
939 433 1032 465 docet,

209 475 315 503 merito
331 476 491 504 cavendum
508 479 594 509 esset,
612 485 647 504 ne
671 477 726 504 sibi
754 477 916 504 diceretur:
943 477 1031 505 Num-

210 519 282 554 quid
298 528 429 555 unquam
447 520 510 556 ipse
526 521 616 548 fecisti
633 521 712 556 quod
727 529 804 548 nunc
820 521 907 548 doces
920 521 933 548 ‘I
948 524 975 548 et
991 521 1033 548 sic

211 564 396 592 erubesceret
423 566 543 600 pudore.
571 565 650 593 Talis
679 568 724 593 est
753 566 871 601 quidem
902 565 1031 601 pmdicti

210 608 288 636 verbi
305 617 381 636 unus
397 617 512 637 sensus.
529 609 609 637 Alter
633 613 730 637 autem
759 610 806 637 hic
830 613 895 638 est:
926 612 1032 637 Beatus

211 653 261 688 qui
279 653 385 686 fecerit,
402 656 430 680 et
445 653 499 680 hac
515 654 634 689 quidem
648 655 815 690 operatione
829 655 892 682 sola
902 655 1033 682 docuerit

209 699 238 724 et
254 697 326 724 alios
341 697 416 725 idem
434 698 526 726 facere
539 699 660 726 bonum.

243 750 271 777 2.
301 753 429 778 Duarum
453 751 578 779 istarum
609 752 822 780 sententiarum
846 753 942 788 prima
966 753 1032 788 qui-

209 794 277 821 dem
294 795 441 830 proposita
456 795 632 832 simpliciter
656 797 769 824 homini
795 797 938 831 convenit,
959 805 1031 832 qua-

209 841 296 866 tenus
312 839 382 867 artis
398 843 442 867 est
455 840 558 871 forma.
575 841 654 875 juxta
669 849 757 876 quam
775 849 832 868 non
856 841 940 868 aliter
965 841 1031 876 quis

209 883 329 911 edocere
360 886 465 919 potest.
495 885 551 912 nisi
581 885 661 920 prius
676 885 881 913 exercitatione
918 886 1031 920 experi—

601 188 809 220 EUSTATHII
833 189 1217 219 TllESSALONlCENSlS
1240 188 1533 219 METROPOLlT/E
1866 185 1913 216 636

1486 253 1517 280 οὗ
1547 251 1580 286 δὴ
1612 250 1707 288 ἀρετὴ
1738 250 1771 276 τὸ
1799 247 1914 285 ἔμμισθον

1088 299 1126 330 πῆ
1158 299 1205 334 μὲν
1231 297 1420 336 ἀνθρωπίνως,
1443 298 1482 331 πὴ
1508 295 1536 324 δὲ
1560 296 1588 324 in
1615 297 1705 330 Θεοῦ,
1731 294 1770 326 ὡς
1794 293 1826 320 τὰ
1840 294 1917 322 πολλὰ

1089 341 1117 369 δὲ
1147 342 1172 377 ἐξ
1200 343 1312 382 ἀμφοῖν·
1344 343 1382 374 ὡς
1410 342 1425 369 δ
1453 352 1484 379 γε
1515 342 1551 378 μή
1581 339 1759 374 πεποιηκὼς
1784 337 1834 373 ἔτι,
1859 338 1917 382 ἀλλὰ

1089 385 1222 414 διδάσκων
1246 387 1283 418 εἷς
1309 384 1400 424 ἔργον,
1426 388 1472 414 οἷα
1494 386 1539 413 καί
1563 396 1602 416 τις
1628 384 1820 422 θυμόσοφος,
1850 381 1916 410 εὐλα-

1088 429 1164 458 ϐοῖτο
1188 430 1216 458 ἃν
1241 431 1352 462 εἶκότως
1368 455 1376 467 ,
1401 432 1438 467 μή
1464 437 1545 462 ποθεν
1568 429 1690 458 ἀκούω-οι
1717 428 1772 455 τό·
1804 427 1870 464 Ἀρά
1894 438 1919 463 γε

1087 474 1240 511 πεποίηκάς
1266 486 1333 503 ποτε
1356 475 1446 509 αὐτὸς,
1471 475 1485 502 ὃ
1510 477 1553 502 νῦν
1579 473 1730 504 διδάσκεις
1749 482 1756 506 ;
1778 472 1823 499 καὶ
1845 471 1918 503 οὕτως

1088 520 1254 557 αἰσχυνεῖται
1304 518 1565 556 κατακαλυψάμενος
1597 542 1603 547 .
1652 517 1714 546 Καὶ
1760 516 1829 550 αὕτη
1881 517 1918 552 μὶν

1086 562 1177 592 ἔννοια
1221 565 1269 601 μία
1309 566 1357 592 τοῦ
1401 563 1613 600 προτεθειμένου
1662 563 1773 601 ῥητοῦ.
1816 560 1918 597 Δευτέρα

1088 607 1116 636 δὲ
1142 609 1184 636 τό·
1216 609 1377 647 Μακάριος,
1406 609 1436 640 ’ὸς
1466 608 1496 635 ἃν
1531 609 1650 645 ποιήσῃ,
1685 606 1737 634 καὶ
1777 605 1862 636 οὕτως
1898 605 1919 633 ἐν

1089 653 1165 690 μόνῳ
1193 656 1233 689 τῷ
1267 653 1445 689 πεποιηκέναι
1485 651 1578 689 διδάξῃ
1615 651 1664 680 καὶ
1700 651 1817 687 ἑτέρους
1845 653 1919 677 ποιεῖν

1087 697 1184 735 ἀγαθὸν
1197 698 1305 734 ὅμοιον.

1126 752 1157 788 β’.
1174 751 1280 779 Τούτων
1305 753 1358 779 τῶν
1384 750 1432 778 δύο
1456 750 1565 779 ἐννοιῶν
1587 751 1603 784 ἡ
1632 750 1686 786 μὲν
1709 745 1918 785 προϐεϐλημένη

1086 797 1182 834 πρώτη
1217 796 1353 834 ἀνθρώπῳ
1391 796 1534 833 ἐπιπρέπει
1570 797 1610 831 τῷ
1647 793 1782 828 ἁπλῶς,
1815 790 1919 827 ἴνδαλμα

1085 841 1186 879 τέχνης
1210 841 1286 875 οὖσα,
1310 841 1370 873 καθ’
1391 841 1421 875 ἣν
1448 841 1499 867 οὐκ
1523 839 1581 877 ἔχει
1605 850 1648 871 τις
1678 837 1783 867 ἄλλως
1815 835 1916 870 διδάξαι,

1087 886 1109 912 εἰ
1142 886 1180 921 μὴ
1220 885 1350 923 πρότερον
1386 884 1625 922 ἐγγυμνασάμενος
1664 882 1716 910 καὶ
1761 879 1915 917 καταλαχὼν

207 930 362 964 mentoque
377 929 507 956 docenda
523 929 615 957 facere
630 929 753 957 sciverit.
774 930 918 958 Posterior
933 933 1030 957 autem

1090 928 1183 957 εἷ’σεται
1206 932 1304 963 ποιεῖν,
1332 929 1346 956 ’ὸ
1371 929 1466 966 μέλλει
1501 927 1646 956 διδάσκειν.
1677 928 1713 954 Ἡ
1746 925 1777 953 δὲ
1808 924 1914 970 δευτέρα,

205 971 291 1007 juxta
306 981 395 1008 quam
413 973 519 1009 aliquis
540 982 663 1009 operans
688 974 786 1001 statim
813 975 909 1002 erudit
932 977 960 1001 et
985 974 1029 1001 in-

209 1017 298 1043 struit
325 1020 353 1044 et
395 1018 482 1045 efticit
529 1019 672 1053 quosdam
716 1019 839 1046 scientia
882 1019 1029 1054 prieditos,

210 1059 282 1088 nihil
299 1061 416 1095 docens,
434 1063 483 1090 sed
510 1063 600 1090 silens
625 1063 659 1090 ad
684 1071 717 1090 ea
740 1071 802 1099 quze
826 1063 862 1091 ad
888 1063 1030 1091 methodi-

210 1113 273 1132 cam
291 1106 437 1141 pertinent
463 1107 659 1143 disciplinam,
689 1108 800 1143 aliquid
825 1110 870 1135 est
893 1107 1031 1141 divinius,

211 1152 312 1177 etnon
342 1151 504 1178 secundum
534 1152 684 1179 hominem
713 1153 786 1180 artis
815 1152 950 1187 peritum,
980 1152 1030 1179 sed

210 1194 411 1231 archetypum,
428 1198 456 1223 et
476 1204 542 1223 cum
572 1197 682 1224 mundo
712 1197 858 1232 primitivo
887 1199 1030 1231 exortum,

211 1240 240 1266 et
269 1239 332 1267 ideo
361 1240 553 1276 primitivum.
581 1244 610 1269 et
650 1241 692 1269 sic
728 1241 1030 1269 honorandissimum.

211 1283 323 1311 Etenim
341 1285 376 1311 ab
391 1284 475 1312 initio
491 1285 567 1313 Deus
583 1285 650 1313 fecit
665 1288 694 1313 et
721 1286 764 1313 sic
790 1285 916 1319 edocuit,
943 1293 1031 1321 ange-

210 1327 254 1355 los
271 1337 335 1356 cum
352 1329 447 1364 primo
469 1330 609 1364 condidit,
640 1334 747 1357 terram
777 1330 921 1363 formavit,
944 1330 1031 1357 ccnlos

212 1373 328 1408 creavit,
345 1376 373 1400 et
387 1374 463 1401 inter
478 1374 538 1406 illa,
556 1374 648 1402 multa
663 1374 752 1407 varia,
783 1383 846 1410 quae
869 1375 914 1402 vix
940 1374 1031 1410 aspici

210 1421 345 1453 possunt,
361 1418 578 1446 disseminavit:
596 1427 629 1446 ex
645 1419 753 1454 quibus
773 1419 857 1447 factis
885 1419 1031 1447 etl‘ormari

210 1461 355 1496 potuisset
370 1462 414 1490 his
440 1463 583 1498 posterior
608 1464 704 1491 omnis
734 1463 832 1497 homo,
863 1463 930 1491 licet
958 1463 1031 1491 nihil

213 1514 342 1541 unquam
379 1515 396 1534 ιι
433 1507 600 1535 doctoribus
642 1508 782 1536 audisset.
825 1508 896 1536 Cum
935 1511 1030 1536 autem

212 1551 315 1578 mundi
332 1551 480 1587 praeclara,
495 1553 531 1580 de
558 1553 665 1589 quibus
690 1555 718 1581 et
742 1561 793 1589 per
813 1561 876 1589 qute
897 1553 1033 1581 laudatur

210 1595 298 1630 Deus,
316 1604 373 1624 non
402 1596 531 1625 valerent
560 1598 624 1633 ipsa
645 1599 748 1625 docere
777 1598 937 1630 hominem,
968 1605 1032 1625 sese

210 1641 474 1675 quomodocunque
490 1642 629 1670 acciderit
658 1645 820 1678 gyrantem,
851 1645 879 1670 et
901 1643 936 1670 ad
963 1650 1030 1669 eum

210 1684 260 1719 qui
277 1685 384 1713 fecerat
399 1684 430 1714 et
443 1686 482 1714 ita
507 1687 646 1714 docuerat
674 1696 731 1715 non
754 1695 786 1715 se
809 1689 979 1720 vertentem,
1000 1689 1033 1713 ut

210 1728 368 1757 imitationi
382 1731 468 1765 juxta
482 1731 558 1759 vires
574 1731 609 1758 ad
636 1732 793 1767 imaginem
810 1731 889 1759 illius
914 1731 1034 1767 efﬁnge-

211 1775 308 1808 retur;
325 1776 395 1802 tunc
410 1775 526 1802 Creator
547 1776 671 1811 desuper
694 1776 722 1802 in
749 1780 854 1803 terram
881 1775 1028 1811 plasmati‘

212 1826 346 1853 parcens,
362 1819 486 1854 illapsus
501 1821 529 1847 et
542 1819 665 1855 loquens
680 1819 789 1847 animal
805 1820 841 1847 ad
857 1820 1030 1848 salvnndum

212 1861 307 1897 ipsius
322 1871 414 1898 genus
435 1863 567 1897 indutus,
595 1864 718 1899 prwfatze
748 1863 853 1900 prioris
883 1866 1034 1893 sententias

213 1906 310 1934 factus
326 1908 381 1939 est,
399 1907 433 1934 ad
452 1908 619 1935 faciondum
637 1909 830 1944 personaliter
845 1917 878 1937 ea
895 1918 957 1945 qua:
975 1918 1035 1937 me-

214 1949 317 1978 liorem
333 1959 433 1979 verum
450 1951 600 1980 hominem
618 1953 786 1988 rcddunt,et
798 1953 847 1981 illa
859 1954 1034 1989 docendum,

215 1996 243 2022 et
259 1995 389 2031 seipsum
405 1996 540 2024 humanae
557 1997 743 2033 perfectionis
764 1998 912 2034 exemplar
935 2001 1035 2026 osten—

216 2039 357 2068 dendum.
375 2043 408 2069 Et
422 2041 463 2069 ita
480 2042 599 2077 quidem
620 2042 716 2070 omnis
731 2043 781 2079 qui
799 2043 868 2071 facit
883 2046 912 2071 et
927 2052 977 2078 per
989 2052 1036 2072 so-

215 2083 273 2112 lum
297 2086 496 2120 operationem
523 2087 616 2121 docet,
645 2087 756 2115 anteire
778 2087 936 2122 videretur,
953 2089 1038 2124 juxta

218 2129 295 2164 quod
316 2132 361 2157 est
375 2130 514 2163 divinius,
531 2131 615 2159 illum
641 2131 691 2168 qui
715 2131 784 2159 facit
807 2134 835 2159 et
860 2132 952 2166 docet,
978 2133 1037 2160 sive

217 2173 267 2208 qui
283 2176 421 2210 priscedit
436 2176 470 2203 ad
485 2184 582 2212 opera,
600 2176 705 2203 deinde
721 2177 884 2204 doctrinam
900 2177 972 2212 ipsis
986 2177 1036 2204 ad-

217 2218 271 2251 dit,
287 2222 315 2246 et
329 2220 439 2248 edoctis
455 2221 600 2255 adjicere:
618 2221 870 2253 Quemadmodum
888 2230 931 2249 me
959 2222 1037 2250 vide-

217 2262 256 2290 tis
272 2263 437 2296 facientem.
455 2265 495 2292 ita
511 2268 539 2292 et
553 2273 603 2293 vos
617 2265 711 2293 facite.
729 2267 824 2301 Atque
839 2265 880 2293 ita
907 2266 1036 2302 plerum-

1085 975 1144 1002 καθ’
1168 975 1198 1008 ἣν
1222 977 1308 1002 ποιῶν
1333 984 1373 1004 τις
1396 973 1491 1001 αὐτίκα
1517 974 1560 1001 καὶ
1596 971 1730 1000 παιδεύει
1755 970 1802 998 καὶ
1828 968 1914 996 συνετί-

1086 1021 1123 1053 ζει
1147 1019 1191 1046 καὶ
1226 1018 1352 1046 ἀποτελεῖ
1376 1028 1450 1049 τινας
1485 1017 1685 1053 ἐπιστήμονας,
1715 1013 1807 1052 μηδὲν
1834 1024 1859 1041 τι
1877 1011 1910 1040 ει-

1086 1062 1202 1097 δάσκων,
1233 1062 1295 1090 ἀλλ’
1323 1063 1433 1099 ἠρεμῶν
1458 1062 1491 1090 τὰ
1506 1062 1544 1093 εἷς
1569 1060 1725 1098 μεθοδικὴν
1743 1057 1909 1092 ἀκολουθίαν,

1087 1108 1220 1144 θειότερόν
1248 1107 1275 1134 τί
1305 1107 1370 1141 ἐστι,
1398 1107 1443 1134 καὶ
1476 1106 1507 1134 οὖ
1545 1107 1603 1134 κατ’
1639 1104 1795 1143 ἄνθρωπον
1823 1102 1910 1139 τέχνης

1086 1151 1228 1188 εῗδήμονα,
1266 1152 1311 1179 καὶ
1350 1151 1498 1189 ἀρχέγονον
1535 1151 1580 1178 καὶ
1617 1145 1908 1188 συγκαταὸεϐλημένον

1085 1199 1124 1233 τῷ
1139 1195 1234 1234 κόσμῳ
1263 1196 1288 1223 ἐν
1316 1197 1400 1234 ἀρχῇ,
1430 1196 1474 1223 καὶ
1504 1194 1548 1223 διὰ
1575 1197 1657 1223 τοῦτο
1689 1195 1847 1232 πρωτεῦον,
1873 1189 1909 1217 καὶ

1087 1241 1158 1269 οὕτω
1183 1242 1349 1278 τιμιώτατον
1366 1263 1372 1269 .
1401 1241 1534 1278 Ἀρχῆθεν
1565 1241 1613 1277 μὶν
1642 1239 1697 1276 γὰρ
1732 1239 1748 1265 ὁ
1780 1237 1845 1267 Θεὸς
1871 1245 1908 1262 πε·

1087 1286 1193 1322 οπίηκε,
1218 1286 1263 1313 καὶ
1293 1286 1378 1317 οὕτως
1404 1284 1542 1320 ἐδίδαξεν,
1572 1283 1711 1322 ἀγγέλους
1742 1281 1908 1320 προϋποπή-

1086 1342 1154 1368 σας,
1183 1331 1234 1368 γῆν
1263 1331 1409 1368 κεντρίσας,
1435 1330 1548 1368 οὐρανὸν
1577 1330 1756 1364 ὑποστήσας,
1787 1328 1845 1356 τοῖς
1871 1323 1908 1351 δια

1089 1375 1176 1412 μέσων
1209 1375 1364 1411 μεστώσας,
1391 1377 1450 1407 τοῖς
1470 1367 1595 1404 πολλοῖς
1623 1373 1669 1401 καὶ
1700 1370 1845 1400 ποικίλοις
1870 1367 1906 1395 mi

1087 1419 1296 1458 δυσθεωρήτοις·
1327 1419 1353 1454 ἐξ
1380 1419 1417 1446 ὧν
1444 1419 1637 1455 πεποιημένων
1673 1418 1752 1455 εἶχεν
1783 1414 1814 1442 ἂν
1843 1422 1907 1458 συνε-

1085 1456 1231 1499 τίζεσθαιὸ
1263 1464 1320 1500 μετ’
1349 1463 1415 1491 αὐτὰ
1442 1466 1494 1496 πᾶς
1522 1462 1678 1500 ἅνθρωπος,
1703 1461 1729 1489 εἴ
1758 1459 1804 1488 καὶ
1831 1456 1903 1494 μηδὲν

1086 1519 1112 1536 τι
1137 1507 1337 1539 διδασκαλικῶς
1375 1514 1454 1540 ποθεν
1494 1506 1682 1545 παρήγγελτο.
1715 1505 1794 1535 Ἐπεὶ
1829 1502 1856 1530 δὲ
1879 1501 1906 1528 τὰ

1087 1553 1220 1591 ἐγκόσμια
1248 1553 1329 1586 καλὰ,
1355 1552 1394 1590 ἐφ’
1419 1554 1460 1583 οἷς
1488 1552 1534 1579 καὶ
1562 1551 1597 1578 δι’
1621 1550 1656 1578 ὧν
1684 1551 1803 1578 αἱνεῖται
1830 1547 1903 1591 διὸς,

1089 1588 1137 1625 οὒκ
1166 1588 1260 1635 ἴσχυον
1290 1596 1357 1624 αὒτά
1376 1588 1488 1633 διδάξαι
1517 1596 1562 1623 τὸν
1593 1595 1752 1632 ἄνθρωπον,
1783 1588 1906 1635 ῥεμϐόμεξ

1088 1653 1153 1676 νον,
1180 1643 1253 1673 ὅπως
1278 1641 1308 1669 ἂν
1333 1641 1377 1669 καὶ
1401 1641 1493 1678 τύχοι,
1518 1641 1562 1668 καὶ
1590 1643 1638 1668 τοῦ
1653 1637 1842 1674 πεποιηκότός
1867 1633 1903 1662 καὶ

1087 1686 1158 1713 οὕτω
1175 1685 1350 1724 δεδιδαχότος
1379 1686 1416 1722 μή
1443 1685 1682 1724 ἐπιστρεφόμενον,
1704 1683 1753 1711 ’ἕνα
1767 1684 1803 1719 τῇ
1826 1681 1850 1711 ἐς
1866 1678 1905 1724 δυ’

1087 1731 1167 1758 νατὸν
1198 1730 1345 1767 ἐκμιμήσει
1374 1730 1441 1767 πρὸς
1476 1729 1576 1757 ἐκεῖνον
1604 1729 1802 1766 ἐξεικονίζηται
1820 1734 1826 1741 ·
1854 1723 1904 1772 τάτξ

1089 1774 1122 1809 δὴ
1136 1774 1274 1802 κατελθὼν
1301 1776 1314 1802 ὁ
1337 1775 1456 1809 ποιητὴς
1480 1773 1579 1806 ἄνωθεν
1607 1774 1645 1805 εἷς
1672 1775 1724 1811 γῆν
1755 1769 1843 1811 φειδοῖ
1865 1769 1904 1794 τθῧ

1088 1818 1260 1855 πλάσματος,
1284 1819 1328 1846 καὶ
1357 1819 1388 1846 τὸ
1418 1818 1538 1854 λαλητὸν
1565 1820 1632 1853 cam
1661 1816 1843 1853 ἐνδυσάμενος
1867 1811 1902 1839 έπῖ

1090 1863 1211 1901 σωτηρίᾳ
1239 1865 1286 1890 τοῦ
1314 1864 1372 1890 κατ’
1401 1863 1468 1891 αὐτὸ
1495 1863 1609 1901 γένους,
1639 1863 1736 1900 γέγονε
1764 1862 1813 1895 τῆς
1839 1857 1903 1901 exte-

1090 1907 1217 1943 θειμὲνης
1236 1907 1347 1944 πρώτης
1370 1906 1486 1942 ἐννοίας,
1509 1909 1557 1934 τοῦ
1580 1907 1625 1933 καὶ
1649 1909 1767 1940 ποιῆσαι
1792 1901 1853 1931 αὐτὸ
1877 1899 1902 1926 τά

1092 1950 1251 1989 βελτιοῦντα
1277 1952 1323 1979 τὸν
1354 1949 1436 1982 ὅντως
1462 1950 1603 1987 ἄνθρωπον
1620 1973 1628 1984 ,
1655 1950 1701 1978 καὶ
1743 1949 1786 1977 ἐπ’
1823 1946 1902 1974 αὐτοῖς

1090 2001 1134 2023 καί
1162 1994 1290 2032 διδάξαι,
1315 1997 1358 2023 καὶ
1398 1994 1569 2033 παράδειγμα
1606 1994 1699 2022 ἑαυτὸν
1743 1993 1832 2021 θέσθαι
1862 1991 1902 2033 τῆς

1090 2041 1148 2068 κατ’
1178 2040 1318 2078 ἄνθρωπον
1346 2039 1528 2075 τελειότητος.
1559 2039 1611 2067 Καὶ
1636 2039 1707 2066 οὕτω
1735 2038 1783 2076 μὲν
1805 2036 1867 2064 ἅπας
1889 2031 1900 2058 δ

1090 2087 1187 2120 ποιῶν,
1209 2085 1254 2112 καὶ
1281 2083 1326 2112 διὰ
1350 2085 1434 2121 μόνου
1457 2086 1505 2112 τοῦ
1527 2087 1613 2112 ποιεῖν
1640 2082 1795 2117 διδάσκων,
1820 2086 1902 2115 προτε-

1092 2129 1177 2167 ρεύειν
1192 2129 1260 2157 κατὰ
1274 2129 1304 2156 τὸ
1329 2129 1462 2167 θειότερον
1490 2126 1562 2164 δόξαι
1579 2128 1608 2155 ἃν
1632 2131 1679 2155 τοῦ
1703 2128 1749 2155 καὶ
1770 2125 1900 2154 ποιοῦντος

1091 2173 1136 2201 καὶ
1162 2172 1347 2209 διδάσκοντος,
1372 2172 1420 2201 ei'z‘
1446 2172 1491 2201 οὖν
1512 2173 1677 2211 προάγοντος
1699 2172 1738 2204 εἷς
1763 2169 1834 2210 ἔργα,
1855 2167 1899 2194 εἶτα

1091 2218 1181 2246 καὶτὸ
1209 2217 1382 2246 διδασκάλων
1411 2218 1503 2249 αὐτοῖς
1532 2218 1692 2256 ἐπάγοντος,
1716 2217 1762 2244 καὶ
1778 2212 1895 2249 ἐπιλέγειν

1090 2266 1150 2294 τοῖς
1179 2262 1402 2300 διδασκομένοις,
1429 2262 1471 2290 δτι
1500 2263 1573 2295 Καθᾶ
1600 2262 1648 2299 έμέ
1676 2264 1807 2290 ποιοῦντα
1835 2255 1894 2296 βλέ-

217 2316 273 2343 que
289 2311 390 2336 aratur
405 2311 434 2336 et
449 2309 613 2337 seminatur
629 2310 776 2338 fructuosa
793 2313 897 2338 nostrze
920 2319 1033 2339 conver-

1091 2317 1163 2341 πετε,
1191 2307 1261 2334 οὕτω
1287 2307 1331 2335 καὶ
1356 2308 1434 2344 ὑμεῖς
1455 2310 1577 2335 ποιεῖτε.
1604 2307 1657 2335 Καὶ
1685 2306 1775 2334 τοίνυν
1804 2304 1894 2331 ὡσεπι·

216 2352 340 2381 sationis
356 2362 423 2389 ager
440 2362 491 2390 per
514 2354 706 2382 oeconomiam
734 2357 796 2382 tum
822 2355 954 2383 facientis
975 2357 1039 2383 tum

217 2396 359 2425 docentis.

251 2541 277 2568 3.
292 2541 337 2568 Sic
348 2544 445 2570 autem
476 2543 606 2572 stabilito
637 2545 753 2573 duabus
780 2545 932 2573 sententiis
960 2546 1037 2574 isto:

218 2596 233 2611 «
247 2585 353 2614 Beatus
365 2589 412 2622 qui
426 2588 492 2615 fecit
510 2591 538 2615 et
559 2589 667 2624 docuit,
679 2602 690 2616 υ
706 2589 818 2626 aliquid
835 2590 929 2626 magis
944 2593 1038 2618 extra-

217 2639 304 2659 neum
333 2633 523 2668 prazseeundo
541 2635 841 2670 superanimadverto.
854 2635 949 2662 Potest
960 2635 1038 2662 enim

214 2675 326 2712 aliquid
344 2677 410 2704 boni
424 2677 483 2705 fieri
498 2677 534 2705 ab
546 2678 674 2712 homine,
687 2678 756 2714 quin
769 2678 859 2706 ullam
874 2679 974 2707 statim
988 2679 1035 2706 ha-

215 2721 283 2748 beat
294 2721 470 2757 doctrinam,
485 2723 525 2751 ita
538 2726 569 2751 ut
578 2732 628 2759 per
639 2723 710 2751 illud
724 2724 842 2759 quidem
860 2724 1038 2752 ascendatur

217 2766 252 2792 ad
269 2773 303 2792 ea
317 2773 380 2801 quas
394 2770 464 2795 sunt
477 2769 544 2796 ante
559 2767 675 2800 secula,
697 2768 733 2795 ad
757 2776 855 2795 veram
881 2767 1037 2796 beatitudi-

217 2817 295 2843 nem,
311 2812 346 2839 ad
364 2812 531 2840 felicitatem
548 2811 726 2840 immortalis
742 2812 811 2846 Dei;
827 2812 974 2849 siquidem
988 2811 1038 2840 ills

217 2853 321 2884 beauts
332 2860 360 2886 et
373 2858 550 2887 immortalis
574 2865 664 2893 supra
679 2865 743 2893 quas
759 2857 843 2886 nobis
859 2865 892 2885 eo
916 2856 1039 2886 veniunt

1095 2351 1168 2380 πολὺ
1197 2353 1307 2391 ἀροῦται
1334 2352 1378 2380 καὶ
1407 2353 1541 2390 σπείρεται
1573 2352 1611 2384 εἴς
1638 2351 1800 2391 τελεσφόρον
1822 2349 1837 2383 ἡ
1857 2344 1895 2373 τοῖ’

1094 2398 1154 2438 καθ’
1182 2399 1256 2434 ἡμᾶς
1286 2397 1345 2435 βίου
1375 2397 1476 2436 ἄρουρα
1493 2420 1500 2432 ,
1530 2397 1602 2425 οὕτω
1631 2396 1741 2434 συζυγίᾳ
1771 2395 1893 2442 διοικρνκυί·

1097 2441 1235 2479 μουμένου
1266 2443 1302 2479 τῇ
1317 2441 1346 2470 ἔκ
1365 2452 1394 2470 τε
1412 2444 1461 2470 τοῦ
1475 2444 1629 2477 ποιοῦντος,
1657 2441 1687 2470 ἒκ
1713 2452 1743 2469 τε
1765 2441 1811 2468 τοῦ
1833 2435 1896 2464 διδά-

1094 2497 1214 2518 σκοντος.

1129 2543 1163 2578 γ’.
1186 2539 1265 2569 Οὕτω
1303 2539 1331 2568 δὲ
1361 2541 1560 2578 καθεσταμένου
1590 2539 1664 2568 δυσὶν
1698 2539 1810 2569 ἐννοίαις
1835 2534 1893 2562 τοῦ¹

1097 2585 1267 2623 «Μακάριος.
1293 2587 1307 2612 ὁ
1333 2587 1451 2621 ποιήσας
1479 2586 1524 2613 καί
1560 2583 1679 2620 διδάξας.
1723 2597 1738 2610 n
1771 2588 1892 2621 προσεπι-

1095 2631 1190 2668 θεωρῶ
1227 2632 1267 2666 τῷ
1305 2628 1422 2668 δευτέρῳ
1451 2629 1496 2658 καί
1521 2641 1547 2657 τι
1573 2628 1805 2668 παραδοξότερον.
1831 2625 1893 2674 TE?“

1093 2674 1143 2713 γὰρ
1171 2674 1307 2702 ποιεῖσθαί
1331 2685 1357 2702 τι
1384 2675 1483 2713 ἀγαθὸν
1513 2675 1582 2713 πρὸς
1611 2674 1774 2712 ἀνθρώπου,
1798 2670 1837 2700 καὶ
1859 2670 1891 2693 δι’

1094 2719 1240 2748 δασκαλίαν
1270 2721 1306 2757 μὴ
1333 2719 1406 2759 ἔχειν
1436 2720 1511 2752 εὐθὺς
1540 2722 1699 2756 ἡντιναοῦν,
1726 2719 1769 2748 καὶ
1798 2713 1892 2751 ἀναδρα-

1095 2769 1155 2803 μεῖν
1173 2766 1220 2803 μὶν
1246 2766 1283 2798 εἷς
1308 2766 1342 2794 τὰ
1364 2767 1417 2803 πρὸ
1440 2765 1558 2801 αἰώνων,
1585 2765 1623 2797 εἷς
1646 2766 1696 2800 τὴν
1717 2763 1800 2797 ὅντως
1821 2767 1888 2803 μακῖ’

1094 2802 1216 2848 ριότητα,
1243 2811 1293 2846 τὴν
1316 2802 1390 2838 κατᾶν
1406 2811 1451 2838 τὸν
1475 2809 1608 2843 ἀθάνατον
1634 2810 1708 2838 Θεόν·
1737 2810 1789 2848 εἴγε
1812 2802 1888 2834 ταυτὸν

1095 2855 1225 2894 μακάριον
1255 2855 1339 2884 eis:er
1368 2857 1413 2885 καὶ
1441 2855 1572 2889 ἀθάνατον
1600 2855 1722 2895 ἀτεχνῶς
1749 2855 1815 2884 ἐστιν
1837 2849 1889 2884 ὑπὲρ
