1992 3158
102 207 158 237 637

615 208 655 238 IN
677 209 710 238 S.
735 207 1078 244 QUADRAGESIMAM
1101 208 1249 238 ORATIO
1271 208 1323 237 Ill.

1747 205 1808 236 638

101 272 133 300 τὰ
155 273 216 299 καθ’
242 273 326 309 ἡμᾶς.
353 271 499 310 Εἶργάζετο
530 273 576 309 μὶν
604 273 655 311 γὰρ
692 273 730 301 ἀεὶ
768 274 874 304 πάντως
909 273 921 300 ὁ

981 274 1123 301 dicendus
1136 276 1190 302 est.
1208 273 1390 309 Operabatur
1403 273 1481 301 enim
1506 280 1626 309 prorsus
1641 272 1677 299 ab
1699 273 1806 299 interno

98 318 150 354 πρὸ
179 316 228 344 τοῦ
258 317 364 354 κόσμου
395 318 461 348 Θεὸς
490 318 525 345 τὰ
553 318 659 353 ἑαυτοῦ,
687 319 716 349 ὃς
735 318 847 350 καὶὲως
865 317 924 356 ἄρτι

99 360 253 399 ίργάζεται”
280 362 331 388 οὐκ
357 363 416 400 εἶχε
431 360 460 389 δέ
489 372 549 389 τινα
575 363 620 390 τὸν
638 360 843 398 διδασκόμενον,
862 360 927 390 ἀλλ’

97 407 129 440 ἧν
160 405 242 437 αὐτὸς
271 405 436 444 αὐτόχρημα
464 405 563 437 ἐντοῖς
589 407 680 435 αὐτοῦ.
714 407 764 435 Καὶ
781 406 841 434 ἰδοὺ
856 417 923 443 προ-

96 451 211 482 ιιώνιός
226 462 268 483 τις
296 450 364 486 αὕτη
391 450 495 488 δρᾶσις,
522 451 560 488 μὴ
590 450 794 486 ἐκδιδοὶσκουσοι¹
817 452 851 486 ἧς
866 451 924 490 ἐφι-

94 494 189 522 κέσθαι
215 496 267 523 οὖκ
293 495 324 522 ’ἂν
351 493 458 523 δύναιτο
482 497 545 526 νοῦς
575 495 754 532 ἀνθρώπινος,
783 494 823 523 ὅτι
855 494 925 532 μηδὲ

95 539 182 577 ἂγγελ
189 541 256 571 ικός.

127 583 161 613 δ’.
177 583 339 620 Ἐνδείξεται
366 583 393 612 δέ
420 595 462 616 τις
490 583 567 622 ὅμως
595 584 678 620 αὐτὴν
704 585 773 622 πρὸς
798 583 923 622 ἀμυδρὰν

91 626 225 666 ἔμφασιν,
241 629 305 660 τοὺς
333 627 445 666 ὕστερον
477 629 600 666 μιμητὰς
628 631 677 656 τοῦ
696 629 821 657 τοιούτου
835 628 923 656 κοιλοῦ

91 672 214 708 ἆσκητὰς
230 672 477 711 διαχειρισάμενος’
494 672 521 700 οἳ
547 673 615 711 πρὸς
641 674 672 701 τὸ
689 672 799 700 δυνατὸν
817 674 922 710 ἀνθρώ-

91 727 156 748 ποις
173 718 272 754 ὅμοιον
301 717 508 754 ἐκτυπούμενοι,
536 718 579 745 καὶ
609 715 844 755 παραϐεϐυσμένοι
868 729 922 755 γω-

90 761 165 792 νίαις
180 764 388 799 πνευματικαῖς,
417 762 462 790 καὶ
492 761 659 796 σππηλαίοις
688 762 732 789 καὶ
763 762 843 793 ὀπαῖς
871 765 924 800 γῆς

92 805 390 845 ἐγκατακικρυμμὲνοι,
423 806 469 834 καὶ
498 806 588 843 μορίαι
616 810 674 838 τοῖς
702 805 790 845 ὅρεσιν
820 806 922 834 ἐνδιαι-

90 850 225 886 τώμενοι,
259 852 304 878 καὶ
340 850 411 878 οὕτω
440 853 580 882 ποιοῦντες
600 853 640 887 τῷ
666 852 834 889 προανάρχῳ
864 853 921 887 Θεῷ

93 894 173 932 φίλα,
202 893 297 923 οὖδὶνα
324 894 494 923 διδάσκουσιν
533 895 670 934 ἐμφανῶς,
702 895 725 923 εἰ
754 897 792 932 μή
819 895 870 933 ἄρα
895 896 921 932 ἐξ

95 938 185 966 αὐτῶν
215 939 270 977 οὐχ
298 940 413 967 ἑκόντων
446 940 542 978 ὀχετός
568 951 610 971 τις
636 940 758 978 ἐκτρέχει
774 941 811 972 ὡς
828 941 857 968 ἐκ
871 951 922 976 πη·
939 960 961 992 Β

90 987 142 1020 γῆς
174 984 341 1022 ἀπορρύτου,
372 984 390 1019 ἢ
414 984 458 1011 καὶ
475 983 596 1022 διαύγεια
620 984 753 1020 ἐκλάμπει
783 985 851 1012 καθὰ
878 985 922 1012 καὶ

97 1027 172 1058 ἀκτὶς
191 1027 217 1062 ἐξ
233 1027 329 1062 ἡλίου,
358 1029 372 1056 ὁ
390 1029 436 1065 μὶν
451 1027 571 1064 ἆρδεύων
601 1027 812 1063 διδασκαλικῶς,
835 1030 876 1060 οἷς
891 1029 922 1056 ἂν

97 1070 258 1109 ἐπιδράμοι,
288 1074 305 1107 ἡ
322 1072 350 1100 δὶ
379 1073 541 1112 φωτίζουσα,
569 1074 610 1104 οἷς
625 1073 656 1099 ’ὰν
673 1073 835 1110 ἐπιλάμψοι.
851 1077 922 1111 Προ-

94 1116 214 1148 τῖθενται
245 1118 293 1154 μὲν
320 1118 371 1156 γὰρ
396 1117 536 1150 λανθάνειν
556 1118 581 1145 οἳ
610 1118 678 1146 κατὰ
701 1119 764 1146 Θεὸν
790 1119 923 1155 ἀσκούμε-

94 1171 146 1195 νοι,
162 1161 209 1188 καὶ
242 1162 318 1198 αὐτῷ
347 1162 422 1198 μόνῳ
451 1162 572 1198 ἀρέσκειν
590 1162 767 1200 πειρώμενοι,
793 1162 836 1190 καὶ
852 1162 923 1190 οὕτω

93 1206 238 1242 ποιητικοὶ
262 1209 311 1234 τοῦ
335 1206 432 1235 καλοῦ·
449 1206 498 1234 οὐκ
524 1204 617 1245 ἔχουσι
636 1206 664 1234 δὶ
678 1207 841 1244 κρύπτεσθαι
856 1207 925 1235 καθὰ

93 1251 138 1278 καὶ
155 1250 258 1289 λύχνοι
290 1250 379 1288 μοδίῳ
410 1252 584 1288 σκεπόμενοι,
613 1251 677 1279 ἀλλ’
692 1251 861 1291 ἐκφαίνονται
876 1262 924 1279 πο-

95 1295 256 1334 λυτρόπως,
283 1298 351 1323 Θεοῦ
379 1295 618 1327 ἀνακαλύπτοντος
636 1306 642 1313 ·
669 1297 712 1324 ἰπὶ
744 1295 814 1333 μηδὲ
842 1296 925 1332 ἥλιος

95 1339 161 1376 ὑπὲρ
178 1343 233 1377 γῆς
250 1339 318 1366 θέων
334 1339 458 1378 ἀφανίσαι
475 1339 505 1366 ἂν
532 1340 635 1375 ἑαυτὸν,
663 1339 686 1367 εἴ
704 1340 741 1377 μὴ
773 1339 848 1377 μάλα
873 1351 923 1377 μυ-

95 1384 140 1421 ρία
155 1384 224 1423 νὶφη
247 1383 463 1422 ἐπιπροσθοῦντα
491 1384 656 1423 ὶπηλυγάζει
681 1385 713 1412 τὸ
737 1387 796 1412 κατ’
821 1385 922 1413 ἐκεῖνον

95 1431 162 1468 φῶς.

133 1474 162 1501 ε’.
179 1473 229 1501 Καὶ
247 1471 306 1500 ίδοὺ
320 1474 364 1501 καὶ
380 1475 461 1501 τοῦτο
476 1473 565 1511 τρίτον
594 1485 620 1501 τι
647 1475 717 1502 θεῖον
749 1473 922 1502 διδασκάλων

95 1518 122 1546 ἐν
147 1518 315 1555 ἀνθρώποις·
342 1518 521 1556 ὑπεξῃρήσθω
542 1519 592 1556 γὰρ
616 1519 648 1546 τὸ
678 1519 761 1546 αὐτοῦ
788 1519 924 1547 θειότατον

97 1563 267 1600 προαιώνιον
316 1562 479 1600 ἀρχέτυπον.
526 1564 690 1590 Ὑπονοεῖται
729 1562 757 1590 δέ
793 1574 819 1590 τι
856 1564 924 1601 πρὸς

95 1607 207 1638 τούτοις
238 1606 284 1634 καὶ
321 1607 459 1644 τέταρτον,
495 1607 630 1639 ἀντίθετον
659 1610 698 1644 τῷ
725 1610 833 1636 ποιοῦτι
864 1610 922 1646 μὲν,

982 326 1044 354 quae
1060 321 1194 353 spectant
1209 319 1242 345 ad
1256 318 1398 353 seipsum,
1415 319 1482 344 ante
1502 316 1644 344 mundum
1661 316 1804 343 exsistam

980 363 1068 395 Deus,
1085 362 1134 398 qui
1153 371 1245 398 usque
1259 370 1336 390 nunc
1351 362 1439 389 etiam
1455 364 1610 397 operatur;
1628 369 1684 388 non
1706 363 1803 388 autem

980 407 1104 434 habebat
1122 406 1247 441 aliquem
1266 407 1314 443 qui
1335 407 1498 440 doceretur,
1524 406 1574 433 sed
1600 405 1662 441 ipse
1679 404 1759 432 solus
1776 405 1803 431 in

972 448 1042 479 suis
1058 452 1276 487 operationibus
1292 453 1362 478 erat.
1394 451 1429 478 Et
1443 459 1508 478 ecce
1524 450 1584 477 haec
1600 452 1709 477 (eterna
1724 457 1804 485 quae-

979 496 1046 524 dam
1063 498 1107 523 est
1122 495 1251 531 operatio
1267 504 1324 523 non
1350 496 1469 528 docens,
1498 496 1533 522 ad
1551 503 1639 531 quam
1657 494 1803 529 attingen-

979 540 1045 568 dam
1062 549 1118 568 non
1136 541 1245 568 sufﬁcit
1261 549 1344 568 mens
1359 540 1500 574 humana,
1516 541 1575 567 imo
1592 547 1645 566 nec
1660 538 1803 574 angelica.

1014 585 1040 612 4.
1058 586 1194 612 Attamen
1211 584 1318 620 aliquis
1333 593 1396 612 eam
1415 585 1468 612 sub
1479 584 1605 612 obscura
1621 583 1804 610 demonstra-

978 629 1021 657 bit
1037 629 1174 664 imagine,
1190 629 1239 665 qui
1256 629 1425 664 bujusmodi
1442 628 1509 656 boni
1537 628 1684 663 posterius
1708 628 1804 654 imita-

978 675 1056 701 tores
1070 673 1272 701 manifestabit
1292 675 1422 701 ascatas:
1449 673 1498 708 qui
1519 674 1603 708 juxta
1619 671 1696 707 quod
1712 671 1803 698 homi-

977 718 1065 745 nibus
1085 718 1224 753 possibile
1249 721 1293 746 est
1321 717 1431 744 similes
1460 716 1600 753 expressi,
1629 716 1803 751 angulisque

978 762 1548 798 spiritualibusintromissi,etspeluncis
1565 763 1593 788 et
1609 760 1801 788 foraminibus

977 809 1060 834 terrae
1076 807 1251 840 absconditi,
1268 806 1450 842 solitariique
1467 814 1555 841 super
1572 805 1721 832 montibus
1737 813 1802 832 con-

977 854 1139 883 versantes,
1155 853 1183 878 et
1195 851 1236 878 ita
1252 859 1314 887 quea
1344 851 1401 878 Deo
1431 850 1590 878 immortali
1608 849 1712 886 placita
1733 851 1804 876 sunt

977 897 1097 931 agentes
1113 895 1260 923 neminem
1277 895 1430 923 manifeste
1458 895 1574 926 docent,
1605 894 1662 921 nisi
1679 902 1711 921 ex
1742 893 1802 921 illis

977 939 1076 967 invitis
1091 939 1198 976 aliquis
1229 943 1368 976 tanquam
1384 948 1418 967 ex
1442 939 1581 967 invisibili
1598 939 1675 966 fonte
1705 946 1802 966 erum-

978 987 1028 1020 pat
1038 985 1152 1019 ﬂuvius,
1169 984 1211 1012 vel
1227 984 1344 1012 claritas
1358 986 1497 1019 tanquam
1510 992 1525 1010 e
1540 983 1600 1011 sole
1616 983 1715 1010 radius
1728 983 1802 1010 emi-

978 1032 1033 1062 cet,
1050 1029 1098 1056 ille
1107 1029 1225 1065 quidem
1237 1037 1302 1056 cum
1311 1029 1479 1065 magisterio
1491 1030 1584 1056 fluens
1594 1028 1623 1054 in
1636 1036 1688 1054 suo
1698 1035 1801 1060 cursu,

978 1073 1035 1101 ista
1066 1082 1131 1101 vero
1160 1073 1332 1100 illuminans
1358 1081 1410 1100 suo
1440 1072 1605 1108 splendore.
1635 1072 1802 1107 Proponunt

978 1118 1055 1145 enim
1074 1117 1128 1146 sibi
1149 1117 1238 1146 latere
1253 1118 1415 1145 secundum
1436 1117 1527 1145 Deum
1555 1124 1620 1144 sese
1634 1118 1801 1144 exercentes

978 1164 1006 1189 et
1021 1162 1075 1198 ipsi
1092 1162 1147 1190 soli
1175 1162 1289 1198 placere
1319 1162 1479 1196 studentes,
1509 1164 1598 1197 atque
1626 1161 1666 1188 ita
1690 1160 1799 1188 bonum

978 1206 1139 1234 facientes:
1156 1215 1211 1234 non
1233 1209 1328 1234 autem
1344 1209 1468 1243 possunt
1495 1205 1634 1234 abscondi
1655 1205 1731 1233 sicut
1754 1204 1799 1232 lu-

979 1259 1071 1279 cerna;
1088 1251 1184 1279 modio
1200 1249 1352 1288 coopertaa,
1367 1252 1428 1285 sed,
1454 1250 1513 1278 Deo
1529 1250 1682 1284 revelante,
1706 1249 1800 1277 diver-

979 1295 1091 1323 simode
1116 1295 1280 1332 refulgent:
1298 1304 1365 1323 nam
1396 1303 1489 1331 neque
1517 1295 1559 1323 sol
1589 1303 1678 1330 super
1691 1296 1800 1321 terram

979 1341 1135 1368 ambulans
1145 1349 1209 1368 sese
1220 1343 1315 1376 potest
1329 1341 1518 1375 abscondere,
1534 1339 1590 1367 nisi
1607 1339 1700 1366 nubes
1715 1338 1801 1366 innu-

978 1393 1066 1413 merae
1081 1385 1259 1422 interpositae
1271 1385 1370 1414 lumen
1387 1385 1466 1413 illius
1480 1384 1587 1412 velent.

1013 1476 1040 1503 5.
1058 1476 1164 1504 Etecce
1174 1476 1292 1503 tertium
1306 1475 1513 1512 quiddivinum
1525 1474 1555 1502 in
1566 1474 1801 1502 bominibusma-

978 1521 1127 1557 gisterium
1142 1530 1148 1554 ;
1165 1521 1347 1548 subducatur
1361 1520 1438 1547 enim
1467 1519 1561 1555 ipsius
1583 1517 1801 1546 divinissimum

979 1567 1007 1592 et
1021 1567 1162 1592 aeternum
1179 1565 1379 1600 archetypum.
1389 1564 1560 1600 Concipitur
1570 1565 1667 1590 autem
1682 1562 1802 1597 insuper

979 1609 1057 1637 aliud
1074 1609 1151 1645 quod
1169 1612 1317 1644 quartum,
1347 1608 1514 1644 oppositum
1531 1607 1572 1634 illi
1601 1606 1652 1642 qui
1681 1605 1800 1641 quidem

96 1651 147 1679 ούκ
175 1651 336 1679 ἆκλαλοῦντι
366 1650 394 1679 δὲ
414 1650 624 1683 διδασκαλικῶς·
651 1653 711 1680 καθ’
736 1653 750 1680 ’ὀ
776 1651 856 1681 λαλεῖ
883 1665 921 1686 τις

981 1654 1058 1687 facit,
1071 1654 1120 1681 sed
1138 1662 1194 1681 non
1208 1652 1645 1689 magistraiiterloquiturjuxta
1657 1650 1735 1686 quod
1748 1649 1801 1677 ali-

93 1696 129 1723 τὰ
156 1696 257 1733 ἀγαθὰ,
286 1696 412 1734 πράττων
438 1695 513 1724 οὐδὲν
545 1698 681 1731 τοιοῦτον,
717 1696 789 1725 ἀλλὰ
822 1708 922 1735 παραι-

93 1743 149 1768 νῶν
178 1741 225 1777 μὲν
253 1742 287 1768 τὰ
313 1740 413 1777 λῲονα,
445 1743 486 1772 οἷς
516 1740 544 1769 δὲ
573 1742 654 1773 αὐτὸς
682 1743 803 1780 πράττει,
843 1743 922 1770 ἀσύν-

95 1794 200 1822 τροχος
229 1784 266 1812 ὣν
292 1785 334 1816 οἶς
359 1785 450 1814 λαλεῖ.
484 1786 532 1814 Καὶ
561 1784 641 1820 δῆλοι
669 1787 719 1821 τήν
735 1787 862 1822 τοιαύτην
880 1786 922 1814 δι-

98 1827 266 1863 δασκαλικὴν
295 1829 439 1866 παράθεσιν
471 1830 485 1856 ὁ
514 1828 652 1867 παραδοὺς
682 1830 808 1868 μέγιστος
825 1842 922 1868 μυστα-

96 1873 187 1910 γωγὸς
215 1873 266 1900 τό·
298 1885 313 1899 κ
343 1872 442 1908 Πάντα,
472 1873 520 1900 ὅσα
549 1872 579 1900 ἂν
610 1871 720 1901 εἷ’πωσιν
748 1874 812 1911 ὑμῖν
829 1875 856 1902 οὶ
882 1875 923 1902 ἱε-

97 1920 152 1955 ρεῖς
181 1921 282 1952 ποιεῖν,
310 1920 430 1945 ποιεῖτε·
461 1918 529 1946 κατὰ
558 1917 587 1945 δὲ
613 1919 646 1946 τὰ
674 1918 738 1957 ἔργα
766 1919 854 1947 αὐτῶν
882 1921 920 1957 μὴ

98 1972 214 1990 ποιιιτε.
232 1974 247 1988 1)

132 2008 166 2039 ς’.
197 2007 342 2046 Τεσοάρων
372 2008 417 2036 οὗν
447 2007 550 2035 τούτων
580 2007 772 2045 ἰκτεθειμὲνων
791 2010 859 2046 ἡμῖν
883 2012 922 2046 τῷ

95 2050 175 2086 τὲως,
204 2052 262 2083 tvo:
281 2052 328 2088 μὲν
359 2055 407 2080 τοῦ
434 2053 588 2090 καταμόνας
617 2055 704 2080 ποιεῖν
718 2053 753 2081 τὰ
778 2056 845 2091 πρὸς
860 2053 920 2092 ἀρε-

95 2098 158 2131 τήν,
188 2097 247 2129 ἑνὸς
276 2096 424 2135 βλέποντος
454 2098 490 2129 ὡς
519 2097 563 2125 καὶ
594 2096 766 2136 διδαχθῆναι·
795 2097 921 2135 δευτέρου

97 2140 125 2169 δὲ
151 2142 255 2179 τρόπον
285 2141 369 2169 ἄλλον
410 2142 588 2178 μονάζοντος,
617 2144 665 2170 τοῦ
696 2143 733 2179 μὴ
761 2145 848 2170 ποιεῖν
873 2143 920 2179 μὲν

97 2186 194 2224 ἀγαθὰ,
224 2185 360 2214 διδάσκειν
388 2185 417 2214 δὶ
445 2187 552 2224 ἑτέρους
581 2186 668 2214 αὐτά,⁸
700 2186 793 2224 τρίτου
817 2186 846 2214 δὲ
873 2190 921 2215 τοῦ

96 2233 188 2258 ποιεῖν
218 2231 267 2267 μὶν
293 2229 359 2269 ἔργα
398 2234 455 2268 Θεῷ
493 2231 649 2268 ἆρὶσκοντα,
687 2232 730 2259 καὶ
767 2232 838 2260 οὕτω
864 2235 922 2264 πῶς

95 2275 213 2313 ἁφώνως
240 2273 387 2308 διδάσκειν,
417 2275 554 2314 προφορὰν
585 2274 613 2303 δὲ
641 2277 679 2312 μὴ
696 2274 830 2304 ἐκδιδόναι
846 2275 921 2304 διδα-

95 2318 253 2355 σκαλικήν·
281 2320 326 2346 καὶ
363 2319 491 2357 τετάρτου
531 2320 576 2347 καὶ
610 2319 796 2360 ἐντελιστὲρου
821 2322 856 2349 τὰ
884 2321 922 2353 εἷς

95 2364 195 2402 ἀρετῆς
223 2363 394 2399 τελεωτάτην
425 2364 554 2401 μάθησιν,
582 2367 631 2393 τοῦ
658 2365 703 2393 καὶ
719 2365 925 2404 ἐργάζεσθαιτά

96 2407 204 2443 ὂὲοντα,
233 2409 277 2436 καὶ
304 2407 416 2446 γλώσσῃ
444 2409 571 2447 προάγειν
601 2409 757 2446 εὐμεθόδως
786 2412 923 2449 προθέσει,

94 2456 143 2482 τοῦ
158 2454 205 2481 καὶ
233 2452 327 2485 ἄλλως
354 2452 535 2491 ἐπαγαγέσθαι
562 2454 629 2492 πρὸς
655 2455 686 2482 τὸ
715 2455 848 2493 ἐνάρετον,
877 2456 923 2484 καὶ

95 2498 167 2526 οὕτω
191 2497 331 2533 πληθῦναι
358 2500 398 2534 τῷ
430 2500 489 2534 Θεῷ
516 2499 676 2537 θεράποντα,
701 2499 746 2527 καί
775 2499 922 2537 στρατολο-

93 2547 177 2582 γῆσαι
207 2543 276 2571 κατὰ
304 2541 441 2580 δαιμόνων
471 2543 568 2575 αὐτοὺς
597 2545 641 2582 ὑφ’
679 2545 766 2582 ἑαυτῷ
779 2546 922 2584 στρατηγῷ

92 2589 133 2624 (τὸ
163 2589 216 2626 γὰρ
246 2587 344 2616 λοιπὸν
369 2588 413 2616 καὶ
442 2588 566 2625 πέμπτον
594 2589 625 2617 τὸ
653 2591 722 2626 μήτε
736 2593 834 2624 ποιεῖν,
852 2592 922 2628 μήτε

92 2632 244 2668 διδάσκειν,
275 2634 464 2670 σκορακιπὲον
496 2633 524 2661 ἐκ
544 2636 598 2662 τῶν
623 2635 680 2662 κατ’
705 2635 855 2673 ἄνθρωπον,
880 2638 920 2672 τῷ

92 2679 172 2706 παντὶ
190 2677 219 2705 δὲ
248 2677 367 2714 μάλιστα
391 2677 420 2706 ἐκ
447 2681 502 2706 τῶν
518 2679 608 2707 θείων.
626 2678 714 2714 Δῆλον
737 2679 800 2717 γὰρ,
817 2680 858 2707 ὅτι
874 2681 919 2707 ού-

92 2721 146 2750 δενέ
175 2725 230 2750 τῶν
258 2722 390 2750 τοιούτων
420 2723 576 2760 ἥρμοσται,
606 2723 680 2752 ἀλλὰ
705 2723 784 2763 φύλῳ
796 2727 836 2761 τῷ
851 2726 918 2753 κατᾶ

91 2766 138 2796 τὸν
164 2766 284 2805 δαίμονα
309 2767 454 2804 ᾤκιίωται.
477 2769 658 2808 Διαγραπτὲον
675 2768 704 2797 δὲ
719 2768 811 2802 ἄλλως
826 2770 869 2797 καὶ
885 2770 917 2798 τὸ

131 2877 154 2895 ¹⁸
170 2876 275 2906 Matth.
289 2885 372 2914 nm,
386 2878 414 2906 3.

978 1699 1044 1735 quis
1060 1698 1188 1734 loquitur
1203 1698 1289 1730 bona.
1306 1697 1378 1725 nihil
1410 1697 1519 1724 faciens
1548 1697 1605 1724 tale
1623 1696 1681 1723 imo
1697 1695 1802 1723 exhor-

977 1746 1044 1771 tans
1061 1743 1181 1779 quidem
1197 1743 1231 1770 ad
1250 1742 1380 1776 meliora,
1399 1741 1456 1769 illis
1472 1743 1570 1769 autem
1593 1749 1656 1778 quas
1680 1740 1743 1776 ipse
1764 1739 1804 1766 fa-

977 1788 1026 1822 cit,
1043 1788 1207 1816 contrarius
1222 1787 1269 1815 his
1299 1796 1362 1823 quae
1383 1786 1523 1822 loquitur.
1554 1786 1633 1814 Hanc
1663 1784 1801 1812 doctrinas

977 1833 1166 1861 traditionem
1182 1832 1350 1860 manifestat
1366 1831 1512 1860 maximus
1541 1830 1588 1858 ille
1614 1832 1801 1866 mystagogus

978 1877 1028 1914 qui
1039 1878 1129 1906 dixit:
1147 1878 1251 1905 Omnia
1268 1886 1331 1913 quze
1347 1877 1474 1905 dixerint
1484 1876 1564 1904 vobis
1576 1875 1742 1903 sacerdotes
1758 1874 1804 1901 fa-

977 1931 1052 1958 cere,
1068 1922 1172 1956 facite;
1190 1922 1353 1950 secundum
1380 1924 1478 1949 autem
1495 1921 1612 1949 illorum
1641 1927 1739 1956 opera,
1756 1927 1815 1946 no-~

976 1967 1027 1995 lite
1041 1968 1144 1995 facere.
1158 1967 1190 1994 ¹⁸.
1210 1978 1223 1991 ››

1011 2012 1038 2039 6.
1055 2012 1076 2039 E
1091 2013 1219 2048 quatuor
1233 2011 1324 2047 igitur
1339 2019 1356 2038 a
1370 2011 1455 2038 nobis
1483 2010 1637 2045 hucusque
1653 2008 1802 2045 expostiis,

976 2064 1034 2084 uno
1051 2057 1183 2092 quidem,
1211 2057 1288 2092 quod
1319 2055 1454 2091 privatim
1470 2063 1503 2083 ea
1519 2063 1583 2090 quae
1602 2056 1672 2081 sunt
1688 2053 1802 2080 virtutis

977 2103 1111 2136 agantur,
1139 2109 1196 2128 uno
1210 2100 1325 2127 vidente
1354 2102 1386 2127 ut
1400 2100 1487 2127 etiam
1502 2099 1658 2131 doceatur;
1674 2096 1802 2125 secundo

976 2153 1055 2180 vero,
1072 2153 1123 2180 per
1137 2144 1228 2172 alium
1245 2144 1364 2171 modum
1381 2143 1538 2179 separatim
1555 2143 1699 2178 agentem,
1724 2139 1802 2176 quod

977 2189 1096 2225 quidem
1109 2197 1166 2216 non
1183 2191 1308 2224 agantur
1323 2189 1408 2219 bona,
1426 2187 1475 2215 sed
1493 2187 1543 2214 illa
1558 2186 1653 2214 caeteri
1675 2186 1802 2212 docean-

976 2237 1026 2262 tur
1038 2247 1045 2267 ;
1056 2234 1142 2262 tertio
1155 2238 1265 2266 autem,
1283 2233 1360 2269 quod
1377 2235 1504 2268 agantur
1519 2231 1637 2268 quidem
1649 2238 1736 2266 opera
1744 2229 1802 2257 Deo

978 2279 1132 2316 placentia,
1147 2281 1175 2306 et
1191 2278 1232 2306 sic
1247 2277 1345 2313 aliquo
1376 2277 1461 2305 modo
1481 2276 1544 2305 sine
1573 2284 1642 2303 voce
1671 2274 1804 2302 doctrina

939 2331 962 2364 Ι)
979 2324 1122 2356 tradatur,
1139 2324 1189 2351 sed
1207 2331 1263 2350 non
1279 2320 1330 2350 ﬁat
1358 2323 1601 2350 documentorum
1617 2318 1802 2364 enuntiatio;

979 2371 1084 2405 quarto
1100 2376 1166 2396 vero
1182 2370 1210 2396 et
1225 2368 1260 2395 ad
1278 2367 1522 2403 perfectissimam
1538 2365 1656 2393 virtutis
1672 2362 1803 2399 discipli-

979 2421 1048 2441 nam
1064 2413 1246 2449 perfectiora,
1264 2412 1340 2448 quod
1361 2411 1459 2439 debita
1487 2412 1621 2446 agantur,
1652 2411 1680 2437 et
1704 2408 1805 2444 lingua

978 2466 1013 2486 ex
1027 2457 1176 2494 proposito
1191 2458 1373 2493 exponentur
1389 2455 1519 2491 agenda;
1535 2454 1613 2490 quod
1625 2453 1802 2489 ceteroquin

977 2503 1012 2530 ad
1028 2502 1165 2530 virtutem
1190 2501 1239 2529 alii
1255 2501 1419 2535 trahantur,
1451 2501 1479 2528 et
1501 2499 1542 2527 sic
1570 2498 1804 2535 multiplicantur

977 2547 1027 2575 Dei
1043 2546 1128 2581 servi,
1142 2548 1170 2574 et
1184 2555 1202 2574 a
1216 2546 1349 2579 docente,
1365 2547 1505 2581 tanquam
1520 2545 1603 2578 duce,
1621 2546 1722 2572 contra
1745 2543 1802 2570 da!-

975 2601 1077 2620 mones
1092 2591 1293 2619 inscribuntur
1308 2589 1416 2618 milites
1427 2590 1492 2626 (hoc
1506 2589 1652 2625 reliquum
1669 2591 1699 2617 et
1715 2588 1803 2624 quin-

975 2638 1056 2665 tum:
1074 2644 1168 2672 neque
1185 2636 1287 2670 facere,
1319 2643 1413 2671 neque
1441 2635 1556 2668 docere,
1585 2632 1800 2662 contumeliose

974 2682 1166 2717 rejiciendum
1183 2683 1228 2708 est
1241 2688 1256 2708 θ
1274 2680 1361 2708 rebus
1378 2680 1526 2714 bumanis,
1544 2679 1669 2707 maxime
1695 2685 1761 2705 vero
1788 2685 1802 2704 ο

973 2726 1090 2755 divinis.
1108 2725 1230 2753 Evidens
1247 2728 1292 2753 est
1306 2725 1383 2753 enim
1397 2725 1473 2761 quod
1502 2725 1618 2752 illorum
1636 2722 1708 2751 nulli
1724 2729 1804 2749 com-

971 2772 1058 2808 petit,
1073 2772 1124 2800 sed
1142 2770 1223 2807 genti
1239 2779 1302 2807 quae
1319 2770 1483 2798 secundum
1499 2770 1661 2798 daemonem
1676 2769 1730 2800 est,
1747 2774 1799 2803 ap-
