2030 3167
165 177 223 206 661

653 172 706 209 ἸΝ
729 177 761 209 S.
785 175 1124 213 QUADRAGESIMAM
1148 175 1293 208 ORATIO
1316 177 1369 208 III.

1807 188 1868 218 642

163 240 324 275 ἀδιδάκτως
349 241 531 288 ἁλογίζεσθαι,
558 241 688 280 κύμϐαλα
719 244 737 278 ἢ
764 241 890 288 κώδωνες
906 241 923 276 ἢ
939 240 968 268 αὖ

1041 242 1244 278 imprudenter
1256 251 1352 280 agere,
1373 253 1439 273 cum
1456 246 1514 275 sint
1539 247 1595 284 ipsi
1620 251 1794 288 cymbalum,
1812 257 1864 283 aut

162 285 207 314 λοὶ
235 287 311 315 αὐτοὶ
341 286 425 323 ὄντες,
455 288 491 315 ὧν
517 287 629 316 ἕκαστον
654 288 746 327 φωνήν
765 293 812 324 μὲν
828 287 922 326 ἀφίησι
938 285 984 314 καί

161 342 214 359 που
242 333 286 360 καὶ
315 333 383 371 πρὸς
406 333 518 368 ἡδονὴν,
548 334 580 360 οὐ
607 333 712 368 συνίησι
742 331 819 365 δὲ,τί
849 342 914 359 ποτε
937 331 982 358 καὶ

163 377 214 414 βοᾷ
228 393 262 398 νη
277 378 303 404 οἱ
329 377 448 406 τοιοῦτοι
471 377 573 416 ἔρημον
601 378 647 414 μὲν
664 377 681 412 ἢ
708 377 825 413 ἑτεροῖόν
844 387 902 404 τινα
930 387 981 404 πα-

160 419 293 459 ράϐυστον
308 422 392 450 τόπον
421 422 471 450 οὐκ
499 423 529 450 ἂν
559 422 760 458 ἐπιζητήσαιεν.
786 424 845 452 Πῶς
869 423 920 459 γὰρ
947 421 979 448 ’ἀν

160 467 185 493 οἱ
209 468 243 502 τῇ
271 466 382 504 γλώσσῃ
408 467 597 504 πανηγυρίζειν
615 467 789 503 προθέμενοι,
813 466 857 494 καὶ
884 467 980 504 ἁγορα-

161 512 250 544 ζοντες
274 510 317 538 ἐπὶ
342 512 488 547 ἀσπασμῷ,
518 511 562 538 καὶ
591 511 621 538 τὸ
649 511 789 543 καλεῖσθαι
811 508 903 538 Ῥαϐϐὶ
928 511 980 549 πρὸ

158 554 258 586 παντὸς
281 552 362 592 ἔργου
384 556 577 592 ποιησάμενοι,
596 556 641 582 καὶ
666 555 697 583 τὸ
725 556 771 592 μὲν
798 556 855 583 κατ’
881 557 978 594 ἀρετὴν

159 600 304 636 πρακτικὸν
325 600 520 636 συστείλαντες,
538 600 620 637 μόνον
638 599 667 628 δὲ.
680 600 711 627 τὸ
728 599 847 635 λαλητὸν
873 600 980 638 θεατρί-

160 645 249 677 ζοντες
262 653 268 678 ;

194 698 225 729 θ’.
243 698 291 725 Καὶ
319 697 395 734 ὅμως
422 697 479 725 οὐδ’
508 698 585 726 αὐτοὶ
611 697 714 726 τέλειον
737 698 903 725 ἐπισπῶνται
928 698 979 735 ψύ-

157 752 217 778 γον,
234 743 277 769 οἷα
301 743 332 769 τὸ
353 741 448 777 καλὸν,
479 743 504 770 οἱ
529 743 574 770 καὶ
604 744 641 779 μὴ
667 742 842 779 ἡμισεύουσιν
858 740 977 779 ἀκριϐῶς

157 785 220 814 ἀλλ’
250 786 287 817 εἰς
317 785 413 824 μερίδα
439 789 503 824 γοῦν
525 797 585 814 τινα
600 786 825 824 ἐγκολποῦμενον
842 786 886 814 καὶ
904 787 977 814 εἴποι

155 841 197 862 τις
222 830 251 857 ἃν
281 829 385 866 δεξιῶς,
411 831 499 870 φέρειν
530 831 627 862 αὐτοὺς
644 831 674 859 οὐ
698 830 801 868 φαῦλον
819 829 977 869 γλωσσόκο-

157 885 218 911 μον,
250 875 376 903 ὑπόκινον
392 875 421 903 δὲ
449 877 555 908 πάντως
583 876 685 913 ἀγαθοῦ
713 877 858 914 κέρματος.
874 878 911 904 Τὸ
925 877 975 915 γὰρ

1038 286 1269 315 tintinnabulum
1278 291 1327 316 aut
1337 289 1424 321 tibia,
1439 299 1561 326 quorum
1571 286 1801 333 unumquodque
1816 307 1863 328 so-

1039 339 1109 358 num
1127 332 1245 368 quidem
1261 333 1369 361 emittit
1383 337 1412 362 et
1428 335 1558 364 forsitam
1572 339 1606 365 ad
1632 332 1862 378 jucunditatem,

1039 377 1087 404 sed
1106 386 1162 404 non
1179 378 1326 414 intelligit,
1344 381 1412 415 quid
1431 389 1560 417 unquam
1576 384 1684 418 reboet,
1701 387 1772 416 tales
1801 377 1862 418 ere;

1038 429 1118 448 mum
1129 423 1171 449 vel
1182 422 1272 450 alium
1284 427 1428 452 secretum
1437 426 1531 454 locum
1543 436 1599 456 non
1609 430 1864 466 quasierintﬂuo-

1038 466 1124 493 modo
1139 466 1217 494 enim
1233 467 1275 494 sic
1291 471 1472 505 δέξει-θοι,ᾳηὶ
1485 470 1585 507 lingua
1600 473 1710 509 fulgere
1725 481 1857 514 cupiunt,

1038 511 1191 547 torumque
1204 512 1388 548 frequentant
1404 517 1434 542 ut
1450 516 1624 551 salutentur,
1636 523 1662 546 et
1672 511 1860 556 superromne

1036 563 1110 591 opus
1123 557 1218 584 vocari
1234 558 1325 585 Rabbi
1342 561 1491 596 satagunt,
1508 565 1536 589 et
1556 562 1585 591 in
1611 564 1735 593 obscuro
1761 567 1857 595 minu-

1036 602 1096 627 tam
1119 600 1235 629 virtutis
1259 603 1494 632 exercitationem
1521 607 1676 641 reducunt,
1706 611 1858 648 solamque

1034 644 1178 680 loquelam
1192 646 1219 673 in
1237 648 1437 682 spectaculum
1454 651 1600 679 tradunt?

1069 696 1095 724 9.
1109 697 1142 724 Et
1156 701 1253 726 tamen
1271 698 1326 734 ipsi
1344 708 1400 728 non
1415 702 1471 728 sibi
1500 704 1676 739 completam
1706 708 1858 736 attrahunt

1033 741 1288 778 vituperationem,
1303 753 1359 772 non
1368 753 1452 773 secus
1463 755 1495 774 ac
1511 747 1783 786 bonum,siquidem
1800 762 1857 781 non

1033 789 1168 813 accurate
1183 787 1255 814 forte
1271 788 1437 823 dimidiant,
1455 791 1504 818 sed
1534 795 1610 820 certe
1639 794 1666 821 in
1696 797 1856 830 quamdam

1033 830 1159 858 mediam
1176 834 1287 866 partem
1303 833 1499 869 involvuntur,
1517 839 1545 863 et
1560 837 1665 874 aliquis
1682 848 1738 867 non
1760 841 1857 875 inepte

1031 874 1141 902 diceret
1154 875 1234 911 ipsos
1248 877 1321 904 ferre
1337 886 1390 905 nos
1400 879 1485 906 vilem
1500 882 1719 917 capsulam,sed
1736 874 1857 921 prorsus

157 920 182 947 ἐν
213 921 292 958 ἀρετῇ
317 920 476 959 κεφάλαιον,
503 921 553 955 τὴν
587 920 736 948 ἐπαινετέαν
752 923 858 958 πρᾶξιν,
877 922 968 949 ἁπονο

1034 919 1109 947 bono
1127 921 1250 948 numulo
1266 931 1398 951 vacuam.
1415 926 1494 956 Quod
1512 927 1590 954 enim
1614 928 1643 956 in
1660 919 1765 958 virtute
1781 940 1854 966 pra:-

155 965 293 1004 σφίσαντες
315 967 427 1000 ἑαυτῶν,
466 967 515 1000 ’τὴν
538 969 603 1003 γοῦν
636 966 757 1003 ἐνάρετον
786 965 883 994 λαλιὰν
914 977 975 1006 σφε-

287 996 291 997 ,
422 996 426 1000 ,
495 996 499 1000 .
545 996 550 1003 .
683 996 686 1003 .
936 997 941 1006 .

155 996 325 1047 τέρίζονται·
355 1011 400 1038 καὶ
430 1010 571 1048 φιλοῦνται
599 1011 644 1038 καὶ
673 1010 748 1038 αὐτοὶ
776 1012 825 1045 τῆς
852 1011 976 1049 ἐναρέτου

155 1055 328 1092 φωνασκίας,
361 1055 430 1082 καθὰ
454 1065 508 1082 που
536 1055 581 1082 καὶ
606 1057 660 1083 τῶν
690 1055 806 1091 ὀρνίθων
835 1056 894 1082 ὅσοι
918 1057 977 1083 κατ’

155 1097 296 1136 ἅνθρωποι
326 1098 419 1126 λαλεῖν
450 1099 666 1137 ὑποκορίζονται,
703 1099 747 1126 καὶ
773 1099 810 1130 εἷς
848 1102 974 1127 τοσοῦτον

155 1143 237 1178 μόνον
254 1143 480 1180 ἀνθρωπίζονται.
509 1143 557 1170 Καὶ
586 1142 681 1174 ἄλλως
705 1142 734 1171 δὲ
756 1144 844 1182 φάναι,
859 1144 890 1171 τὸ
906 1144 974 1181 γλυ-

152 1187 271 1214 κύτατον
286 1186 361 1214 αὐτοὶ
386 1187 449 1224 μέλι
476 1188 686 1224 μυσαττόμενοι,
714 1188 796 1225 οὗπερ
826 1189 840 1215 ὁ
860 1189 974 1226 γευόμε-

151 1245 196 1266 νος
225 1235 324 1266 ἐκεῖνος
353 1234 431 1270 οἶδεν,
462 1236 476 1263 ὃ
502 1236 528 1263 τί
555 1236 621 1263 ποτέ
649 1236 704 1264 ἐστι
731 1237 762 1264 τὸ
789 1239 837 1263 τοῦ
863 1236 973 1272 μέλιτος

150 1276 241 1316 ἔργον,
272 1279 336 1307 ἀλλ’
360 1279 405 1307 οὖν
433 1280 478 1307 καί
508 1280 672 1316 ὀνομάζουσι
689 1280 763 1316 μέλι.
787 1281 830 1308 καὶ
846 1282 974 1319 φυσιολο-

150 1326 243 1361 γοῦσιν
261 1324 335 1358 αὐτὸ,
359 1324 404 1351 καὶ
435 1323 565 1351 ἐντιθέασι
593 1335 691 1362 γνωσιν
721 1324 802 1352 αὐτοῦ
816 1328 875 1356 τοῖς
889 1326 972 1362 ἀκρο-

151 1368 277 1405 ωμένοις,
301 1368 345 1396 καὶ
362 1367 506 1406 ἐπάγονται
537 1367 634 1399 αὐτοὺς
662 1369 748 1399 οὕτως
774 1368 834 1406 ἐρᾷν
850 1372 899 1396 τοῦ
924 1370 971 1406 μέ-

151 1411 236 1447 λιτος,
265 1413 310 1440 καὶ
336 1413 416 1440 τοῦτό
445 1423 475 1449 γε
504 1411 628 1440 δοκοῦσιν
652 1411 725 1450 ἔχειν
754 1424 780 1440 τι
793 1413 903 1442 ἐπαίνου
927 1415 971 1442 καὶ

150 1457 240 1484 αὐτοί’
273 1459 333 1489 σῦες
364 1457 422 1493 μὲν,
444 1457 458 1484 ὅ
487 1467 578 1496 φασιν,
608 1454 682 1488 ὅντες
709 1457 741 1484 τὰ
757 1457 783 1488 ἐς
799 1458 908 1496 ἀποχῆν
923 1461 971 1486 τοῦ

150 1501 391 1540 πραγματειώδους
422 1501 550 1538 μέλιτος,
583 1501 792 1539 ὑποκρινόμενοι
821 1501 849 1530 δὲ
878 1501 970 1535 ἄλλως

148 1546 179 1573 τὸ
195 1545 220 1573 ἐν
238 1545 392 1582 ἀνθρωποις
408 1545 560 1585 φιλόκαλον
577 1544 622 1573 διὰ
636 1547 686 1580 τὴν
704 1546 907 1584 χρηστολογζαν
923 1550 971 1575 τοῦ

1032 963 1151 999 oipuum
1168 967 1221 999 est,
1239 965 1415 995 laudabilem
1433 969 1577 998 actionem
1595 980 1611 998 a
1633 981 1663 1000 se
1692 963 1856 1009 rejicientes

1032 1009 1296 1037 commendabilem
1314 1015 1458 1047 usurpant
1472 1013 1636 1049 lequelam;
1653 1020 1681 1045 et
1702 1018 1757 1054 ipsi
1787 1024 1857 1048 sunt

1032 1055 1177 1080 amatores
1193 1055 1320 1090 pulchras
1331 1055 1499 1090 locutionis,
1517 1059 1591 1086 sicut
1607 1069 1640 1088 ex
1669 1063 1771 1092 avibus
1800 1065 1856 1093 illa

1031 1105 1094 1132 quae
1111 1099 1270 1127 secundum
1303 1100 1449 1129 hominem
1481 1102 1558 1139 loqui
1583 1105 1711 1134 molliter
1737 1109 1854 1144 callent,

1030 1144 1059 1169 et
1072 1141 1101 1169 in
1118 1142 1172 1170 hoc
1187 1143 1281 1171 solum
1300 1145 1433 1174 homines
1445 1146 1594 1182 simulant,
1608 1151 1641 1177 ad
1659 1151 1742 1180 aliter
1756 1141 1854 1184 autem

1029 1185 1222 1222 loquendum,
1251 1189 1457 1218 dulcissimum
1480 1192 1535 1227 ipsi
1566 1194 1622 1221 mel
1651 1196 1852 1235 abhorrentes,

1028 1231 1103 1275 quod
1122 1232 1170 1266 qui
1185 1234 1400 1270 gustavit,quid
1416 1235 1453 1263 sit
1466 1236 1523 1264 mel
1538 1237 1599 1273 ipse
1607 1240 1694 1275 novit,
1712 1231 1851 1272 attamem

1029 1274 1086 1302 mel
1103 1275 1265 1309 nominant,
1284 1280 1312 1305 et
1327 1278 1420 1314 ipsius
1435 1280 1581 1315 explicant
1595 1286 1739 1320 naturam,
1756 1290 1784 1314 et
1800 1297 1852 1316 no-

1027 1319 1137 1348 tionem
1154 1323 1218 1357 ejus
1233 1323 1416 1352 auditoribus
1433 1330 1591 1361 exponunt,
1609 1331 1636 1356 et
1652 1330 1693 1358 sic
1709 1331 1854 1362 inducunt

1027 1372 1077 1391 eos
1093 1365 1127 1392 ad
1145 1367 1202 1394 mel
1218 1369 1387 1401 amandum,
1406 1373 1434 1397 et
1448 1370 1478 1397 in
1496 1371 1547 1398 hoc
1564 1373 1667 1402 saltem
1694 1376 1749 1411 ipsi
1780 1386 1851 1413 quo-

1027 1417 1083 1444 que
1098 1409 1195 1438 laudis
1211 1412 1328 1448 aliquod
1348 1414 1451 1442 habere
1467 1415 1611 1445 videntur.
1623 1409 1755 1455 Sues,‘ut
1777 1409 1852 1451 dici-

1026 1455 1084 1486 tur,
1102 1462 1168 1482 cum
1185 1455 1244 1483 sint
1259 1458 1372 1492 operosi
1396 1458 1491 1486 mellis
1521 1460 1712 1496 abstinentes,
1739 1465 1854 1502 tingunt

1026 1497 1144 1526 aliunde
1159 1500 1233 1534 quod
1247 1500 1276 1527 in
1290 1501 1458 1529 hominibus
1474 1503 1550 1532 inest
1574 1505 1641 1533 hom
1673 1497 1850 1538 desiderium

1026 1549 1078 1576 per
1089 1551 1233 1571 ammnam
1249 1545 1285 1572 de
1300 1545 1441 1573 suavitate
1461 1546 1637 1577 locutionem
1652 1563 1658 1584 ς
1689 1551 1731 1579 vel
1761 1553 1850 1582 ictero

149 1590 344 1627 γλυκάζοντος⁶
374 1589 624 1628 ἢτυραννοῦμενοι
654 1591 701 1626 μὶν
731 1591 840 1628 ἱκτέρῳ,
870 1590 968 1623 εἷ’δὸτες

1028 1586 1188 1623 subjugati,
1206 1590 1368 1616 secundum
1384 1590 1533 1619 veritatem
1544 1593 1641 1621 vident
1652 1598 1680 1622 et
1690 1595 1851 1631 loquuntur

149 1634 177 1662 δὲ
205 1635 250 1662 καὶ
276 1633 454 1665 ἐκλαλοῦντες
484 1635 552 1672 πρὸς
581 1634 713 1669 ἀλήθειαν
742 1635 773 1662 τὸ
802 1635 876 1672 μέλι,
904 1635 970 1674 ὅπερ

147 1679 224 1706 αὐτοὶ
255 1678 418 1706 ἐκκλίνουσι¹
444 1679 488 1706 καὶ
507 1678 574 1717 ὀρθὰ
595 1678 641 1715 μὲν
658 1679 780 1717 προϊέναι
796 1679 846 1708 οὐκ
859 1677 969 1717 ἔχοντες

147 1722 210 1750 ἀλλ’
238 1722 287 1750 ὅσα
314 1723 359 1750 καὶ
387 1722 511 1760 καρκῖνοι
554 1720 748 1760 patec-5p.on
775 1723 968 1760 ἑρμηνεύοντες

145 1766 174 1794 δὲ
196 1767 245 1802 τὴν
277 1767 372 1805 ὀρθὴν,
400 1767 436 1798 ὡς
464 1766 522 1805 ἔχει
551 1767 665 1806 φύσεως⁸
690 1768 735 1794 καὶ
764 1767 802 1799 εἰς
832 1766 893 1805 ὄψιν
920 1769 968 1805 μὲν

144 1813 378 1849 κακοπραγοῦντες
406 1812 512 1848 μήποτε
527 1811 571 1838 καὶ
586 1811 623 1842 ὡς
640 1811 803 1850 ἀσφάλακες,
824 1812 967 1851 φιλοῦντες

145 1855 174 1884 δὲ
187 1856 264 1893 ὅμως
278 1858 308 1884 τὸ
324 1859 391 1896 φῶς,
407 1857 451 1885 xxi
476 1857 611 1895 ἐνάγοντες
625 1857 662 1888 εἷς
679 1856 753 1892 αὐτὸ,
769 1858 813 1884 καὶ
831 1856 875 1885 διὰ
884 1860 966 1889 τοῦτρ

144 1906 287 1940 προσοχῆς
302 1899 374 1933 ὄντες
389 1901 468 1937 ἄξιοι.

182 1956 207 1982 ι’.
224 1955 270 1982 Διὸ
284 1955 329 1982 καὶ
356 1956 370 1982 ὁ
387 1955 483 1992 Σωτὴρ
499 1956 591 1991 ἡμῶν,
608 1955 622 1982 ὁ
643 1955 688 1982 καὶ
716 1956 833 1990 ποιήσας
856 1955 966 1991 ἀληθῶς

138 1999 183 2026 καὶ
199 1997 306 2034 διδάξας
321 1997 450 2038 ἀκριϐῶς,
468 1999 512 2026 καὶ
543 1998 633 2035 εἶ’δὼς,
656 1999 724 2026 εἶναί
747 2010 807 2026 τινα
832 1999 964 2038 ὠφέλειαν

136 2043 183 2071 καῖ
212 2043 238 2071 ἰν
263 2046 296 2081 τῇ
324 2043 418 2074 ἁπλῶς
448 2044 533 2082 ἀγαθῇ
564 2042 737 2078 διδασκαλίᾳ,
755 2043 803 2070 κᾶν
821 2043 843 2070 εἰ
866 2044 908 2071 καὶ
935 2044 964 2072 ἐκ

138 2088 279 2125 στομάτων
310 2087 417 2126 ἀλόγων
447 2088 477 2122 ἦν
509 2087 591 2121 αὐτὴν
622 2087 814 2126 προφέρεσθαι,
844 2087 962 2126 παραδέ-

138 2131 217 2167 δωκε,
249 2131 320 2170 μηδὲ
348 2133 410 2163 τοὺς
440 2131 560 2171 φαύλους
573 2132 655 2168 ἱερείς
686 2132 960 2168 ἀποπροσποιεῖσϐαι,

137 2178 222 2214 ἁγαΟᾶ
246 2178 279 2204 τὰ
303 2176 370 2204 κατὰ
403 2177 467 2204 Θεὸν
501 2174 687 2206 διδάσκοντας.
718 2176 806 2210 Δῆλον
835 2176 887 2214 γὰρ
908 2175 960 2208 ἕως

136 2222 180 2248 καὶ
208 2224 261 2248 τῶν
291 2220 351 2259 ἄρτι
381 2218 508 2255 εὐσεϐῶν,
541 2218 685 2251 δτιοῦδεῖς
701 2219 732 2247 ἃν
756 2219 872 2256 τολμῴη
890 2231 959 2258 σχη-

1026 1631 1061 1658 de
1078 1631 1163 1659 melle
1178 1633 1255 1668 quod
1271 1633 1328 1668 ipsi
1345 1634 1479 1669 fugiunt;
1496 1638 1524 1663 et
1539 1641 1616 1665 recta
1643 1639 1760 1674 quidem
1786 1650 1851 1678 pro-

1025 1676 1126 1703 cedere
1155 1685 1212 1704 non
1241 1677 1359 1711 asslieti,
1396 1678 1473 1706 velut
1506 1682 1602 1708 cancri
1644 1676 1851 1718 tortuosi,rre-

1024 1720 1196 1748 otitudinem
1215 1721 1407 1750 nihilominus
1420 1723 1500 1759 quali
1517 1728 1622 1754 natura
1636 1727 1685 1760 sit,
1711 1728 1850 1766 interpre-

1023 1765 1125 1792 tantur
1136 1774 1142 1799 ;
1153 1767 1180 1792 et
1196 1766 1272 1793 circa
1288 1767 1382 1794 visum
1401 1767 1474 1795 male
1484 1769 1603 1804 quidem
1621 1765 1848 1807 habentes,forte

1023 1808 1100 1836 sicut
1115 1809 1207 1844 talpae.
1226 1810 1325 1838 lumen
1342 1813 1439 1839 tamen
1452 1815 1563 1846 amant,
1581 1818 1608 1842 et
1618 1815 1653 1843 ad
1671 1815 1740 1844 illud
1758 1818 1844 1846 indu-

1022 1855 1101 1889 cunt,
1118 1856 1146 1882 et
1159 1854 1224 1882 ideo
1239 1858 1309 1882 sunt
1324 1857 1483 1884 attentione
1494 1857 1584 1892 digni.

1062 1955 1104 1982 10.
1118 1953 1270 1989 Propterea
1286 1954 1420 1983 Salvator
1434 1958 1543 1990 noster,
1558 1957 1608 1992 qui
1634 1967 1699 1987 vere
1724 1961 1791 1989 fecit
1815 1965 1844 1991 et

1020 2002 1155 2028 accurate
1165 1998 1264 2026 docuit
1278 2001 1305 2026 et
1321 1999 1392 2026 vidit
1403 2007 1467 2027 esse
1497 2003 1654 2036 quamdam
1685 2005 1842 2034 utilitatem

1019 2046 1048 2073 in
1065 2044 1191 2080 simplici
1205 2044 1281 2071 bona
1297 2043 1441 2079 doctrina,
1461 2044 1528 2073 licet
1555 2055 1589 2074 cx
1616 2048 1717 2077 oribus
1743 2055 1843 2085 posset

1018 2087 1237 2116 irrationalibus
1254 2088 1360 2120 emitti,
1377 2097 1429 2115 nec
1446 2089 1539 2117 malos
1555 2093 1730 2127 sacerdotes,
1765 2095 1842 2124 bona

1017 2133 1181 2160 secundum
1195 2134 1284 2159 Deum
1293 2132 1441 2165 docentes,
1451 2136 1632 2169 respuendas
1639 2145 1701 2164 esse
1710 2139 1839 2167 tradidit.

1016 2177 1204 2205 Manifestum
1221 2179 1266 2203 est
1285 2176 1362 2203 enim
1390 2185 1482 2212 usque
1511 2178 1545 2205 ad
1577 2178 1735 2209 hodiernos
1765 2183 1840 2218 pios,

1015 2221 1092 2257 quod
1110 2229 1194 2248 nemo
1207 2220 1260 2247 rite
1277 2223 1427 2256 promotus
1443 2222 1471 2248 in
1493 2222 1639 2251 doctorem
1668 2229 1766 2261 aperte
1793 2237 1842 2256 au-

138 2266 317 2302 ματιζόμενος
338 2265 377 2296 εἷς
406 2263 566 2292 διδάσκαλον
596 2264 831 2302 ἀπαρακαλύπτως
862 2264 956 2300 ἀνέδην

1026 2273 1079 2293 mre
1096 2265 1252 2301 praedicare
1268 2273 1330 2300 qua:
1347 2274 1403 2292 non
1416 2269 1484 2294 sunt
1496 2267 1581 2302 bona,
1599 2277 1651 2296 nec
1668 2270 1842 2301 hcterodoxa

135 2310 278 2348 κηρύσσειν
308 2311 341 2338 τὰ
366 2311 404 2347 μὴ
447 2309 519 2337 καλὶ
546 2309 590 2336 καὶ
622 2307 882 2347 ἕτεροδιδασκαλεῖν,
912 2310 960 2337 κᾶν

136 2355 260 2382 ἁπάντων
276 2355 425 2393 ἀνθρώπων
456 2355 498 2390 εἴη
530 2355 544 2381 ό
574 2352 957 2393 χείριστος⁴πεπληροφὸρη-

134 2408 178 2425 ται
192 2400 242 2436 γὰρ
271 2397 367 2435 μηδενὶ
395 2401 451 2427 τῶν
481 2399 567 2436 ὀρθῶς
588 2398 771 2435 ἀκροωμένων
785 2399 957 2436 ἀποκεκρυμ-

135 2442 202 2480 μένα
228 2443 295 2470 simu
323 2443 357 2470 ’τὰ
383 2446 422 2479 τῷ
438 2446 495 2480 Θεῷ
512 2444 668 2481 ἀρέσκοντα,
696 2442 769 2470 ἀλλὰ
795 2444 846 2477 ⁴τὴν
874 2444 958 2481 ὀρθὴν

133 2487 201 2524 πρὸς
216 2488 247 2515 τὸ
262 2486 346 2515 καλὸν
377 2486 438 2514 ὁδὸν
466 2487 614 2526 λεωφόρων
643 2487 789 2523 ἐκκεῖσθαι,
818 2488 863 2514 καὶ
891 2492 956 2516 πᾶσι

131 2529 279 2570 τρίϐεσθαι,
310 2531 359 2559 ὅσα
382 2533 427 2558 καὶ
452 2532 626 2567 πλατυτάτην
642 2532 771 2569 ἀμαξιτὸν
791 2535 850 2563 τοῖς
880 2532 957 2560 εὐθέα

133 2577 275 2615 βλέπουσι.
295 2575 429 2604 Βλέπουσι
454 2575 483 2603 δὲ
498 2576 594 2608 πάντες
611 2577 637 2604 οἱ
664 2577 805 2607 πλείοντες
822 2579 888 2604 Θεοῦ
904 2578 955 2614 χά-

132 2631 198 2660 ριτι,
214 2620 248 2649 δι⁸
264 2621 295 2648 οὗ
310 2619 411 2648 ἔννοιαν
426 2622 514 2648 κοιναὶ
540 2621 584 2648 καὶ
614 2621 736 2655 ἀξιώσεις
752 2621 785 2648 τὰ
813 2624 871 2652 θεῖα
887 2621 954 2659 πρό-

131 2677 232 2694 κεινται
248 2665 389 2703 παραγγέλ
395 2676 476 2702 ματα.

167 2721 203 2738 ια.
220 2711 310 2739 Οὑκου
335 2707 507 2745 ἀποϐλητέος
537 2708 581 2737 διὰ
607 2711 690 2736 ταῦτα
719 2709 781 2737 οῦδὶ
807 2710 821 2737 ὁ
851 2710 953 2748 φαῦλος

130 2755 281 2792 ἄνθρωπος,
311 2754 333 2782 εἴ
362 2755 408 2782 τὸν
425 2755 472 2791 μὶν
491 2752 627 2792 βόρϐορον
642 2755 685 2781 καὶ
711 2755 756 2781 τὸν
772 2756 822 2786 τῆς
839 2755 953 2791 σαπρίας

129 2799 213 2837 τρύγα
237 2800 303 2837 πρὸς
331 2801 371 2836 τῷ
399 2798 512 2835 πυθμένι
551 2802 600 2833 τῆς
625 2797 736 2835 καρδίας
765 2799 885 2834 mdia-ti,
915 2799 952 2830 ὡς

130 2845 199 2881 μήτε
224 2842 283 2881 ὄψιν
313 2843 419 2879 λυπεῖν,
451 2845 520 2881 μήτε
549 2841 648 2882 ὅσφραν
670 2843 842 2881 προπέμπειν
859 2842 951 2871 δυσέν‹

1014 2309 1266 2345 docers,quamvis
1281 2309 1411 2337 omnium
1423 2310 1577 2339 hominum
1593 2317 1670 2340 esset
1681 2316 1837 2350 pessimus:

1014 2358 1116 2382 notum
1132 2356 1177 2382 est
1192 2354 1270 2382 enim
1289 2354 1398 2381 nemini
1415 2357 1490 2382 recte
1505 2356 1688 2385 audientium
1716 2360 1838 2389 abscon-

1013 2399 1073 2426 dita
1087 2406 1151 2426 esse
1167 2407 1230 2434 quea
1247 2398 1305 2426 Deo
1321 2398 1446 2433 placent,
1461 2400 1510 2427 sed
1527 2403 1636 2429 rectam
1662 2403 1696 2430 ad
1728 2404 1837 2434 bonum

1012 2444 1088 2471 viam
1100 2443 1178 2471 omni
1194 2447 1292 2478 patere
1303 2443 1420 2477 populo,
1437 2451 1454 2470 a
1467 2445 1721 2481 cunctisque'teri,
1752 2452 1838 2485 quasi

1012 2488 1213 2522 largissimum
1230 2487 1284 2514 iter
1299 2490 1376 2514 recte
1400 2488 1577 2516 videntibus.
1606 2490 1710 2520 Vident
1737 2497 1836 2523 autem

1012 2540 1114 2560 omnes
1131 2540 1252 2560 numero
1266 2532 1392 2566 majores
1408 2532 1502 2567 gratia
1520 2533 1579 2566 Dei,
1592 2543 1643 2570 per
1655 2545 1740 2571 quem
1769 2547 1836 2566 οεη-

1011 2577 1107 2604 tentiaa
1115 2585 1284 2604 communes
1296 2579 1323 2603 et
1331 2576 1469 2611 dogmata
1480 2582 1634 2614 protegunt
1643 2581 1741 2610 divina
1752 2591 1835 2612 man-

1011 2622 1088 2649 data.

1047 2711 1089 2738 14.
1106 2711 1168 2738 Νοη
1185 2711 1276 2746 igitur
1289 2709 1466 2744 rejiciendus
1481 2714 1527 2740 est
1543 2715 1660 2748 propter
1687 2714 1744 2742 ista
1771 2723 1833 2744 ma-

1009 2755 1056 2783 lus
1071 2755 1169 2790 homo,
1185 2756 1208 2782 si
1223 2763 1336 2783 omnum
1357 2755 1476 2791 quidem
1504 2759 1533 2784 et
1561 2758 1647 2786 cariei
1676 2759 1773 2787 faecem
1803 2760 1833 2789 in

1007 2799 1134 2836 pectoris
1150 2800 1294 2835 profundo
1309 2799 1438 2835 deponit,
1455 2803 1488 2828 ut
1517 2809 1611 2837 neque
1639 2802 1735 2830 visum
1765 2812 1834 2833 con-

1007 2844 1134 2879 tristent,
1162 2852 1255 2880 neque
1284 2844 1488 2873 maleolentcm
1526 2846 1660 2874 emittant
1702 2848 1833 2884 odorem,
