2030 3167
254 158 315 189 643

641 154 855 186 EUSTHATH
876 130 1259 186 THESSALONIGENSIS
1282 155 1574 187 METROPOLITE
1892 160 1936 192 θιι

255 223 378 253 scaturit
397 224 506 256 autem,
522 220 547 249 si
567 220 637 256 quid
666 221 740 248 forte
763 220 874 248 fontani
895 220 1047 257 ,ῇυουιιάἱῳ

1105 223 1122 256 ι
1136 230 1258 256 τευκτον,
1284 218 1455 256 ἕξαναὸλύζει
1486 219 1525 255 δὲ,
1552 220 1579 249 εἴ
1599 221 1630 249 τί
1644 232 1702 249 που
1729 225 1850 260 κρηναῖον
1872 224 1936 262 δγρα.

255 268 387 297 humoris
400 267 559 294 introrsum
572 266 798 298 eommiscetur;
816 273 943 301 namque
954 266 989 292 de
1003 267 1081 293 terra

251 312 411 342 ebullentia
427 310 536 338 fervida
551 310 665 337 lavacra
687 310 825 337 deorsum
855 310 884 336 in
915 310 994 338 cavis
1023 311 1078 338 sub

250 361 369 390 terram,
387 356 464 384 unde
479 358 602 388 scatent,
616 363 685 389 non,
699 357 732 382 ut
745 354 869 387 videtur,
882 355 957 382 bona
971 355 1077 390 forent,

252 404 303 431 sed
319 410 385 429 cum
399 401 434 428 ad
458 399 629 427 exteriorem
652 407 747 426 aerem
772 399 922 427 efﬂuentis
943 407 1077 427 excurre-

252 451 332 482 runt,
346 445 529 475 accessibilia
543 445 741 481 salutariaque
757 445 842 472 ﬁunt.

287 571 330 597 12.
347 569 412 596 Sine
424 567 474 604 qui
490 567 599 594 bonum
616 565 746 601 loquitur
761 565 853 601 loqui,
882 564 972 593 veluti
1000 573 1070 601 puc-

247 623 313 642 rum
330 614 358 641 in
372 612 464 640 sacris
478 611 627 645 lectorem,
641 610 801 646 qualesque
827 609 995 646 palmiferos
1024 610 1068 638 in-

245 660 359 692 fantes;
377 660 405 685 et
420 665 476 684 non
494 654 590 683 solum
603 655 751 690 permitte,
767 654 816 681 sed
832 654 920 681 etiam
937 653 1025 682 lauds.
1041 656 1069 682 et

242 704 352 736 excita;
370 704 401 729 ut
416 701 462 728 his
473 700 635 727 immorans
651 699 848 731 sermonibus,
864 701 892 726 et
907 701 1067 734 occupatus

243 755 376 780 manens,
393 749 420 773 et
436 745 471 773 ad
489 743 651 771 nihilaliud
673 743 824 779 applicans
852 745 978 770 mentem
1009 743 1066 770 nisi

241 793 276 821 ad
292 792 364 819 bene
377 789 570 826 loquendum,
587 788 623 815 ab
638 788 750 823 agendo
762 786 838 814 male
848 787 976 822 quodam
991 790 1065 814 tem-

241 845 310 874 pore
326 835 481 863 abstineat.
498 832 630 860 Forsitan
647 834 744 859 autem
771 839 834 859 sese
858 832 994 867 corriget.
1011 831 1064 859 ali-

240 881 357 918 quando
372 879 512 912 sentiens,
527 885 704 909 sermonem,
722 878 754 903 ut
765 876 804 903 ita
815 876 921 909 dicam,
938 876 1062 912 dignum

1135 275 1190 300 σμα
1203 263 1256 299 ἡδὺ
1283 263 1357 293 ἔνδον
1386 263 1568 294 συλλείϐεται·
1599 265 1664 293 ἐπεί
1693 276 1737 293 τοι
1763 268 1806 294 καὶ
1827 269 1856 295 τὰ
1874 273 1934 307 γῆθεν

1134 307 1333 346 ἐκϐραττόμενα
1371 310 1457 347 θερμὰ
1495 310 1596 347 λουτρᾶ
1639 311 1718 338 κάτω
1760 311 1805 348 μὲν
1839 312 1860 339 ὲν
1891 319 1934 347 ταῖς

1131 353 1198 380 κατὰ
1226 356 1277 391 γῆν
1304 353 1422 385 κοιλίαις
1438 377 1444 389 ,
1475 355 1535 382 ὅθεν
1561 355 1748 383 ἐκκύπτουσιν
1779 356 1825 383 οὐκ
1849 357 1875 384 "ri
1899 359 1933 386 εἷεν

1130 398 1238 435 χρηστὰ
1265 398 1301 429 ὡς
1334 398 1416 432 εῗκὸς,
1443 398 1488 426 ὅτι
1514 398 1543 426 δὲ
1574 399 1612 430 εἷς
1645 400 1696 427 τὸν
1725 399 1800 431 ἐκτὸς
1827 401 1883 437 ἀέρα
1904 403 1935 431 ὲκ-

1130 440 1254 479 δράμωσι
1286 442 1477 481 μεταρῥυὲντα,
1505 444 1623 481 προσιτὰ
1654 445 1702 472 καί
1729 446 1847 483 σωτήρια
1869 448 1937 484 γίνον-

1126 497 1181 515 ται.

1164 564 1208 600 ιβ’.
1237 565 1321 602 ’Ἄφες
1349 565 1395 592 τὸν
1423 565 1454 592 τὸ
1478 565 1561 593 καλὸν
1590 565 1738 594 λαλοῦντα
1767 565 1867 601 λαλεῖν,
1889 568 1935 597 ὡσεὶ

1124 608 1167 635 καὶ
1198 607 1306 636 παιδίον
1336 610 1532 646 ἀναγνωστικὸν
1559 610 1585 638 ἐν
1609 613 1674 643 τοῖς
1691 611 1791 648 ἱεροῖς,
1822 612 1893 639 ὁποῖα
1913 615 1935 640 τὲ

1126 653 1260 692 βαϊοφόρα
1292 654 1386 689 νήπια·
1421 655 1466 682 καὶ
1495 656 1534 691 μὴ
1565 655 1652 692 μόνον
1698 656 1776 693 ἄφες,
1811 656 1876 684 ἀλλὰ
1903 659 1934 685 καὶ

1121 695 1326 735 ἐπευλόγησον,
1350 698 1393 725 καὶ
1422 697 1559 735 ἐρεθισον,
1587 698 1634 727 ’ἕνα
1667 697 1847 737 ἐμϐραδύνων
1866 711 1934 728 10m-

1122 751 1182 772 τοις
1199 740 1304 779 λόγοις,
1330 743 1372 769 καὶ
1404 742 1526 781 ἄσχολος
1556 744 1659 780 μένων,
1684 745 1733 771 καὶ
1763 745 1830 781 πρὸς
1858 745 1932 780 μηδενὶ

1121 785 1203 822 ὲτέρῳ
1230 786 1275 812 τὸν
1301 785 1434 823 λογισμὸν
1465 785 1548 825 ἔχων,
1574 787 1638 815 ἀλλ’
1656 787 1676 822 ἢ
1695 788 1784 824 μόνον
1801 789 1931 826 χρηστολο-

1119 832 1176 866 γῶν
1195 852 1202 864 ,
1229 830 1362 868 ἀπέχηται
1392 834 1440 858 τοῦ
1478 835 1668 870 κακοπραγεῖν
1700 833 1772 869 πρὸς
1785 833 1872 870 καιρὸν
1883 837 1929 871 γοῦν

1117 884 1184 903 τινα.
1215 876 1303 912 Τυχόν
1335 874 1364 903 δὲ
1388 877 1432 902 καὶ
1457 875 1633 914 διωρθώσατο
1652 878 1763 911 ἑαυτὸν,
1793 877 1928 914 αἰσθόμενός

238 935 273 954 ex
289 925 408 960 indigno
428 931 477 951 ore
494 931 525 949 se
554 921 692 957 proferre.
724 920 794 953 Quis
822 921 900 948 enim
933 921 1012 948 novit
1027 929 1047 948 a1

1118 929 1184 946 ποτε
1201 918 1296 956 λόγον,
1322 920 1359 950 ὡς
1385 919 1472 951 οὕτως
1494 920 1592 956 εἷ’πεῖν,
1618 920 1697 957 ἄξιον
1725 921 1751 958 ἑξ
1767 921 1869 957 ἀναξίου
1881 933 1928 960 προ

237 971 300 1006 ipse
312 971 478 997 sanctorum
496 967 650 994 verborum
668 965 831 1000 frequentia
850 965 1060 998 sanctiﬁcetur,

237 1014 335 1043 virtuti
353 1013 504 1041 adbzerens
516 1013 544 1038 et
557 1011 599 1038 sic
622 1010 805 1037 assuefactus
818 1009 831 1036 ‘I
847 1009 880 1036 Et
906 1009 1060 1045 discipulis

237 1061 336 1088 oﬁ‘eret
356 1067 386 1086 se
403 1063 541 1092 lanquam
563 1055 680 1090 aliquod
710 1054 841 1082 divinum
871 1063 1058 1088 coronamen,

235 1107 262 1132 et
279 1105 358 1139 pium
372 1101 500 1138 perﬁciet
511 1108 656 1134 acervum,
669 1099 719 1135 qui
732 1099 768 1126 ab
780 1099 836 1126 isto
847 1107 938 1134 grano
950 1099 1056 1135 profec-

233 1146 479 1176 tocumulabitur.
496 1145 568 1177 Quid
588 1144 720 1180 prohibet
735 1143 885 1170 hominem
901 1143 943 1171 sic
959 1143 1058 1172 divina

233 1197 262 1222 et
276 1191 439 1220 laudabilia
454 1192 482 1217 et
497 1189 533 1216 ab
544 1188 681 1216 omnibus
708 1188 895 1215 audientibus
924 1188 1056 1224 probata,

233 1239 385 1265 docentem
412 1233 639 1268 omnimodeque
671 1232 911 1267 acceptissimum
948 1233 1056 1267 pudere

234 1289 350 1316 semper
361 1287 425 1307 esse
437 1278 606 1306 mendacem
615 1279 703 1311 atque
715 1276 856 1303 absistere
869 1284 1055 1311 semperesse

232 1325 380 1362 duplicem
396 1323 481 1352 aliter
497 1331 529 1349 ac
546 1324 669 1357 oportet,
685 1323 713 1348 et
728 1320 833 1347 habere
863 1321 947 1347 tmdio
976 1321 1053 1356 quod

230 1371 332 1405 lingua
347 1368 465 1404 quidem
484 1366 600 1402 fulgeat,
621 1365 669 1393 sed
688 1365 786 1392 animo
814 1364 986 1392 tenebrosus
1016 1365 1054 1392 sit

229 1421 441 1448 sermonesque
458 1412 596 1447 proferat,
611 1409 720 1444 quibus
732 1411 892 1435 mereretur
903 1417 1052 1444 coronam,

228 1460 278 1488 sed
291 1466 378 1495 opera
389 1457 541 1494 producat,
557 1462 682 1490 quorum
700 1461 785 1489 penna
798 1453 870 1480 foret
885 1453 980 1489 ipsius
1004 1461 1052 1481 ca-

226 1504 294 1542 pitis
312 1501 454 1531 abscissio
468 1500 482 1528 ‘I

265 1626 307 1653 13.
326 1624 472 1651 Habemus
488 1623 515 1649 et
529 1619 683 1648 historiam
705 1627 767 1655 quae
790 1619 879 1647 tradit
909 1627 962 1647 nec
985 1627 1048 1648 esse

225 1667 497 1706 reprehendendum
507 1673 575 1693 eum
587 1663 634 1699 qui
647 1663 926 1699 laudabiliaquidem
935 1663 1047 1699 eloqui-

226 1718 284 1748 tur,
302 1713 351 1741 sed
364 1713 399 1739 de
410 1710 521 1739 caeteris
543 1717 599 1736 non
617 1709 658 1735 ita
687 1709 784 1735 sentit.
812 1707 898 1735 Illum
926 1709 1045 1743 quidem

224 1758 371 1797 posterius
386 1755 535 1783 hominem
548 1760 675 1784 sacrum,
692 1751 943 1787 quipostquamin
960 1753 1045 1779 ﬁrma

223 1796 279 1832 ﬁde
292 1800 498 1831 vecillavisset,
515 1800 642 1824 attamen
659 1796 824 1823 necessario
839 1804 979 1831 magnum
1015 1797 1044 1824 in

222 1849 368 1876 doctorem
387 1845 538 1880 provectus
553 1842 607 1873 est,
625 1840 740 1867 ﬁrmato
753 1840 829 1875 quod
845 1840 907 1875 ipse
923 1841 1043 1876 quidem

222 1891 371 1927 cogitaret,
387 1893 579 1923 quaecumque
594 1884 760 1919 cogitasset,
787 1892 843 1912 non
865 1887 960 1912 autem
990 1885 1042 1913 Ec-

221 1935 342 1964 clesiam
360 1932 407 1960 Dei
432 1930 616 1966 perverteret,
644 1928 694 1956 sed
719 1930 799 1956 recta
831 1929 956 1962 doceret,
984 1938 1039 1957 non

220 1980 316 2009 fusius
337 1976 475 2005 historico
501 1982 582 2001 more
609 1973 778 2008 producam.
808 1974 861 2001 Sed
891 1973 945 2001 hoc
979 1982 1040 2000 ser-

218 2024 298 2054 moni
315 2025 433 2060 propter
447 2027 544 2047 veram
561 2017 748 2054 praesentium
779 2018 935 2046 utilitatem
965 2019 1038 2053 adji-

216 2071 303 2105 ciam,
320 2067 398 2104 quod
412 2065 470 2100 ille,
481 2063 532 2101 qui
545 2063 663 2099 quidem
680 2063 760 2089 intus
776 2071 833 2090 non
849 2066 911 2090 erat
932 2063 1037 2097 bonus,

214 2117 245 2144 in
262 2113 382 2142 haeresis
402 2119 460 2139 non
476 2109 599 2137 laudatae
611 2107 734 2136 scientia
749 2115 869 2142 prorsus
892 2111 1037 2144 versatus,

215 2161 245 2189 in
261 2160 307 2187 his
330 2160 427 2186 autem
452 2163 515 2191 quae
532 2155 602 2181 sunt
628 2156 717 2185 extra,
748 2153 842 2180 bonus
864 2156 935 2187 erat,
961 2154 1037 2183 alius

212 2207 315 2242 postea
330 2204 430 2230 doctor
445 2200 593 2227 correctus
613 2199 666 2242 est,
682 2199 710 2224 et
723 2196 925 2232 duplicitstem
956 2199 985 2226 in
1006 2208 1036 2227 re

212 2240 270 2278 non
287 2248 385 2276 debita
401 2245 544 2273 reducens
560 2242 595 2270 ad
612 2240 767 2276 unitatem,
780 2243 812 2268 ut
826 2242 957 2275 decebat,
980 2243 1034 2271 mi-

1115 962 1189 1000 άγειν
1214 963 1360 999 στόματος.
1389 964 1434 995 Τίς
1461 965 1511 1002 γὰρ
1539 964 1623 1000 οἶδεν,
1650 965 1674 993 εί
1701 967 1747 993 καὶ
1765 966 1845 997 αὐτὸς
1869 966 1926 1004 ἆγιει-

1114 1008 1190 1043 σοείη
1205 1010 1245 1044 τῷ
1261 1011 1354 1046 συχνῷ
1378 1011 1426 1036 τοῦ
1450 1009 1529 1046 ἁγίου
1556 1010 1732 1049 φθέγματος,
1764 1010 1926 1045 ἐπακολουθή-

1114 1063 1185 1089 σας,
1216 1054 1260 1080 καὶ
1291 1054 1361 1082 οὕτω
1391 1056 1554 1087 συνεθισθεὶς
1583 1055 1622 1086 εἲς
1650 1057 1705 1091 τήν
1741 1056 1858 1094 «iper/ﬂ;
1889 1057 1923 1083 Καὶ

1112 1099 1262 1135 προσθήσει
1286 1101 1346 1129 τοῖς
1380 1100 1514 1136 μαθηταῖς
1544 1100 1637 1127 ἑαυτὸν
1667 1101 1707 1131 ὡς
1740 1100 1796 1127 οἶόν
1819 1111 1843 1127 τι
1868 1103 1923 1132 θεῖον

1112 1141 1274 1178 ἀκροθίνιον,
1304 1143 1348 1170 καὶ
1379 1143 1465 1180 σωρὸν
1496 1144 1638 1182 ἀπαρτίσει
1667 1144 1799 1182 θεοφιλῆ,
1824 1145 1850 1175 ὃς
1868 1145 1922 1181 napi

1110 1183 1156 1212 ἕνα
1171 1189 1265 1214 τοῦτον
1281 1189 1375 1215 τοῦτον
1391 1185 1489 1215 κόκκον
1506 1189 1656 1226 σεσώρευτο
1680 1189 1722 1220 εἰς
1737 1188 1851 1219 ἀντελές.
1865 1192 1892 1216 Ἥ
1902 1189 1920 1215 τί

1110 1230 1211 1258 κωλύει
1241 1230 1381 1269 ἄνθρωπον
1413 1231 1484 1259 οὕτω
1514 1231 1677 1261 διδάσκοντα
1710 1234 1771 1261 θεῖα
1797 1233 1839 1260 καὶ
1861 1232 1918 1260 ἐπαι-

1109 1275 1169 1301 νετὰ
1183 1275 1227 1302 καὶ
1250 1276 1319 1313 πρὸς
1346 1277 1469 1304 ἁπάντων
1500 1277 1640 1314 ἀκροατῶν
1670 1277 1865 1316 εὖλογούμενα,
1884 1277 1917 1304 καὶ

1108 1319 1243 1350 παντοίως
1269 1319 1451 1357 δεξιούμενον,
1481 1320 1634 1356 αἰδεσθῆναι
1665 1321 1814 1359 ψεύδεσθαι
1841 1320 1916 1348 διόλου

1108 1363 1214 1398 ἑαυτὸν,
1257 1364 1301 1392 καὶ
1344 1365 1519 1401 ἀπείπασθαι,
1550 1364 1665 1394 διπλοῦν
1699 1367 1769 1394 εἶναι
1797 1366 1836 1394 ἀεὶ
1860 1366 1916 1403 παρὶ

1109 1406 1139 1435 δὸ
1168 1407 1239 1444 δέον,
1268 1409 1313 1437 καὶ
1341 1410 1454 1442 ὀκνῆσαι
1481 1412 1515 1447 τῇ
1530 1410 1643 1449 γλώσσῃ
1676 1412 1727 1448 μὶν
1751 1410 1915 1449 προλάμπιιν,

1108 1451 1272 1481 ἐσκοτῶσθαι
1303 1453 1331 1481 δί
1357 1455 1390 1482 τὰ
1419 1454 1444 1486 ις
1472 1455 1521 1490 τὴν
1547 1457 1651 1493 ψυχήν·
1680 1456 1728 1483 καὶ
1758 1454 1852 1493 λόγους
1878 1454 1913 1490 μὲν

1106 1498 1262 1535 προφέρειν,
1293 1497 1316 1526 δ’
1344 1500 1380 1526 ὧν
1405 1500 1598 1539 καταστέφοιτο
1614 1500 1656 1535 ἃν,
1687 1500 1757 1538 ἔργα
1781 1499 1809 1528 δὲ
1820 1498 1914 1538 προφαίι

1104 1552 1169 1577 νειν,
1186 1543 1222 1570 ὧν
1238 1543 1349 1580 τίμημα
1363 1543 1407 1571 καὶ
1425 1543 1507 1579 αὐτῆς
1520 1543 1642 1582 κεφαλῆς
1656 1545 1800 1584 ἀφαίρεσις
1813 1555 1819 1580 ;

1142 1622 1184 1657 ιγ’.
1209 1621 1329 1658 ’Έχομεν
1356 1621 1401 1648 καὶ
1424 1620 1543 1658 ἱστορίαν
1566 1620 1785 1659 παραδιδοῦσαν,
1810 1621 1845 1651 ὡς
1870 1619 1910 1646 οὐκ

1102 1660 1157 1691 ἔστι
1193 1665 1281 1702 ψέγειν
1320 1663 1383 1692 οὐδὲ
1420 1666 1465 1692 τὸν
1501 1665 1681 1704 φθεγγόμενον
1725 1666 1774 1702 μὲν
1807 1664 1910 1702 ἐναρετᾳ,

1101 1712 1251 1746 φρονοῦντα
1266 1708 1294 1737 δὲ
1323 1709 1363 1737 ἐπ’
1379 1708 1477 1741 ἄΛλοις
1500 1710 1554 1748 οὐχ
1569 1711 1650 1739 οὕτω.
1669 1710 1721 1738 Καὶ
1737 1710 1782 1738 τὸν
1798 1709 1843 1747 μὲν
1862 1708 1908 1736 ἐσύ-

1100 1763 1192 1791 στερον
1223 1754 1293 1791 ἱερὸν
1322 1753 1403 1792 ἄνδρα
1431 1754 1542 1791 ἐκεῖνον,
1569 1755 1599 1786 ὃς
1629 1755 1800 1794 ἐσφαλμένος
1826 1754 1859 1781 ὥν
1881 1752 1907 1779 τὰ

1099 1796 1125 1828 ἐς
1142 1798 1248 1837 ἀσφαλῆ
1265 1799 1364 1833 πίστιν,
1379 1800 1455 1835 ὅμως
1487 1799 1638 1836 ἀναγκαίως
1668 1800 1708 1831 εἰς
1741 1799 1820 1837 μέγαν
1836 1807 1907 1834 προη-

1098 1841 1182 1880 νέχθη
1227 1841 1400 1879 διδάσκαλον⁷
1437 1845 1560 1881 κυρώσας
1597 1844 1677 1876 αὐτὸς
1719 1845 1766 1881 μὲν
1803 1844 1903 1882 φρονεῖν,

1097 1886 1162 1913 ἅττα
1193 1887 1223 1914 ἂν
1251 1889 1296 1914 καὶ
1318 1889 1445 1926 φρονοίη,
1473 1888 1502 1915 ἂν
1527 1890 1565 1924 μὴ
1581 1887 1609 1916 δὲ
1625 1888 1794 1928 διαστρέφειν
1808 1887 1904 1922 τήντοῦ

1096 1933 1162 1958 Θεοῦ
1178 1931 1353 1967 Ἐκκλησίαν,
1382 1932 1455 1960 ἀλλὰ
1484 1931 1615 1961 διδάσκειν
1642 1934 1675 1962 τὰ
1706 1934 1783 1973 ὀρθὰ,
1812 1931 1856 1959 οὐκ
1879 1930 1901 1956 ἃν

1096 1975 1134 2006 εἷς
1163 1974 1246 2004 πλέον
1276 1976 1379 2008 πλάτος
1409 1977 1515 2012 ἐκθείην
1549 1982 1719 2015 καθιστορῶν
1738 2000 1744 2008 .
1777 1979 1856 2005 Τοῦτο
1881 1973 1902 2001 δὲ

1094 2020 1241 2056 προσθείην
1268 2023 1307 2058 τῷ
1336 2021 1413 2059 λόγῳ
1427 2021 1471 2049 διὰ
1498 2023 1529 2049 τὸ
1556 2023 1626 2050 πάνυ
1640 2026 1698 2054 τοῖς
1714 2024 1827 2061 παροῦσι
1841 2019 1901 2058 χρή-

1094 2075 1184 2100 σιμον,
1212 2064 1252 2092 ὅτι
1282 2066 1326 2093 καὶ
1355 2065 1456 2097 ἐκεῖνος
1486 2067 1500 2094 ὁ
1528 2069 1561 2094 τὰ
1589 2066 1642 2095 ἔσω
1671 2068 1720 2105 μὲν
1743 2067 1791 2095 οὐκ
1806 2063 1899 2103 ἀγαθὸς,

1092 2109 1178 2145 πάντη
1209 2110 1368 2147 ἐπιστήμων
1396 2111 1464 2138 κατὰ
1493 2110 1593 2149 αθίρεσιν
1623 2113 1675 2140 οὐκ
1697 2109 1898 2147 ἰπαινουμένηνι

1091 2154 1123 2181 τὰ
1139 2153 1167 2181 δὲ
1181 2153 1257 2186 ἐκτὸς
1283 2156 1391 2192 ἀγαθὸς,
1409 2154 1495 2186 ἄλλος
1512 2154 1676 2188 διδάσκαλος
1698 2157 1807 2194 ὕστερον
1821 2152 1898 2191 χρόνῳ

1091 2196 1276 2235 διωρθώσατο,
1291 2200 1335 2226 καὶ
1363 2201 1412 2234 τὴν
1429 2199 1454 2227 ἐν
1472 2200 1503 2227 οὐ
1529 2199 1617 2228 δέοντι
1649 2199 1767 2236 διπλόην
1785 2198 1894 2236 μονάσαει

1090 2241 1128 2272 ὡς
1168 2241 1292 2280 ἔπρεπεν,
1332 2243 1437 2278 ἀπῆλθε
1471 2243 1551 2282 φίλος
1589 2246 1763 2283 παραστάτης
1795 2243 1847 2277 Θεῷ
1867 2239 1894 2274 τῇ

212 2295 253 2322 les
267 2294 325 2321 Deo
342 2298 427 2319 carus
444 2288 546 2320 evasit,
562 2286 662 2321 lingua
679 2285 782 2312 melior
796 2285 925 2320 effectus,
942 2290 970 2315 et
986 2297 1036 2324 per

1109 2285 1200 2324 λώττῃ
1221 2286 1388 2325 βελτιωθεὶς,
1404 2288 1449 2315 καὶ
1465 2287 1499 2315 δι’
1515 2289 1599 2324 αὐτῆς
1627 2290 1676 2317 ὅσα
1703 2290 1749 2318 καί
1771 2296 1839 2316 τινος
1860 2285 1892 2310 ἀν·

211 2347 285 2372 eam,
302 2336 387 2372 quasi
404 2343 455 2370 per
478 2330 673 2359 bauritorium
697 2338 731 2357 ex
760 2329 897 2358 interiore
925 2332 1032 2366 rejecta

209 2384 288 2415 faece,
306 2389 364 2417 qua
379 2381 454 2407 bona
469 2375 607 2404 doctrinae
621 2382 697 2409 aqua
713 2374 890 2402 reddebatur
904 2375 1029 2404 inutilis.

209 2427 238 2454 si
253 2434 321 2454 vero
337 2423 404 2460 quis
419 2420 520 2456 objicit
535 2418 618 2446 illum
635 2417 753 2453 quidem
765 2418 807 2445 ita
816 2418 893 2446 bona
909 2420 1029 2448 fruitum

209 2479 273 2499 esse
288 2470 399 2505 lingua,
412 2466 462 2494 sed
479 2473 536 2492 non
553 2463 642 2490 alium
670 2463 827 2496 quemdam
848 2472 912 2492 esse
940 2465 1028 2493 talem

208 2521 375 2545 evasurum,
394 2509 512 2538 fortuito
526 2507 668 2543 loquitur,
683 2509 712 2534 et
728 2510 846 2542 propter
861 2511 1027 2544 paradoxon

206 2560 296 2596 hujus
313 2554 522 2594 pmpositionis
536 2551 642 2579 thesim
659 2551 793 2596 inutilem
814 2554 842 2579 et
859 2553 1026 2582 instabilem

205 2606 278 2633 forte
285 2601 462 2631 defenderet.
470 2598 532 2625 Non
540 2596 617 2624 enim
630 2595 797 2630 opinionem
813 2597 1025 2633 imp055ibilem

203 2658 236 2678 ac
252 2649 282 2676 in
297 2648 433 2676 eventum
447 2640 616 2670 testimonio
628 2640 781 2674 probatum
798 2650 854 2669 non
871 2644 1024 2672 adductam

201 2694 263 2723 vult
276 2696 457 2729 oppugnare.
473 2686 579 2714 Adeste
590 2684 680 2729 enim,
696 2693 799 2714 omnes
820 2686 856 2714 ab
884 2689 1025 2716 exteriore

202 2739 254 2766 viri
270 2727 380 2769 selecti,
398 2738 525 2770 quorum
541 2729 570 2756 ni
595 2727 641 2756 his
670 2737 733 2765 quae
762 2730 828 2758 ﬁdei
859 2734 930 2758 sunt
957 2731 1025 2760 licet

200 2783 375 2813 alienorum,
394 2777 472 2807 mille
485 2777 585 2804 tamen
600 2772 689 2801 rectis
708 2773 850 2803 doctrinis
875 2783 941 2803 cum
971 2777 1022 2805 de-

200 2828 278 2856 tectu
291 2826 421 2860 student_
431 2822 472 2860 pii
494 2820 628 2854 lectores,
654 2819 683 2846 et
711 2818 792 2854 ipsas
817 2820 1023 2856 producentes,

1085 2329 1225 2368 τλητῆρος
1242 2332 1338 2370 ἐκχέας
1366 2333 1415 2367 τὴν
1429 2332 1504 2360 ἔνδον
1530 2333 1601 2368 ἰλὺν,
1618 2333 1653 2361 δι’
1667 2335 1701 2368 ἧς
1717 2335 1748 2362 τὸ
1765 2332 1840 2361 καλὸν
1852 2331 1892 2362 τῆς

1087 2373 1262 2408 διδασκαλίας
1279 2377 1428 2414 ἠχρειοῦτο
1444 2376 1528 2415 ὕδωρ.
1559 2377 1592 2406 Ei
1621 2377 1649 2405 δέ
1676 2388 1717 2409 τις
1733 2373 1890 2412 ἀνθυποφέρει

1086 2419 1188 2447 ἐκεῖνον
1217 2421 1264 2456 μὲν
1288 2421 1360 2449 οὕτω
1389 2425 1438 2456 τῆς
1453 2423 1553 2460 ἀγαθῆς
1565 2422 1692 2460 γλώττης
1719 2421 1834 2453 ὄνασθαι,
1859 2415 1889 2452 μὴ

1085 2464 1114 2491 ἓιν
1143 2463 1171 2492 δὲ
1199 2466 1266 2492 εἶναι
1295 2465 1340 2493 καὶ
1354 2465 1445 2505 ἓτερόν
1467 2477 1525 2494 τινα
1539 2470 1662 2495 τοιοῦτον
1677 2465 1820 2502 ἀποϐῆναι,
1834 2463 1889 2490 ἀπο·

1083 2508 1264 2546 κληρωτικῶς
1290 2510 1375 2548 λέγιι,
1399 2512 1444 2538 καὶ
1474 2511 1519 2540 διὰ
1544 2512 1576 2540 τὸ
1603 2512 1753 2551 παράδοξον
1771 2514 1816 2546 τῆς
1833 2509 1887 2536 ὑπο·

1083 2553 1194 2590 λήψεως
1220 2554 1320 2591 ταύτης
1343 2556 1416 2594 τάχα
1444 2556 1473 2584 ἂν
1501 2558 1570 2585 θέσιν
1602 2559 1733 2598 φυλάττοι
1752 2556 1795 2585 καὶ
1817 2551 1886 2584 αὐτὴν

1081 2598 1193 2636 ἁχρείαν
1209 2600 1253 2627 καὶ
1269 2601 1484 2639 ἀσυνηγόρητον.
1513 2601 1581 2630 Οὔτε
1605 2603 1655 2642 γὰρ
1684 2602 1809 2631 ἀδυνάτου
1832 2606 1884 2625 κατ’

1081 2648 1228 2683 επιχειρεῖν
1259 2645 1345 2678 ἐθέλει
1376 2646 1481 2683 δόξης,
1510 2649 1554 2675 καὶ
1583 2648 1644 2676 οὐδὲ
1684 2643 1883 2684 ἀπενηνεγμένης

1080 2689 1119 2720 εἷς
1148 2690 1302 2728 ἀμάρτυρον
1332 2689 1489 2720 ἁπὲκϐασιν.
1520 2695 1599 2720 Δεῦτε
1626 2694 1687 2732 γὰρ,
1715 2694 1736 2721 ὦ
1764 2691 1849 2719 πάντες
1861 2684 1880 2711 οἳ

1081 2733 1235 2772 ἐξωτερικοὶ
1276 2735 1401 2775 λογάδες,
1438 2738 1474 2764 ὦν
1502 2737 1668 2776 ἀλλοφύλων
1695 2739 1728 2766 τὰ
1755 2737 1780 2769 ἐς
1805 2733 1880 2761 πίστιν

1077 2776 1162 2807 ὅντων
1191 2781 1268 2816 ὅμως
1292 2779 1479 2813 διδασκαλίαις
1519 2783 1628 2821 μυρίαις
1657 2783 1742 2820 ὀρθῶς
1768 2777 1876 2818 ἐχούσαις

1077 2822 1264 2861 ἇμμιλιτῶσιν
1302 2824 1448 2864 ἐπιλίγδην
1479 2827 1504 2854 οἱ
1534 2827 1674 2867 θεόφρονες
1710 2822 1876 2865 ἁναγνῶσθαιι
