2030 3167
129 176 188 205 645

628 173 666 204 IN
690 172 723 204 S.
743 170 1081 209 QUADRAGESIMAM
1105 171 1252 203 ORATIO
1273 172 1329 203 III.

1769 176 1828 206 646

128 240 173 268 καὶ
203 239 284 272 αὐτὰς
296 239 472 277 προάγοντες,
490 237 643 277 βελτιοῦσιν
669 236 722 269 ἕως
736 237 781 265 καὶ
804 236 863 275 ἄρτι
886 235 950 268 τοὺς

1008 237 1141 266 meliores
1156 247 1249 274 usque
1263 247 1343 266 nunc
1369 239 1517 268 auditores
1534 240 1659 275 faciunt;
1678 249 1744 277 quae
1759 241 1828 277 qui-

127 286 274 323 ἀκροατάς·
300 285 317 312 ἃ
344 285 390 321 μὲν
421 284 518 312 ἐκεῖνοι
557 283 650 316 ἄλλως
685 281 826 322 ἐφρὸνουν,
855 292 950 319 παρω-

128 330 268 367 θούμενοι,
283 329 316 357 τὰ
331 328 467 357 πολλὰδὲ
486 329 531 356 καὶ
553 328 773 366 κασαχωννύντες
800 328 874 366 βυθῷ
899 325 951 361 λή-

128 381 187 410 θηςο
203 374 220 402 ’ἀ
249 373 278 401 δὲ
305 375 372 411 πρὸς
401 373 537 411 ὀρθότητα
560 373 688 407 ἐλάλουν,
714 373 893 410 ἐγκρίνοντες,
907 371 951 398 καὶ

126 420 165 451 ὡς
188 419 217 446 ἐκ
242 419 393 456 βαθυτάτης
415 418 513 457 τέφρας
539 421 589 452 τῆς
611 420 664 444 τῶν
693 417 778 449 ἀθέων
808 417 953 456 φρονημά-

126 475 180 493 των
212 463 322 500 ζώπυρα
356 473 416 490 τινα
451 461 590 499 ἐπιμελῶς
620 461 827 500 ἀναλεγόμενοι,
855 460 889 488 δι’
915 461 951 487 ὼν

126 508 286 536 ἀνάπτονται
313 507 357 535 καὶ
380 510 456 544 φῶτα
485 506 599 545 βιωτικὰ
621 506 666 534 καὶ
691 505 856 545 φιλοσοφίας
883 514 953 544 φρυ-

129 553 243 590 κτωρίαι
259 552 403 590 σωτήριοι,
416 550 462 578 θίνα
485 551 552 578 κατὰ
574 550 620 577 τὸν
644 549 803 586 Ψαλμῳδὸν
819 547 954 577 κάνταῦθα

129 599 166 629 ὡς
183 597 208 624 ἐν
226 596 313 624 σκότει
342 595 587 632 ἐξανατελλόμενον
615 594 656 630 εἴη
687 597 744 634 φῶς
771 597 829 625 τοῖς
860 593 953 632 διορᾷν

129 641 279 670 ἐθέλουσιν.

176 702 196 731 δ’
234 704 240 714 ⁷
298 702 308 723 ι
383 701 397 721 Τ
474 702 481 712 \
545 704 577 719 ’ν’
657 701 664 722 ξ
711 702 730 721 ἸἸ
864 702 876 717 ς’
941 699 949 710 \

165 714 173 731 ι
201 725 207 732 .
242 704 340 732 Εατσον
367 713 413 729 ουν
442 701 486 730 δια
513 712 595 729 naua
620 712 665 729 κα.
691 712 738 729 τοι
768 701 892 728 ὁπωσοδν
920 711 954 728 τα

127 747 165 779 εἷς
197 748 294 785 ἀρετὴν
327 745 487 774 διδάσκοντα
518 747 686 785 φθέγγεσθαι,
710 745 754 773 καὶ
789 745 860 772 οὕτω
889 744 952 782 βελ-

124 795 199 821 τιοῦν
229 792 292 823 τοὺς
323 791 479 827 ἀκούοντας,
506 791 550 818 καὶ
587 790 772 827 ἀναπεμπτὲον
803 790 885 827 εὐχὰς
913 791 952 825 τῷ

127 839 196 875 Θεῷ,
213 837 398 875 ἰπαναχθῆναι
424 837 468 864 καὶ
499 837 577 864 αὐτὸν
608 835 644 867 εἷς
670 836 773 864 τέλειον
798 835 892 862 πιστὸν
909 833 952 862 ἆν-

128 890 246 921 θρωπον,
269 882 338 914 καθὰ
371 881 415 909 καὶ
446 880 550 912 ἄλλους
578 881 660 908 αὑτοῦ
692 880 824 917 μαθητὰς,
853 878 898 910 οὓς
926 878 952 914 ἐξ

1006 282 1071 309 dem
1088 282 1129 309 illi
1147 291 1202 310 non
1218 283 1259 311 ita
1275 284 1449 318 sentiebant,
1466 284 1627 320 rejicieutes
1641 288 1669 313 et
1698 286 1827 322 plerum-

1007 335 1062 361 que
1092 328 1237 362 profunda
1271 328 1445 364 sepelientes
1478 328 1622 356 oblivione
1648 339 1654 363 ;
1685 331 1733 358 sed
1762 339 1825 366 quas

1002 372 1088 406 juxta
1116 372 1321 400 rectitudinem
1374 372 1586 408 loquebamur,
1616 374 1826 410 discernentes,

1007 419 1035 443 et
1049 416 1127 444 velut
1143 425 1178 444 ex
1193 417 1423 452 profundissimo
1439 418 1648 454 cogitationum
1668 419 1826 455 impiarum

1007 461 1103 488 cinere
1118 462 1261 497 quasdam
1278 462 1380 489 sedulo
1395 463 1572 498 excipientes
1593 463 1746 497 scintillas,
1763 465 1828 500 qui-

1008 505 1064 533 bus
1079 506 1279 534 accenduntur
1290 507 1352 534 vitae
1364 506 1477 534 lumina
1490 507 1693 542 salutaresque
1704 509 1830 544 philoso-

1008 550 1082 586 phiae
1105 550 1193 585 faces,
1223 553 1265 584 ut,
1292 552 1454 579 secundum
1483 551 1669 580 Psalmistam
1686 553 1717 587 ",
1744 555 1772 581 et
1787 553 1829 581 ibi

1008 596 1149 630 tanquam
1166 595 1195 622 in
1206 596 1334 623 tenebris
1344 599 1441 623 ortum
1452 596 1491 624 sit
1506 596 1603 624 lumen
1618 596 1714 625 videre
1730 598 1828 626 volen-

1007 638 1098 666 tibus.

1044 702 1086 729 14.
1104 702 1334 731 Permittendum
1350 705 1394 731 est
1408 703 1499 739 igitur
1524 706 1642 740 propter
1656 704 1717 733 haec
1733 705 1830 741 illum,

1009 746 1058 782 qui
1074 747 1315 784 qualitercunque
1330 748 1414 775 docet
1443 757 1477 776 ea
1506 757 1568 784 quae
1592 749 1729 777 virtutem
1746 759 1828 786 spec-

1008 794 1081 824 tant,
1097 791 1188 828 loqui,
1218 793 1319 828 sicque
1348 792 1481 820 meliores
1510 793 1603 821 facere
1619 794 1785 824 auditores:
1803 797 1831 823 et

1007 836 1043 863 ad
1060 836 1151 864 Deum
1169 837 1315 864 mittendae
1326 839 1396 864 sunt
1412 840 1557 873 preces,ut
1572 840 1599 865 et
1615 838 1676 873 ipse
1693 839 1830 867 sublime-

1007 883 1056 908 tur
1071 881 1106 908 ad
1137 881 1296 916 perfectum
1321 882 1386 909 ﬁdei
1419 881 1580 916 hominem,
1607 883 1682 910 sicut
1712 886 1740 911 et
1755 883 1828 912 alios

127 927 276 966 ἀλλοτρίου
301 924 370 954 ἔστιν
397 926 428 953 οὗ
454 925 557 965 σοφίζει
578 925 723 962 στόματος·
751 924 809 951 ἐπεί
835 935 878 951 τοι
907 923 950 950 καὶ

1008 925 1100 960 ipsius
1115 925 1286 961 discipulos,
1303 934 1376 961 quos
1399 925 1556 962 aliquando
1585 927 1657 955 forte
1685 936 1719 955 ex
1734 928 1828 957 alieno

127 971 237 1008 ἀνόμων
265 972 339 1007 ἡμᾶς
369 968 610 1006 ὑπερεδυνάμωσαν
628 967 705 1006 λόγοι
720 968 788 995 κατὰ
803 968 851 1002 τὴν
878 967 950 1003 ἱερὰν

129 1017 206 1055 ῥῆσιν
234 1016 278 1042 καὶ
308 1015 447 1052 ἐξήγησιν,
467 1014 584 1050 τοιούτῳ
608 1013 636 1041 ’δὲ
658 1013 733 1052 λόγῳ
761 1013 805 1041 καὶ
835 1011 950 1050 χαλκὲες

129 1060 283 1099 ἀλλόφυλοι
311 1059 344 1087 τὰ
373 1058 446 1086 ὅπλα
472 1059 604 1095 ὲστόμουν
632 1061 692 1089 τοῖς
717 1060 765 1085 τοῦ
781 1057 901 1095 Ἰσραὴλ,
917 1055 951 1084 δι’

130 1106 167 1132 ὧν
196 1105 221 1131 οἱ
248 1103 342 1139 νοητοῖ
371 1102 501 1139 πολέμιοι
530 1102 575 1130 καὶ
598 1101 711 1130 ἔπιπτον
741 1102 784 1129 καὶ
811 1102 950 1129 πίπτουσι.

127 1148 227 1185 Τοιᾷδέ
240 1159 292 1175 τινι
309 1147 398 1184 ἐννοίᾳ
413 1147 457 1175 καὶ
486 1148 531 1174 τὸν
548 1148 629 1184 μεγαν
648 1148 764 1181 Μωϋσῆν
793 1147 949 1182 ἐστόμωσαν

128 1193 169 1220 ἐπ’
184 1192 324 1231 ἀμφότερα
373 1202 401 1219 τε
416 1191 534 1231 φιλτάτη
562 1192 607 1218 καὶ
639 1192 731 1229 μήτηρ
758 1190 801 1218 καὶ
830 1191 949 1226 τιθηνὸς,

126 1239 144 1273 ἡ
161 1237 307 1272 πιστοτάτη
332 1235 453 1274 Ἐϐραία,
469 1237 514 1264 καὶ
538 1237 555 1271 ἠ
582 1235 674 1268 ἄλλως
698 1235 836 1274 φιλήσασα
864 1234 950 1262 ἀλλό-

126 1281 213 1321 φυλὸς
238 1282 263 1317 ἐξ
293 1281 451 1318 Αἲγυπτίων
481 1280 645 1318 βασίλισσαι
673 1280 763 1316 νόημα
789 1283 839 1306 πᾶν
868 1279 949 1316 αὕτη,

126 1325 284 1365 ἀλλόφυλον
316 1326 375 1362 μὲν,
406 1324 556 1363 βασιλικῶς
596 1323 624 1351 δὲ
663 1324 851 1363 ὑπερκείμενον
894 1327 947 1351 τῶν

126 1370 270 1410 ὁμοειδῶν.

164 1475 201 1504 ιε’.
219 1475 300 1512 Ἐχοι
317 1473 346 1501 δὲ
369 1471 400 1501 ἄν
428 1483 469 1504 τις
483 1473 528 1500 καὶ
541 1471 640 1508 τοιῷδε
665 1471 740 1510 λόγῳ
756 1469 949 1509 προσϐιϐάζειν

126 1519 164 1550 εἷς
193 1518 336 1557 ἑρμηνείαν
374 1517 418 1545 καὶ
448 1520 502 1544 τῶν
530 1519 578 1544 τοῦ
607 1516 755 1554 ἱερωτάτου
780 1515 949 1554 Εὐαγγελίου

125 1563 175 1591 τό·
205 1575 219 1589 ‹‹
248 1561 457 1595 Εἰσελεύσεται,
486 1560 531 1588 καὶ
571 1560 746 1595 ἔξελεύσεται,
776 1560 821 1587 καὶ
862 1560 950 1596 νομὴν

1007 978 1056 997 ore
1072 970 1173 1004 docet;
1190 970 1335 1005 siquidem
1351 973 1380 998 et
1391 970 1558 1006 iniquorum
1573 971 1657 999 nobis
1671 973 1829 1007 prevalue-

1006 1016 1077 1041 runt
1090 1022 1241 1042 sermones
1269 1015 1432 1042 secundum
1455 1024 1569 1042 sacram
1596 1016 1786 1044 directionem
1802 1019 1831 1045 et

1007 1058 1228 1094 expositionem,
1244 1058 1295 1086 teli
1311 1067 1377 1086 vero
1393 1059 1503 1087 ratione
1533 1060 1625 1088 aerarii
1642 1068 1676 1088 ex
1690 1061 1828 1097 alienige-

1007 1103 1053 1129 nis
1071 1103 1144 1130 i'abri
1161 1111 1242 1130 arma
1259 1102 1397 1130 lsruelitis
1414 1103 1712 1140 indurabant.quibus
1725 1105 1830 1133 intelli-

1006 1149 1106 1181 gentes
1118 1146 1227 1174 inimici
1239 1147 1381 1174 cadebant
1393 1149 1420 1174 et
1433 1147 1529 1174 adhuc
1542 1148 1661 1175 cadunt.
1677 1148 1738 1176 Tali
1755 1157 1827 1184 quo-

1006 1199 1062 1226 que
1077 1199 1165 1218 sensu
1178 1199 1318 1226 magnum
1336 1191 1451 1227 Moysen
1466 1191 1602 1227 utrinque
1618 1193 1828 1221 roboraverunt

1005 1235 1197 1262 dilectissime
1213 1238 1305 1263 mater
1320 1238 1347 1263 et
1376 1236 1484 1269 nutrix,
1509 1236 1680 1264 ﬁdelissima
1696 1237 1826 1273 Hebrea,

1006 1282 1035 1306 et
1050 1279 1099 1306 illa
1114 1288 1177 1314 quae
1194 1279 1277 1306 aliter
1301 1279 1442 1307 dilexerat
1470 1279 1634 1316 alienigena
1648 1289 1682 1309 ex
1696 1282 1828 1318 (Egyptis

1006 1323 1123 1359 regina:
1149 1332 1265 1351 omnem
1295 1324 1449 1351 scientiam
1479 1324 1538 1352 haec
1564 1325 1685 1360 habens,
1702 1326 1828 1355 alienam

1005 1367 1136 1404 quidem,
1153 1369 1204 1396 sed
1232 1368 1386 1404 aequalium
1409 1368 1563 1397 scientiam
1593 1369 1726 1406 regaliter
1743 1379 1828 1407 supe-

1005 1415 1129 1441 rautem.

1041 1472 1083 1498 15.
1101 1473 1203 1499 Posset
1226 1474 1324 1499 autem
1348 1472 1455 1508 aliquis
1470 1472 1559 1500 simili
1587 1473 1709 1506 ratione,
1727 1474 1762 1501 ad
1781 1473 1826 1501 in-

1004 1516 1241 1551 terpretationem
1269 1525 1368 1544 eorum
1399 1525 1463 1552 quae
1488 1520 1558 1545 sunt
1586 1518 1614 1544 in
1638 1518 1826 1547 sanctissimo

1004 1560 1170 1595 Evangelio,
1188 1561 1315 1595 proferre
1345 1561 1417 1589 hoc:
1437 1571 1448 1585 ε
1483 1561 1664 1597 [ngredietur
1689 1565 1718 1590 et
1745 1571 1825 1598 egre-

126 1609 274 1645 εὑρήσει.»
292 1606 479 1635 [εἰσελεύσεται
510 1606 557 1641 μὲν
584 1606 637 1643 γὰρ
662 1606 676 1632 ὁ
701 1604 876 1642 εὐαγγελικὸς
904 1603 949 1632 ἅν-

1008 1604 1113 1637 dietur,
1129 1607 1157 1632 et
1172 1613 1314 1639 pascuum
1330 1605 1458 1633 inveniet
1473 1605 1504 1632 ¹⁶.
1523 1617 1536 1630 ››
1553 1607 1736 1641 Ingredietur
1750 1607 1827 1635 enim

127 1659 236 1691 θρωπος
269 1650 448 1689 πρωτοθέτως
483 1650 521 1681 εἷς
549 1650 599 1684 τήν
625 1652 673 1677 τοῦ
700 1652 767 1677 Θεοῦ
792 1649 879 1683 αὐλὴν
906 1649 951 1676 ἐπὶ

126 1699 211 1733 νομῇ,
239 1697 298 1728 καθ’
324 1696 356 1730 ἦν
387 1695 505 1732 ἐγκρίνει
531 1694 721 1730 ποιμαίνεσθαι
750 1693 795 1720 καὶ
824 1693 838 1720 ὁ
869 1693 950 1730 μέγας

127 1739 221 1774 Δαυῖδ,
238 1739 314 1767 οὐδὲν
346 1738 588 1776 ὑστερούμενος,εἶ
618 1740 727 1775 νέμεται
753 1739 785 1765 τὰ
814 1739 883 1772 θεῖα,
909 1739 950 1769 οἷς

126 1786 171 1813 καὶ
201 1786 214 1812 ὁ
243 1787 389 1823 κορυφαῖος
418 1784 444 1811 ἐν
474 1782 639 1814 ἀποστόλοις
666 1783 768 1819 [Ιὲτρος
799 1782 890 1819 βόσκει
918 1783 952 1810 τὰ

125 1830 194 1857 κατὰ
221 1829 285 1857 Θεὸν
306 1829 433 1865 ποίμνια.
450 1827 632 1862 Ἑξελεύσεται
661 1825 689 1854 δὲ
718 1827 763 1854 καὶ
791 1827 828 1858 εἷς
856 1826 949 1862 ἐξωτε-

127 1874 204 1912 ρικάς
233 1871 372 1908 πεδιάδας,
402 1872 456 1909 οὐχ
484 1871 552 1899 ὥστε
580 1871 713 1909 κροαίνειν
738 1871 782 1898 καὶ
807 1881 951 1907 κατασκιρ-

127 1921 174 1954 τᾷν
203 1917 248 1945 καὶ
278 1917 345 1949 θέιιν
361 1917 429 1953 πρὸς
459 1916 559 1953 ἄλογον
576 1914 691 1952 ἀγλαίαν
722 1915 759 1946 εἷς
787 1913 863 1942 οὐδὲν
881 1913 950 1950 δεον,

128 1962 192 1990 ἀλλ’
207 1962 251 1990 ἐπὶ
267 1962 435 2000 ψυχοτρόφῳ
450 1962 534 1997 νομῇ,
551 1960 645 1987 ὁποίαν
664 1960 761 1996 μυρίαν
777 1960 822 1986 καὶ
851 1960 876 1987 οἱ
901 1963 950 1994 τῆς

129 2007 179 2042 ἔξω
210 2007 302 2046 σοφίας
331 2006 463 2042 λειμῶνες
492 2005 598 2043 φύουσι.
630 2004 679 2031 Καὶ
707 2005 738 2031 τὸ
760 2004 875 2042 ψυχικὸν
904 2014 950 2031 τα-

129 2054 216 2088 μιεῖον
243 2050 315 2078 οὕτω
329 2050 468 2086 μεστώσας
485 2049 498 2076 ὁ
513 2051 636 2079 τοιοῦτος
663 2048 857 2084 πλουτισμοῖς,
875 2047 920 2078 οὓς
937 2048 950 2074 ὁ

125 2093 314 2132 παμϐασιλεὺς
339 2094 403 2125 Θεὸς
433 2093 518 2132 φιλεῖ,
540 2092 665 2130 ἐξαγάγοι
694 2092 722 2119 ἃν
754 2091 783 2119 ἐκ
805 2093 949 2130 θησαυρῶν

125 2142 228 2170 τούτων
241 2144 295 2169 τῶν
321 2140 388 2168 κατά
403 2140 495 2178 ψυχὴν
519 2139 597 2166 καινά
620 2149 649 2166 τι
673 2138 717 2165 καὶ
741 2138 855 2166 παλαιά“
873 2138 952 2165 καινᾶ

128 2187 187 2224 μὶν,
203 2186 235 2213 τὰ
263 2184 450 2223 θεοπαράόοτα
479 2184 523 2211 καὶ
553 2183 635 2210 αὐτοῦ
666 2185 732 2210 Θεοῦ
757 2181 830 2210 ὅντα’
847 2182 951 2210 παλαιᾶ

126 2230 164 2263 δὲ,
177 2231 211 2259 τὰ
226 2231 270 2258 καὶ
287 2229 321 2258 δι’
337 2230 446 2267 ἑτέρων,
463 2230 504 2256 οἷς
525 2228 738 2264 ἀπεξενωμένοις
766 2228 849 2254 αὐτοῦ
875 2227 951 2263 ὅμως

125 2275 260 2312 ινὲλαμψε
275 2277 374 2313 γνῶσις
398 2274 485 2312 ἀγαθὴ
516 2273 559 2300 ἐπ’
573 2272 691 2323 ὠιρελείᾳ
716 2274 769 2323 τῶίι
792 2272 948 2323 ,ἐσύστερον
966 2289 991 2323 D

122 2319 169 2347 ’ίνα
198 2319 241 2347 καὶ
268 2319 293 2354 ἐξ
322 2318 424 2356 ἀγρίων
449 2318 553 2345 τούτων
588 2317 687 2348 ἀνθέων
718 2316 763 2343 καὶ
791 2316 815 2352 ἐξ
845 2316 951 2343 ἐκείνων

125 2365 236 2400 ἡμέρων
255 2363 464 2399 μελιτοποιῆται
479 2365 538 2394 τοῖς
566 2361 634 2389 κατὰ
659 2361 722 2389 Θεὸν
752 2361 785 2388 τὰ
814 2362 951 2399 χρήσιμα,

125 2407 171 2435 καὶ
203 2406 287 2444 μηδὲν
317 2410 370 2435 τῶν
389 2409 414 2435 ὲν
431 2407 526 2444 κόσμῳ
540 2405 684 2437 ἀσυντελὶς
710 2407 778 2443 ἡμῖν
809 2405 852 2441 εἶή
883 2406 951 2444 πρὸς

127 2452 235 2490 ἀρετήν.

163 2519 206 2550 ις’.
223 2518 282 2546 Ἔτι
300 2516 328 2544 δὶ
345 2517 390 2544 καὶ
417 2515 510 2549 ἄλλως
537 2519 577 2553 τῷ
600 2516 717 2553 τοιούτῳ
744 2518 862 2553 νοήματι
893 2515 951 2543 ἐπι-

125 2561 239 2591 ϐαλεῖν·
269 2564 287 2597 ἡ
317 2561 414 2597 σάλπίε
441 2561 541 2599 ὠφελεῖ
569 2561 601 2587 τὰ
626 2560 653 2592 ἐς
683 2561 786 2597 μάχην,
819 2559 903 2596 μηδὲν
925 2571 950 2587 τι

125 2607 193 2642 αὐτὴ
229 2608 375 2646 φρονοῦσα,
399 2606 421 2641 ᾧ
445 2604 557 2638 κλάζει⁸
585 2603 675 2631 δοτέον
706 2603 752 2631 οὖν
781 2604 826 2631 καὶ
850 2605 896 2631 τὸν
925 2604 950 2631 ἐν

126 2651 219 2690 λόγοις
263 2651 355 2688 μόνοις
392 2649 490 2687 ἀγαθὸν
527 2646 690 2675 διδάσκαλον
717 2647 855 2682 σαλπίζειν
885 2649 952 2676 κατᾶ

129 2697 222 2733 μάχης
251 2693 463 2732 δαιμονιώδους,
491 2693 535 2720 καὶ
566 2691 728 2730 προσεκτέον
759 2691 845 2723 οὕτως
874 2693 949 2722 αὐτό.

124 2743 228 2769 Κτυπεῖ
242 2741 287 2768 καὶ
310 2739 450 2777 τύμπανον
467 2737 537 2765 ἔστιν
565 2736 634 2764 ὅπου
655 2736 748 2774 καίρια
777 2736 802 2764 ἐν
829 2739 868 2773 τῷ
899 2748 951 2773 μη.

159 2851 180 2870 ¹⁵
195 2850 270 2879 Psal.
285 2859 342 2888 an,
357 2851 384 2879 Δ.
423 2850 446 2869 ¹⁶
459 2849 544 2878 Joan.
567 2855 596 2882 x,
611 2847 639 2875 9.

1007 1649 1125 1684 quidem
1148 1649 1335 1685 evangelicus
1364 1649 1451 1677 homo
1467 1650 1495 1677 in
1525 1650 1573 1678 Dei
1590 1650 1688 1678 aulam
1708 1652 1744 1679 ad
1761 1660 1828 1688 pas-

1006 1701 1105 1725 cuum,
1122 1694 1284 1721 secundum
1302 1695 1379 1730 quod
1407 1695 1485 1730 pasci
1502 1695 1605 1730 probat
1632 1704 1758 1729 magnus
1773 1697 1830 1725 Da-

1007 1738 1065 1773 vid,
1080 1738 1126 1765 cui
1144 1738 1217 1765 nihil
1234 1738 1324 1772 deest,
1341 1739 1390 1766 ubi
1408 1739 1627 1767 distribuuntur
1642 1740 1750 1773 divina,
1764 1742 1829 1777 qui-

1007 1782 1061 1810 bus
1077 1782 1247 1818 coryphaaus
1256 1782 1331 1810 inter
1342 1783 1489 1819 apostolos
1499 1786 1601 1812 Petrus
1612 1785 1727 1812 divinos
1739 1786 1831 1821 pascit

1006 1835 1119 1863 greges.
1137 1827 1305 1862 Egredietur
1328 1831 1425 1855 autem
1451 1829 1487 1855 ad
1512 1832 1665 1856 extraneas
1681 1829 1830 1865 planities,

1007 1879 1064 1899 non
1081 1872 1115 1899 ad
1132 1871 1310 1907 pulsandum
1327 1872 1460 1908 pedibus,
1477 1882 1529 1901 nec
1544 1873 1763 1909 exsultandum,
1778 1883 1831 1902 nec

1007 1917 1183 1944 currendum
1200 1925 1251 1952 per
1266 1917 1464 1944 irrationalem
1479 1917 1687 1952 jubilationem
1703 1919 1737 1946 ad
1757 1919 1831 1947 nihil

1007 1961 1128 1996 bonum,
1144 1961 1194 1988 sed
1209 1961 1244 1988 ad
1266 1961 1450 1997 spiritualem
1467 1970 1617 1997 pascuam,
1630 1972 1717 1998 quam
1734 1964 1831 1992 abun-

1007 2006 1125 2033 dantem
1141 2006 1290 2033 exterioris
1306 2006 1456 2042 sapientia}
1473 2009 1556 2042 prata
1574 2008 1747 2035 naturaliter
1763 2017 1832 2044 pro-

1007 2049 1130 2076 ducunt.
1159 2050 1193 2076 Et
1220 2049 1289 2077 talis
1317 2050 1422 2084 homo,
1452 2051 1599 2086 spirituali
1630 2053 1831 2087 promptuario

1007 2093 1050 2120 sic
1066 2093 1175 2121 diviliis
1191 2093 1310 2128 repleto.
1325 2103 1397 2129 quas
1415 2097 1500 2127 Deus,
1513 2103 1649 2122 summus
1665 2096 1833 2124 dominator

1007 2139 1096 2169 amat,
1113 2146 1148 2164 ex
1165 2137 1228 2165 istis
1246 2137 1392 2166 thesauris
1409 2139 1443 2166 ad
1469 2139 1597 2166 animam
1616 2140 1830 2175 pertinentibus

1007 2182 1148 2217 producet
1178 2191 1251 2209 nova
1280 2191 1312 2209 ac
1342 2185 1456 2210 vetera:
1485 2192 1559 2211 nova
1590 2184 1708 2220 quidem
1733 2193 1750 2211 α
1772 2185 1829 2213 Deo

1006 2226 1115 2254 tradita
1139 2226 1245 2261 Deique
1274 2227 1409 2262 propria;
1439 2230 1536 2255 vetera
1565 2231 1661 2255 autem
1687 2237 1750 2264 qua:
1780 2238 1831 2265 per

1007 2271 1081 2299 alios
1098 2271 1181 2306 ﬁunt,
1198 2272 1305 2306 quibus
1335 2271 1371 2299 ab
1385 2272 1448 2307 ipso
1478 2272 1612 2300 alienatis
1642 2273 1717 2301 bona
1732 2276 1830 2302 tamen

1008 2316 1131 2343 scientia
1146 2316 1181 2342 ad
1212 2315 1368 2343 utilitatem
1399 2324 1498 2344 eorum
1530 2317 1580 2352 qui
1609 2318 1722 2345 venturi
1738 2321 1831 2354 erant,

1006 2361 1124 2391 illuxit:
1141 2360 1183 2387 ita
1211 2362 1253 2393 ut,
1270 2369 1302 2387 ex
1332 2361 1497 2396 agrestibus
1525 2361 1590 2389 istis
1607 2362 1728 2390 ﬂoribus
1755 2366 1784 2390 et
1799 2372 1833 2391 ex

1008 2405 1065 2432 illis
1082 2404 1208 2439 lenibus,
1239 2404 1444 2432 melliﬁcentur
1475 2405 1522 2433 Dei
1551 2406 1720 2435 hominibus
1737 2407 1832 2444 utilia,

1007 2451 1036 2477 et
1050 2449 1122 2477 nihil
1139 2449 1167 2476 in
1183 2450 1293 2477 mundo
1311 2450 1348 2477 sit
1363 2450 1448 2478 nobis
1466 2451 1500 2478 ad
1517 2451 1654 2479 virtutem
1671 2452 1768 2480 inane.

1042 2517 1086 2544 46.
1104 2516 1208 2544 Verum
1225 2519 1254 2544 et
1273 2516 1358 2544 aliter
1373 2517 1469 2545 adhuc
1492 2517 1665 2553 hujusmodi
1682 2521 1832 2548 sententias

1007 2561 1233 2589 insistendum:
1265 2562 1300 2589 ad
1330 2565 1476 2590 certamen
1507 2563 1620 2598 proﬁcit
1649 2565 1729 2599 tuba,
1760 2565 1834 2593 nihil

1007 2606 1081 2642 ipsa,
1113 2605 1191 2641 quod
1221 2606 1340 2640 clangit,
1372 2606 1558 2642 intelligens:
1589 2608 1720 2636 dandum
1744 2609 1834 2645 igitur

1006 2653 1050 2678 est
1065 2650 1147 2677 illum
1177 2649 1229 2684 qui
1245 2649 1315 2677 solis
1343 2651 1528 2679 sermonibus
1557 2656 1602 2679 est
1617 2653 1712 2680 bonus
1740 2654 1833 2688 magi-

1006 2696 1077 2727 ster,
1098 2693 1233 2728 clangere
1261 2698 1363 2720 contra
1391 2694 1603 2723 dmmoniorum
1633 2705 1774 2732 pugnam,
1803 2699 1832 2724 et

1004 2738 1046 2767 sic
1062 2737 1112 2766 illa
1128 2737 1254 2766 tenenda
1270 2739 1323 2765 est.
1344 2738 1451 2774 Strepit
1474 2739 1562 2767 etiam
1577 2741 1761 2775 tympanum,
1780 2741 1830 2768 ubi
