2030 3167
249 159 308 190 647

636 155 848 188 EUSTATHII
867 151 1249 185 TBESSALONICENSIS
1270 152 1564 184 METROPOLITzE
1881 160 1925 190 us

250 224 374 261 requirit
388 223 604 260 opportunitas,
621 222 691 258 quin
708 221 780 248 nihil
796 219 941 256 intelligat
954 219 1053 255 ipsum

1133 215 1176 244 δέν
1192 227 1218 244 τι
1239 217 1306 245 αὐτὸ
1330 219 1438 255 φρονιῖν
1453 227 1459 233 ·
1476 218 1618 255 λογιστέον
1642 219 1683 250 εἷς
1709 220 1831 248 τοιοῦτόν
1852 233 1874 250 τι
1894 227 1928 252 καὶ

249 271 320 297 item
336 269 434 304 aliquo
464 269 550 296 modo
582 267 817 294 ratiocinandum
847 268 891 292 est
916 265 951 291 de
975 271 1008 291 eo
1024 263 1074 298 qui

249 314 335 342 malis
351 313 467 349 quidem
490 315 536 340 est
560 312 701 345 moribus,
718 311 768 338 sed
784 309 872 337 verba
901 308 1017 335 virtutis
1032 307 1075 335 lo-

249 359 359 394 quitur,
376 361 404 386 et
432 357 475 385 sic
504 357 669 384 auditorem
700 355 772 382 bene
801 353 940 388 disponit.
966 351 1074 379 Fistula

247 406 409 438 caeteraque
437 402 564 429 musices
593 408 702 435 organa
730 398 887 431 lmtificant,
917 406 984 425 cum
1010 397 1074 431 ipsa

248 448 367 485 quidem
385 446 459 474 nihil
476 446 574 474 sciunt
588 447 616 472 et
630 445 666 471 ab
681 443 747 471 aliis
770 441 963 470 artificialiter
978 441 1012 469 ad
1026 441 1075 476 ju-

247 493 427 521 cunditatem
444 491 639 518 ordinantur:
656 487 783 516 laetificet
806 487 896 523 igitur
912 487 972 522 qui,
988 485 1072 522 quasi

246 538 323 569 talis,
352 538 398 564 est
425 535 626 563 doctrinarum
657 533 844 568 explanator,
870 531 1005 567 quamvis
1036 529 1072 557 ad

246 591 280 610 ea
294 590 358 617 qua
374 582 507 616 spectant
522 579 651 606 animam
668 577 744 605 male
760 577 799 604 sit
813 575 985 611 dispositus.
1003 575 1072 602 For-

246 635 298 654 san
327 625 404 654 enim
431 625 509 652 Deus
539 622 769 651 misericorditer
797 621 959 653 sollicitus,
985 619 1070 646 dimi-

245 671 323 698 diam
340 669 489 706 prohibuit
517 667 715 704 iniquitatem,
732 665 827 701 ipsius
856 673 888 692 os
910 664 1071 699 disponens

244 716 280 743 ad
297 714 479 750 loquendum
494 712 670 748 sapientiam
684 720 690 738 :
711 711 741 738 in
758 713 890 746 tempore
905 711 1003 736 autem
1019 717 1071 744 op-

245 762 371 796 portuno
387 757 471 785 illum
494 757 529 784 ad
560 756 722 784 curandum
739 763 787 782 cor
802 757 890 790 atque
918 753 1071 781 conscien-

244 805 316 831 tiam
333 803 507 837 diriget.Sed
524 801 611 828 etiam
628 800 652 827 si
669 799 741 826 nihil
757 798 901 834 ejusmodi
914 799 949 826 de
965 798 1014 825 illo
1027 805 1071 824 ve-

245 848 335 875 limus
349 848 526 881 exspectare,
544 846 648 872 saltem
672 852 738 871 eum
755 843 833 870 velut
847 843 961 870 asinam
980 843 1069 877 jussu

247 891 295 920 Dei
311 891 438 919 locutam
469 890 653 917 mirabimur.
670 888 840 924 Cogitemus
869 890 966 914 autem
982 886 1068 914 etiam

245 937 322 974 quod
340 935 473 963 fortassis
490 935 546 961 ista
564 933 704 969 loquitur,
721 941 784 968 quas
801 932 881 968 cupit
897 931 1014 967 quidem
1032 931 1067 958 ad

243 983 339 1009 actum
370 980 492 1008 educere
519 978 645 1011 virtutis,
677 977 726 1005 sed
757 985 815 1004 non
840 978 937 1012 potest
952 979 1068 1012 propter

243 1033 361 1062 pravam
378 1023 579 1051 habitudinem
594 1031 601 1055 ;
619 1022 695 1049 unde
720 1021 876 1049 verisimile
902 1023 947 1048 est
960 1029 993 1048 ex
1006 1023 1068 1048 tota

242 1070 342 1098 anima
353 1077 419 1096 eum
437 1067 558 1095 meliora
585 1067 698 1099 (locere,
714 1067 815 1102 sicque
840 1065 923 1098 velle,
938 1065 1067 1092 bonitate

241 1122 421 1147 sermonum,
438 1112 515 1148 quod
534 1112 561 1139 in
588 1119 618 1138 se
643 1111 778 1138 vitiosum
795 1113 849 1143 est,
866 1118 1066 1145 compensare.

241 1160 272 1187 Et
288 1159 328 1186 ita
343 1158 461 1194 quidem
491 1165 544 1184 nec
567 1155 687 1183 omnino
716 1155 899 1190 abjiciendus
914 1156 958 1181 est
973 1162 1066 1181 sacer-

242 1204 304 1236 dos,
322 1202 371 1238 qui
403 1210 459 1228 non
477 1200 506 1228 in
534 1200 664 1227 bonitate
680 1199 784 1227 animis
813 1206 865 1225 nec
893 1206 1012 1233 operum
1029 1197 1064 1224 ad

240 1255 304 1275 eam
322 1245 517 1282 spectantium
535 1245 633 1272 divina
649 1243 899 1279 loquitur,docens
911 1243 1065 1277 utjustum

240 1291 351 1324 est.0ui
366 1299 432 1318 vero
450 1290 517 1317 iecit
541 1289 671 1325 quidem,
687 1289 736 1316 sed
761 1288 864 1324 lingua
891 1287 1064 1314 convenien-

239 1337 280 1364 tia
310 1344 366 1363 non
400 1335 538 1370 loquitur,
569 1333 692 1361 multam
722 1335 749 1360 et
777 1332 840 1368 ipse
868 1332 983 1359 laudem
1014 1339 1066 1367 per

239 1381 293 1408 hoc
310 1380 404 1408 solum
423 1380 515 1407 facere
541 1379 594 1406 sibi
621 1378 766 1405 conciliat.
795 1379 864 1404 Cum
880 1376 958 1404 enim
975 1376 1063 1404 semel

235 1425 379 1461 judicavit
394 1433 467 1460 opus
481 1423 629 1451 efficacius
657 1430 721 1450 esse
736 1430 881 1456 sermone,
906 1421 1063 1456 reputavit-

239 1478 295 1506 que
311 1469 489 1497 ferventibus
505 1467 643 1504 operibus
668 1466 752 1502 quasi
778 1466 946 1493 fermentari
967 1464 1064 1493 consi-

238 1516 388 1543 derantem
404 1514 439 1541 de
454 1513 490 1540 iis
518 1511 694 1544 doctrinam,
711 1511 806 1539 solum
833 1511 909 1546 quod
941 1513 985 1538 est
1000 1510 1063 1537 effi-

238 1560 336 1588 cacius
352 1558 504 1594 amplexus
531 1562 593 1584 est:
619 1559 648 1583 et
676 1556 784 1583 faciens
813 1554 901 1582 simul
917 1555 1019 1587 docet;
1036 1554 1066 1581 et

1132 262 1178 289 τὸν
1203 262 1302 298 ἑτέρως
1330 263 1378 299 μὲν
1405 261 1489 296 ἤθους
1528 261 1591 290 ὅντα
1629 262 1826 300 ἐξηυλημένου,
1852 268 1880 294 τὰ
1901 270 1930 300 εἷς

1132 306 1228 344 ἂρετήν
1245 305 1274 334 δὲ
1301 306 1447 342 λαλοῦντα,
1463 307 1507 334 καὶ
1526 307 1613 339 οὕτως
1640 308 1669 335 εὗ
1701 309 1748 336 τὸν
1771 309 1889 347 ἀκροατὴν
1900 314 1930 341 ἇς.

1130 351 1276 386 μάττοντα.
1297 352 1326 379 Ἦ
1357 351 1461 388 σύριγξ,
1484 352 1529 379 καὶ
1557 352 1606 379 ὅσα
1631 352 1721 380 λοιπὰ
1747 344 1808 381 τῶν.
1826 344 1930 392 ﬁniunt,

1128 394 1264 432 ἕμμουσα,
1295 396 1451 431 τέρπουσιν,
1484 395 1561 424 οὐδὲν
1606 397 1652 433 μὲν
1694 397 1765 425 αὐτὰ
1801 397 1931 437 ἐπισταμένῃ

1129 440 1172 467 ὑπ’
1186 439 1279 467 ἄλλων
1309 439 1338 467 δὲ
1363 442 1496 478 τεχνικῶς
1525 441 1594 478 πρὸς
1622 440 1728 476 ἡδονὴν
1759 443 1930 480 ἁρμοττόμενει-

1126 485 1247 522 τερπέτω
1262 485 1350 512 τοίνυν
1367 485 1405 516 ὡς
1419 485 1543 516 τοιοῦτός
1571 496 1613 517 τις
1640 487 1686 513 καὶ
1718 487 1733 513 ὁ
1762 489 1815 514 τῶν
1831 487 1931 517 διδασκα-

1128 527 1195 556 λιῶν
1226 529 1371 567 ἐξηγητὴς,
1395 529 1418 557 εἱ
1454 530 1501 557 καὶ
1537 532 1570 557 τὰ
1598 530 1624 562 ἐς
1652 532 1751 568 ψυχήν
1783 532 1931 570 ἀναρμόστως

1127 570 1195 610 ἔχει·
1214 573 1293 611 Τάχα
1307 574 1358 611 γὰρ
1375 575 1389 602 ὁ
1405 574 1471 605 Θεὸς
1487 573 1652 610 κηδόμενος,
1675 576 1748 606 τὲως
1767 576 1812 611 μὶν
1827 578 1854 604 τὸ
1867 578 1932 614 ἥμισυ

1125 621 1175 652 τῆς
1199 618 1292 648 κακίας
1315 618 1450 656 ἀπήγαγε,
1472 619 1503 646 τὸ
1530 619 1617 655 στόμα
1641 620 1777 657 ῥυθμίσας
1803 622 1877 649 αὐτοῦ
1899 634 1931 650 σο-

1126 662 1187 701 φίαν
1213 661 1319 690 λαλεῖν·
1346 663 1372 690 ἐν
1398 666 1485 701 καιρῷ
1511 662 1540 691 δὶ
1558 665 1746 701 καθηγήσεται
1778 665 1881 701 μελετᾷν
1900 669 1931 695 καὶ

1124 708 1174 741 τὴν
1195 705 1308 744 καρδίαν
1332 708 1414 734 αὐτοῦ
1430 707 1545 735 σύνεσιν.
1562 708 1594 736 Ei
1617 707 1646 735 δὲ
1673 709 1721 735 καὶ
1746 708 1830 745 μηδὲν
1850 721 1872 738 τι
1889 722 1930 738 τοι·

1126 753 1203 778 οὖτον
1239 750 1367 788 ἐθέλομεν
1403 752 1446 779 ἐπ’
1476 752 1558 780 αὐτοῦ
1595 751 1797 790 καραδοκῆσαι,
1821 753 1877 781 ἀλλ’
1899 756 1930 783 οὖν

1124 795 1297 831 θαυμάσομεν
1326 795 1406 824 αὐτὸν
1435 797 1504 824 κατὰ
1538 798 1590 831 τήν
1624 796 1788 833 λαλήσασαν
1822 797 1876 826 ὄνον
1899 811 1930 827 κε-

1125 838 1213 867 λεύσει
1248 842 1325 868 Θεοῦ.
1353 841 1534 878 Λογισώμεθα
1562 840 1591 869 δὲ
1619 842 1675 876 καὶ,
1704 843 1744 874 ὡς
1778 841 1840 874 ἴσως
1866 844 1929 871 ἐκεῖνα

1126 882 1216 919 λαλεῖ,
1242 885 1291 911 ὅσα
1318 884 1445 922 βούλεται
1471 885 1518 922 μὲν
1542 887 1702 924 κατορθοῦν,
1728 887 1762 914 οὐ
1791 887 1887 915 δύναται
1909 888 1928 916 3‘s

1124 925 1168 955 διὰ
1187 927 1289 966 φαῦλον
1307 929 1476 966 συνιοισμόΨ
1494 929 1554 962 ὅθεν
1582 931 1625 958 καὶ
1655 930 1681 967 ἐξ
1714 930 1786 966 ὅλης
1810 933 1890 970 ψυχῆς
1902 934 1927 960 εἰ-

1122 973 1169 1004 κὸς
1185 971 1319 1000 διδάσκειν
1336 973 1415 1001 αὐτὸν
1436 974 1469 1002 τὰ
1492 974 1642 1011 κρείττονα,
1655 976 1701 1002 καὶ
1735 976 1822 1007 οὕτως
1848 976 1924 1008 ἐθέλειν

1122 1016 1305 1052 ἀντισηκῶσαι
1331 1019 1365 1054 τῇ
1398 1018 1556 1056 ἀγαθωσύνῃ
1584 1022 1637 1047 τῶν
1654 1020 1766 1057 ἀγαθῶν
1781 1021 1812 1048 τὸ
1826 1022 1876 1048 κατ’
1893 1022 1926 1048 αὖ·

1120 1062 1166 1089 τὸν
1191 1062 1383 1098 περιπόνηρον.
1401 1062 1451 1089 Καὶ
1468 1063 1540 1090 οὕτω
1568 1063 1616 1099 μὲν
1639 1063 1670 1091 οὗ
1695 1065 1767 1091 πάνυ
1793 1063 1924 1100 ἀπόϐλητος

1122 1105 1186 1133 οὐδὶ
1201 1105 1298 1143 ἱερεὺς,
1314 1107 1343 1138 ὃς
1361 1108 1399 1142 μὴ
1416 1106 1442 1133 ἐν
1458 1107 1628 1145 ἀγαῦότητιφ
1647 1110 1744 1146 ψυχῆς
1761 1109 1804 1136 καὶ
1822 1112 1869 1136 τῶν
1884 1110 1924 1136 κατ’

1121 1150 1204 1184 αὐτὴν
1233 1148 1319 1188 ἔργων
1335 1152 1392 1178 θεῖα
1408 1150 1498 1185 λαλεῖ,
1516 1151 1661 1186 διδάσκων,
1680 1153 1720 1184 ὡς
1748 1154 1834 1190 θέμις.
1849 1154 1887 1184 ’ος
1906 1153 1924 1180 δὲ

1120 1198 1208 1223 ποιῶν
1226 1196 1284 1232 μὶν⁷
1302 1196 1332 1223 οὗ
1344 1195 1437 1224 λαλῶν
1455 1195 1484 1224 δὲ
1505 1196 1618 1235 γλώσσῃ
1636 1199 1668 1225 τὰ
1698 1199 1845 1236 πρέποντα,
1859 1199 1923 1226 πολὺν

1120 1240 1164 1267 καὶ
1181 1240 1260 1271 αὐτὸς
1276 1240 1384 1268 ἔπαινον
1401 1241 1541 1280 ἐφέλκεται
1567 1243 1626 1269 κατ’
1638 1243 1704 1270 αὐτὸ
1731 1242 1766 1278 δὴ
1796 1243 1837 1271 καὶ
1862 1243 1923 1279 μόνον

1119 1285 1150 1312 τὸ
1172 1288 1270 1312 ποιεῖν.
1298 1285 1398 1324 Κρίνας
1423 1286 1475 1323 γὰρ
1499 1286 1632 1323 καθάπαξ,
1660 1286 1870 1325 δραστικώτερον
1889 1287 1923 1315 λό-

1119 1339 1170 1366 γου
1197 1330 1228 1356 τὸ
1255 1329 1333 1366 ἔργον
1362 1330 1440 1369 εἶναι,
1471 1331 1516 1358 καὶ
1551 1332 1588 1363 ὡς
1624 1333 1682 1359 οἷον
1710 1332 1858 1369 ἐςυμῶσθαι
1881 1335 1923 1362 τοῖς

1120 1373 1278 1405 σπουδαίοις
1299 1374 1390 1412 ἔργοις
1414 1378 1552 1403 κατανοῶν
1577 1377 1622 1403 καὶ
1651 1378 1702 1411 τῆν
1718 1377 1760 1405 ἐπ’
1790 1377 1872 1407 αὐτοῖς
1890 1375 1921 1404 δι-

1120 1417 1280 1453 δασκαλίαν,
1317 1421 1365 1446 τοῦ
1403 1419 1588 1458 ἐνεργεστέρου
1625 1420 1730 1458 γίνεται
1771 1421 1866 1458 μόνον·
1890 1420 1921 1447 καὶ

1119 1463 1244 1497 πράττων
1270 1464 1327 1499 ἅμα
1349 1463 1394 1490 καὶ
1420 1462 1559 1491 διδάσκει·
1586 1465 1631 1492 καὶ
1660 1465 1777 1503 ἐνεργῶν
1807 1466 1876 1496 αὐτὸς
1897 1465 1921 1491 τὰ

1119 1507 1258 1545 εὖλογητὰ
1272 1507 1298 1534 ἐν
1316 1510 1355 1544 τῷ
1381 1509 1439 1535 κατ’
1454 1509 1552 1545 ἀρετὴν
1570 1511 1627 1543 ζῇν,
1644 1510 1689 1537 τόν
1715 1521 1749 1538 τε
1778 1510 1838 1537 Θεὸν
1860 1508 1921 1536 εὐλο-

1118 1556 1161 1590 γεῖ
1173 1552 1259 1585 οὕτως
1288 1553 1314 1580 ὲν
1342 1555 1375 1590 τῇ
1404 1555 1461 1589 ζωῇ
1489 1554 1581 1589 αὐτοῦ,
1606 1555 1758 1592 ψαλμικῶς
1783 1556 1869 1591 εἴπεῖν,
1888 1555 1919 1582 καὶ

237 1612 362 1641 operans
390 1591 452 1638 ipse
477 1610 541 1638 quis
572 1600 722 1637 probanda
739 1602 817 1634 sunt,
846 1600 967 1627 vivendo
979 1601 1062 1634 juxta

1119 1597 1228 1631 ἑτέρους
1257 1596 1388 1631 παιδεύει,
1414 1598 1554 1636 ὁρώμενος
1578 1599 1595 1634 ἢ
1626 1600 1805 1637 ἀκουόμενος.
1822 1600 1920 1634 Ἀληθῶς

236 1650 384 1680 virtutem,
408 1647 451 1674 sic
468 1649 556 1674 Deum
571 1645 599 1672 in
631 1654 686 1673 sua
702 1645 768 1678 vita,
797 1645 959 1672 secundum
985 1643 1063 1671 Psal-

237 1701 352 1721 morum
369 1691 467 1723 verba,
499 1690 653 1725 benedicit,
671 1692 699 1716 at
727 1689 810 1723 alios,
833 1689 913 1716 visus
938 1691 965 1715 et
980 1688 1062 1716 audi-

235 1741 295 1771 tus,
311 1736 416 1765 erudit.
442 1735 515 1763 Vere
545 1735 623 1761 enim
652 1733 816 1768 discipulus
847 1732 1015 1768 intelligens
1029 1741 1063 1759 ex

1118 1642 1169 1680 γὰρ
1185 1642 1199 1669 ὁ
1215 1643 1322 1674 συνετὸς
1348 1643 1484 1679 μαθητὴς,
1501 1643 1531 1670 ἐκ
1554 1646 1607 1671 τῶν
1629 1643 1830 1673 διδασκαλικῶν
1855 1643 1919 1681 ἔργων

1117 1686 1296 1722 τυπούμενοςς
1315 1686 1340 1714 ἐν
1356 1690 1416 1718 ταῖς
1431 1691 1594 1725 πρακτικαῖς
1621 1691 1675 1716 τῶν
1696 1689 1798 1727 ἀρετῶν
1821 1688 1890 1726 ἆλίγα
1907 1687 1918 1721 ἧ

1119 1730 1194 1758 οὐδὲν
1210 1733 1264 1758 τῶν
1278 1731 1319 1758 ἐπ’
1335 1732 1428 1762 αὐταῖς
1445 1731 1627 1760 διδασκαλιῶν
1644 1733 1816 1772 προσδέεται.

234 1783 372 1819 operibus
389 1779 604 1808 doctrinalibus
619 1778 799 1812 eii'ormatus,
815 1777 845 1804 in
861 1778 1002 1804 virtutum
1019 1777 1164 1804 exercitiis
1180 1785 1271 1812 pauca
1296 1777 1339 1804 vel
1365 1777 1442 1805 sulla
1459 1786 1548 1814 super
1575 1778 1621 1807 his
1636 1779 1813 1808 documenta
1837 1786 1916 1806 neces-

233 1828 310 1856 saria
325 1826 423 1854 habet.

270 1881 312 1906 17.
329 1878 443 1906 Scimus
457 1878 544 1904 etiam
571 1875 601 1903 in
623 1875 805 1902 discentibus
834 1877 910 1902 artes
925 1875 1053 1910 plerum—

233 1932 290 1958 que
318 1922 456 1958 operibus
486 1928 674 1955 prosperare:
705 1919 863 1947 observans
892 1919 981 1953 enim,
1005 1919 1054 1955 qui

233 1967 332 1996 studet
348 1966 413 1997 arti.
430 1965 602 2001 magistrum
620 1964 780 1992 secundum
798 1963 877 1991 illius
893 1972 966 2000 opus
985 1964 1055 1991 diri-

232 2012 320 2048 gitur.
337 2011 365 2038 Si
389 2018 454 2038 vero
483 2010 555 2037 forte
584 2018 641 2037 non
667 2009 827 2036 secundum
848 2009 1054 2044 perfectionem

231 2057 331 2094 egerit,
348 2058 418 2083 tunc
444 2062 607 2083 sermonem
638 2054 727 2081 habet
756 2053 888 2089 magistri
908 2053 1054 2089 corrigen-

231 2104 300 2130 tem.
330 2101 478 2136 Frequens
506 2099 596 2126 tradit
630 2097 808 2134 experientia
836 2098 998 2133 discipulos
1027 2100 1056 2125 et

231 2147 389 2181 magistros
402 2145 531 2180 opifices,
546 2144 654 2179 quibus
669 2151 701 2171 ex
719 2143 868 2170 nativitate
880 2143 978 2170 surdis
995 2151 1054 2170 ma-

230 2191 367 2227 gistrales
395 2192 500 2217 natura
528 2187 676 2223 subripuit
705 2195 816 2221 voces;
846 2190 873 2215 et
898 2190 996 2215 tamen
1024 2187 1053 2214 hi

231 2236 349 2271 quidem
378 2235 560 2266 dccuerunt,
590 2233 631 2260 illi
661 2240 727 2260 vero
756 2232 931 2267 didicerunt,
961 2240 1055 2267 neque

231 2280 452 2316 praemittentes,
483 2286 577 2313 neque
611 2277 784 2313 recipientcs
814 2285 976 2309 sermones,
1005 2277 1054 2303 sed

229 2325 396 2352 erudientes
412 2326 440 2350 et
454 2322 561 2350 eruditi
591 2321 748 2357 operibus;
766 2329 829 2357 qua:
858 2321 975 2356 quidem
991 2329 1050 2348 ser-

228 2377 350 2396 monum
367 2367 560 2399 substantias,
576 2366 620 2394 vel
645 2366 806 2393 ineffabiles
831 2373 992 2399 sermones,
1009 2366 1051 2393 vel

228 2413 357 2440 viventes
386 2411 547 2439 sententias
577 2420 633 2438 non
664 2410 812 2438 immerito
840 2411 906 2445 quis
929 2413 1051 2438 vocaret.

229 2457 337 2485 Omitto
360 2456 455 2484 dicere
484 2455 645 2483 annuentia
673 2455 717 2483 vel
742 2455 895 2482 reuuentia
924 2455 1008 2491 signa
1025 2455 1052 2482 in

229 2501 339 2537 templo
351 2500 501 2528 Ammonis
516 2503 545 2528 et
561 2500 694 2527 fortassis
708 2499 778 2527 alibi
795 2499 932 2535 usitata,a
947 2499 1054 2535 quibus

229 2547 293 2575 sine
309 2553 377 2573 voce
393 2545 545 2572 discebant
561 2545 727 2572 desiderata
750 2544 935 2572 consulentes
951 2553 1053 2572 oracu-

228 2591 301 2620 lum.
319 2589 511 2618 Celebrantur
538 2591 567 2616 et
588 2589 645 2616 alia
674 2589 807 2623 quaedam
838 2589 985 2617 actionum
1002 2589 1052 2616 do-

227 2637 367 2665 cumenta
396 2642 446 2669 per
473 2641 616 2662 manuum
643 2633 818 2668 ministeria,
836 2633 946 2669 absque
973 2633 1054 2661 locu-

225 2682 316 2710 tione.
334 2682 368 2707 Εἰ
382 2679 446 2711 hoc,
463 2680 609 2714 quatenus
625 2679 720 2704 totum
737 2685 795 2705 uno
821 2679 917 2713 potest
931 2678 1054 2705 demon-

227 2725 314 2754 strari
329 2723 473 2759 exemplo,
489 2721 593 2749 exinde
608 2721 797 2749 manifestum
815 2724 870 2750 est.

266 2778 307 2806 18.
323 2779 381 2805 Rex
410 2775 530 2812 quidam
558 2783 592 2802 ex
620 2774 780 2811 antiquisa
808 2775 939 2803 factiosis
954 2775 1054 2812 gravia

225 2822 379 2851 sustinens
396 2822 424 2849 et
439 2819 540 2849 auxilii
553 2819 630 2848 viam
654 2827 787 2855 quaerens
810 2820 892 2848 misit
905 2820 942 2848 ad
958 2819 1052 2849 virum

1148 1876 1189 1908 ιζ’.
1206 1872 1323 1910 Οἴδαμεν
1351 1874 1396 1901 καὶ
1410 1884 1509 1912 τεχνας
1538 1876 1572 1903 τὰ
1594 1875 1683 1904 πλείω
1709 1877 1758 1913 μὶν
1781 1875 1862 1915 ἔργοις
1871 1874 1914 1902 εὖο-

1111 1917 1243 1954 δουμένας
1272 1917 1299 1946 ἐν
1330 1921 1387 1950 τοῖς
1417 1919 1594 1956 μανθάνουσιν
1612 1931 1619 1938 ν
1649 1920 1808 1958 ἐντρανίζων
1835 1920 1878 1958 γὰρ
1901 1918 1911 1944 ό

1109 1963 1292 2001 τεχνοῦμενος
1305 1965 1345 2000 τῷ
1368 1965 1520 2002 καθηγητῇ,
1537 1965 1605 2003 πρὸς
1635 1967 1666 1992 τὸ
1687 1967 1746 1993 κατ’
1771 1966 1863 1994 ἐκεῖνον

1109 2018 1156 2046 ¹γον
1173 2007 1320 2036 εὐθύνεται,
1337 2008 1367 2036 El.
1395 2007 1423 2035 δέ
1438 2019 1490 2036 που
1506 2009 1549 2036 κάὶ
1564 2009 1713 2048 σφάλλοιτο
1729 2013 1778 2038 τοῦ
1792 2010 1827 2041 εἷς
1852 2006 1910 2044 ἀκρί-

1110 2050 1195 2086 ϐειαν,
1212 2052 1273 2080 τότε
1293 2051 1325 2087 δὴ
1342 2053 1387 2080 καὶ
1417 2053 1499 2091 λόγον
1521 2053 1639 2092 εὑρίσκει
1668 2054 1860 2093 ἐπανορθοῦν-ια
1879 2050 1911 2079 δι-

1110 2095 1289 2129 δασκαλικῶς.
1306 2096 1494 2135 Ιῐαραδίόωπιν
1524 2099 1541 2133 1‘,
1574 2099 1659 2136 συχνή
1677 2102 1757 2137 πεῖρα
1785 2099 1826 2127 καὶ
1841 2102 1911 2134 μαθη-

1108 2142 1156 2173 τὰς
1171 2142 1216 2169 καὶ
1238 2141 1417 2173 διδασκάλους
1441 2143 1638 2180 χειρώνακτας,
1655 2145 1691 2171 ὧν
1717 2144 1853 2182 παρείλετο
1877 2139 1909 2168 καῖ

1108 2187 1156 2217 τὰς
1187 2185 1371 2218 διδασκάλους
1407 2187 1497 2226 φωνὰς
1522 2189 1539 2222 ἡ
1565 2188 1643 2227 φύσις
1677 2190 1863 2228 κωφευσάντων
1890 2184 1911 2212 ἐκ

1109 2235 1225 2268 γενετῆς·
1243 2231 1286 2258 καὶ
1318 2231 1394 2268 ὅμως
1424 2233 1448 2258 οἳ
1482 2232 1529 2269 μὶν
1560 2231 1691 2270 ἐδίδαξαν,
1712 2235 1738 2261 οἱ
1769 2233 1797 2262 δὶ
1821 2231 1909 2269 ἔμαθονι

1111 2275 1141 2302 οὗ
1158 2275 1259 2313 λόγους
1278 2276 1435 2312 προϊέμενοι
1464 2277 1509 2304 καὶ
1535 2276 1734 2315 εἶσδεχόμινοι,
1761 2278 1829 2307 ἀλλὰ
1849 2273 1910 2303 σθοῖ·

1111 2323 1200 2354 ζοντες
1229 2320 1273 2348 καὶ
1295 2320 1469 2359 σοφιζόμενοι
1494 2320 1594 2359 ἔργοις·
1611 2322 1679 2360 ἅπερ
1708 2324 1760 2351 οὐκ
1788 2323 1815 2350 ἃν
1839 2320 1909 2359 ἀφυῶς

1110 2363 1199 2402 λόγων
1222 2364 1324 2400 οὐσίας,
1345 2365 1362 2399 ἢ
1388 2364 1488 2402 λόγους
1508 2364 1720 2403 ιῖινεκλαλῆτους⁷
1737 2368 1754 2402 ἢ
1781 2367 1856 2402 ζώσας
1879 2362 1910 2389 έν-

1108 2408 1182 2438 νοίας
1217 2408 1348 2445 ὀνομάσαι
1377 2420 1430 2440 τις.
1461 2410 1513 2437 Ἐῶ
1561 2411 1649 2448 λέγειν
1684 2411 1846 2440 κατανεύσεις
1875 2405 1907 2434 καὶ

1108 2453 1262 2484 ἀνανεύσεις
1286 2453 1320 2480 τὰ
1348 2453 1372 2480 ἐν
1403 2454 1564 2490 Ἄμμωνος,
1586 2453 1651 2486 ἴσως
1681 2454 1710 2483 δὲ
1737 2456 1780 2483 καὶ
1809 2453 1907 2492 ἑτέρωθι,

1109 2496 1145 2524 δι’
1160 2496 1196 2524 ὧν
1212 2497 1328 2536 ἀφώνως
1344 2497 1516 2526 ἐδιδάσκοντο
1535 2499 1569 2526 τὰ
1593 2499 1695 2534 θελητὰ
1721 2500 1746 2527 οἱ
1771 2494 1905 2538 χρησμοδο-

1107 2541 1247 2578 τούμενοι.
1272 2542 1446 2580 Περιᾴδονται
1473 2544 1515 2571 καὶ
1546 2542 1640 2576 ἄλλως
1670 2543 1834 2572 διδασκαλίαι
1855 2539 1907 2568 τινὲῖ

1109 2586 1230 2624 πράξεων
1261 2587 1287 2615 ἐν
1318 2587 1478 2625 ὑπουργίαις
1507 2591 1608 2626 χειρῶν
1642 2588 1708 2627 δίχα
1746 2589 1845 2618 λαλιᾶς-
1865 2582 1906 2612 Καί

1110 2630 1195 2666 δῆλον
1213 2632 1277 2659 αὐτὸ
1293 2632 1402 2667 ἐκεῖθεν,
1419 2633 1456 2664 ὡς
1470 2632 1496 2668 ἐξ
1509 2633 1569 2664 ἑνὸς
1593 2633 1711 2672 ἐμφῆναι
1735 2634 1767 2662 τὸ
1790 2635 1835 2661 πᾶν
1857 2630 1906 2657 ὑπο-

1109 2675 1265 2714 δείγματος.

1145 2775 1191 2810 ιη’.
1209 2774 1339 2807 Βασιλεύς
1368 2786 1410 2808 τις
1441 2778 1495 2803 τῶν
1522 2775 1607 2804 πάλαι
1639 2775 1710 2804 δεινὰ
1736 2775 1843 2813 πάσγων
1868 2768 1906 2798 ὑπὸ

1109 2823 1288 2857 στασιαστῶν,
1317 2821 1361 2848 καὶ
1394 2821 1568 2859 τεχνώμενος
1603 2820 1758 2858 ἐπικουρίας
1800 2814 1904 2858 μέθοδονι
