2030 3167
111 166 173 197 6Ᾱ9

612 165 652 195 ΙΝ
674 164 707 195 S.
730 141 1070 200 QUADRAGESIDEAM
1093 163 1241 194 ORATIO
1263 163 1316 194 ΠΙ.

1757 166 1817 196 650

108 231 261 260 ἐπέστειλεν
306 230 382 270 ἀνδρὶ
423 233 500 271 σοφῷ
541 229 765 269 προκαλούμενος
805 228 932 266 διδάξειν,

990 230 1153 266 sapientem
1167 230 1300 266 rogitans
1311 231 1342 257 ut
1357 230 1474 258 doceret
1485 239 1612 267 quanam
1628 231 1741 261 ratione
1751 233 1816 261 tuto

109 276 199 313 ὁποίῳ
226 275 259 312 δή
288 287 340 304 τινι
368 276 464 314 τρόπῳ
492 276 518 303 ἐν
544 275 659 314 ἀσφαλεῖ
673 275 868 310 καταστήσεται
884 275 933 309 τήν

108 322 212 360 ἀρχήν.
241 321 290 348 Καὶ
321 320 448 357 ἐπέμενεν
473 321 488 347 ὁ
509 319 650 358 βασιλικὸς
673 318 838 353 ἀπόστολος,
855 319 937 346 ἄπαις

106 369 162 394 τῶν
179 366 355 404 ἀντιγραφὴν,
387 363 415 392 εἷ’
440 366 499 395 πῶς
526 363 721 399 παλινοστήσει
741 363 812 400 ταχὺ
830 363 873 390 ἐπὶ
888 363 934 390 τὸν

107 411 265 448 πέμψαντα.
280 411 324 441 Ὧς
341 409 369 437 δὲ
395 409 475 440 αὐτὸς
507 409 554 445 μὲν
587 408 715 444 ἐνέκειτο,
744 408 813 435 πάνυ
830 406 933 446 ὀχλῶν,

109 457 124 483 ὁ
141 454 170 482 δὲ
183 455 265 493 σοφὸς
280 453 359 482 ὤκνει
373 455 423 488 τὴν
438 453 558 492 γράφήν,
588 451 696 488 δεδιὼς,
722 452 810 489 οἶμαι,
836 453 874 489 μή
890 451 935 479 καὶ

107 501 214 538 γράψας
238 497 367 527 ἔκπυστον
397 499 473 534 θήσει
501 498 533 526 τὸ
566 497 731 535 μυσνηρικὸν
760 495 934 524 διδασκάλιον

109 543 257 581 ὁτῳδήτινι
272 543 366 582 τρόπῳ
385 544 429 571 καὶ
457 542 550 581 βλάψῃ
564 543 610 570 τὸν
639 542 822 580 ἐρωτήσαντα,
850 551 935 579 προσ-

109 587 278 626 λαμϐάνεται
306 589 352 616 τὸν
368 587 572 624 ἀπεσταλμένον
598 587 636 618 είς
651 585 763 614 ὀπαδόν·
780 586 825 613 καὶ
841 583 935 623 (ἔλαχε

106 635 160 671 γὰρ
189 633 263 670 ἀκμὴ
293 632 386 669 θὲρους
401 633 478 670 εἶναι)
506 630 671 670 παραδύεται
687 631 725 662 εἷς
751 631 816 668 βαθὺ
842 629 934 665 λήϊον,

107 679 154 706 καὶ
170 678 316 716 γυμνώσας
347 678 507 715 μαχαίριον,
523 676 609 714 ἔκειρε
625 674 761 714 σποράδας
779 677 832 702 τῶν
855 675 935 701 ἀστα-

106 723 197 762 χύων,
228 722 290 750 ὅποι
306 722 409 760 ἐξεῖχον
426 721 453 752 ἐς
471 725 558 758 μῆκος
581 721 646 759 ὑπὲρ
660 720 723 751 τοὺς
748 718 874 750 λοιπούς·
889 719 934 746 καί

105 770 188 796 τοῦτο
212 768 329 802 ποιήσας
358 766 501 802 ὑπεξῆλθε,
529 766 573 793 καὶ
600 764 721 798 ἀπῆλθεν
750 763 832 800 οἴκοι,
852 769 934 796 καθε-

106 812 189 848 στὼς,
220 812 260 851 εφ¹
288 812 330 842 οἷς
354 812 387 846 ἦν
403 811 448 838 καὶ
464 811 572 849 πρώην.
601 811 629 838 Ὀ
645 808 673 837 δὲ
690 808 834 848 βασιλικὸς
849 807 932 836 πάλιν

105 857 141 892 ἦν
156 855 191 884 δι’
218 854 317 894 ὄχλου,
334 855 467 892 ἀπαιτῶν,
495 854 510 883 ὅ
535 855 580 883 καὶ
603 855 746 892 πρότερον.
773 854 818 885 Ὡς
833 852 861 880 δὲ
885 855 934 880 τοῦ

105 902 196 940 σοφοῦ
222 899 306 938 μηδὲν
325 901 394 937 μήτε
408 900 549 937 λέγοντος,
579 900 648 936 μήτε
675 898 852 936 πράττοντος,
866 897 931 933 ἐξω-

104 945 218 974 νείδισεν
236 946 249 973 ὁ
264 947 312 972 τοῦ
339 943 481 982 βασιλέως,
499 944 530 972 οὐ
544 943 616 972 καλὰ
640 943 754 981 πάσχειν
779 942 929 981 γογγύζων,

105 991 131 1018 εἰ
149 989 220 1028 μηδὲ
233 989 317 1027 λόγου
333 989 446 1024 ἀξιοῖτο,
477 989 580 1026 μακράν
608 998 636 1016 τι
652 987 723 1015 οὕτω
750 987 818 1014 κατὰ
845 997 930 1014 σπου-

105 1034 157 1070 δὴν
188 1033 250 1062 ὁδὸν
275 1033 460 1070 στειλάμενος,
488 1033 533 1060 καὶ
560 1034 610 1067 τῆς
632 1031 743 1063 ἐλπίδος
759 1031 786 1063 ἐς
801 1034 929 1059 τοσοῦτον

104 1079 302 1116 ἆπαιωρηθείςο
332 1078 445 1106 ἐλταῦθά
459 1088 492 1115 γε
521 1078 534 1105 ὁ
563 1075 719 1114 ἔμπρακτος
735 1075 867 1111 ἐπιλύτης
881 1079 932 1111 τῆς

107 1122 255 1161 βασιλικῆς
270 1123 384 1160 ἀπορίας
408 1121 570 1156 λακωνίσας,
602 1121 693 1159 ὥσπερ
709 1119 780 1159 ἔργῳ
801 1123 841 1157 τῷ
863 1121 931 1148 κατὰ

101 1168 155 1202 τήν
171 1167 293 1204 ἐπιτομὴν
308 1169 362 1195 τῶν
392 1166 544 1204 ἀσταχύων,
562 1165 633 1194 οὕτω
655 1165 699 1194 καὶ
715 1164 793 1203 λόγῳ
808 1165 847 1201 τῷ
863 1165 931 1203 πρὸς

103 1211 240 1246 ἐπίλυσιν,
269 1211 400 1246 "Andes,
432 1211 514 1246 εἶπεν,
532 1211 590 1238 ὅθεν
618 1209 746 1245 ἐστάλης,
766 1209 811 1237 καὶ
835 1210 866 1237 τὸ
885 1220 928 1237 τε-

104 1256 236 1293 θεαμένον
252 1254 423 1294 ἀνάγγειλον.
449 1257 500 1284 Καὶ
527 1255 607 1287 αὐτὸς
634 1255 681 1291 μὶν
698 1254 770 1282 οὕτω
798 1253 928 1292 φάμενος,

104 1299 210 1328 ἔκλεισε
224 1300 255 1328 τὸ
282 1297 390 1338 βιϐλίον
415 1303 463 1334 τῆς
488 1298 596 1330 λαλιᾶς.
620 1300 648 1326 Ὁ
677 1298 705 1326 δὲ
728 1298 844 1329 ἀκούσας
865 1298 930 1326 διπέ-

104 1355 180 1382 κρινε
201 1345 248 1381 μὲν
263 1344 309 1372 τὸν
337 1345 418 1383 σοφὸν
433 1342 515 1380 ἄνδρα
538 1345 591 1371 τῶν
618 1343 685 1381 ὁρθᾶ
699 1342 880 1381 φρονούντων,
897 1343 929 1370 οὐ

105 1390 227 1428 φρενήρη
248 1388 440 1427 γνωματεύσας
466 1388 578 1416 ἐκεῖνον·
609 1387 726 1425 ἐψεύσθη
752 1386 780 1414 δὲ
794 1389 844 1420 τῆς
868 1387 930 1425 κρί-

105 1444 175 1465 σεως
190 1434 216 1465 ἐς
235 1434 267 1461 τὸ
281 1436 344 1462 πᾶν.
378 1433 408 1462 ’0
427 1432 477 1471 γάρ
502 1439 548 1460 τοι
574 1432 668 1469 κύριος
697 1430 825 1470 βασιλεὺς
848 1441 929 1459 κατα-

102 1479 190 1515 κύψας
206 1478 243 1510 εἶς
271 1478 352 1516 βάθος
380 1479 429 1505 τοῦ
455 1476 629 1515 ἠγγελμινου
658 1475 749 1514 ἔργου,
773 1476 931 1514 καθεώρακι

102 1523 154 1557 τήν
185 1523 368 1561 ἀγχίστροφον
383 1521 428 1549 καί
447 1521 553 1559 βαθεῖαν
581 1519 756 1548 διδασκαλίαν
769 1522 818 1547 τοῦ
834 1522 930 1559 σοφοῦ,

102 1568 148 1595 καὶ
164 1567 214 1601 τὴν
230 1565 275 1594 διὰ
298 1566 393 1604 χειρὸς
408 1565 523 1604 ἔμφασιν
552 1568 600 1593 τοῦ
627 1565 694 1592 κατὰ
720 1565 812 1602 ψυχὴν
835 1563 928 1602 λόγου·

990 274 1103 303 salvam
1135 274 1256 313 haberet
1283 276 1470 310 potestatem.
1500 275 1533 303 Et
1566 277 1744 313 exspectavit
1770 285 1816 305 re-

990 320 1056 355 gius
1070 311 1195 355 legatus;
1217 319 1391 356 rescriptum
1416 323 1518 356 petens
1542 322 1575 348 ut
1590 311 1669 349 brevi
1695 322 1731 350 ad
1747 331 1816 351 eum

991 363 1040 399 qui
1066 363 1196 397 miserat,
1227 363 1342 391 rediret.
1373 364 1443 392 Cum
1474 366 1572 392 autem
1603 366 1665 401 ipse
1689 366 1815 395 multum

990 407 1135 436 sollicitus
1159 408 1291 443 instaret,
1307 410 1335 436 et
1359 408 1476 444 sapiens
1491 409 1635 445 scriptum
1660 410 1729 438 dare
1751 419 1815 439 mo-

990 454 1113 486 raretur,
1139 453 1257 487 timens,
1283 455 1365 488 puto,
1387 461 1423 480 ne
1446 452 1642 489 qualicunque
1666 455 1764 489 modo,
1790 456 1816 484 si

991 498 1099 533 scripto
1117 498 1293 533 patefaceret
1313 497 1521 533 mysteriosum
1537 498 1757 533 documentum,
1773 499 1817 527 illi

990 541 1041 578 qui
1056 541 1285 578 interrogaverat
1309 544 1436 576 noceret,
1453 542 1578 570 missum
1595 543 1651 570 sibi
1677 543 1815 572 comitem

990 586 1144 622 sdjungit;
1172 589 1209 620 et,
1227 594 1293 614 cum
1318 589 1386 614 tunc
1411 587 1507 614 media
1533 587 1655 615 ferveret
1673 590 1770 623 testas,
1786 588 1816 616 in

990 639 1076 667 agros
1103 631 1312 658 frumentarios
1341 632 1499 667 penetrat;
1530 633 1567 666 et,
1597 632 1707 660 nudato
1735 641 1816 668 ense,

989 675 1120 703 diversas
1142 675 1289 703 abscindit
1313 676 1420 711 spicas,
1443 684 1624 712 quiscunque
1648 685 1736 713 super
1760 686 1816 705 ca:-

988 721 1067 748 teras
1083 719 1236 748 altitudine
1262 720 1440 756 praestabant
1455 729 1461 754 ;
1478 723 1516 756 et,
1544 720 1599 748 hoc
1615 720 1700 755 facto,
1716 729 1816 758 egres-

990 773 1041 792 sus
1066 767 1121 800 est,
1137 767 1166 792 et
1189 765 1310 793 domum
1335 764 1431 796 rediit,
1448 764 1495 799 iis,
1521 765 1629 800 quibus
1644 767 1707 794 erat
1731 768 1817 794 antea

989 810 1165 846 prepositus
1181 809 1216 837 de
1233 817 1305 837 novo
1330 809 1490 845 imperans.
1506 809 1616 846 Regius
1640 812 1738 838 autem
1754 812 1817 839 erat

989 855 1084 882 denuo
1100 853 1254 887 sollicitus,
1266 854 1367 881 eadem
1383 862 1444 889 qua:
1460 853 1555 890 prius,
1566 854 1662 882 denuo
1673 855 1815 891 rogitans.

988 899 1060 927 Cum
1076 907 1142 927 vero
1158 898 1277 935 sapiens
1297 898 1369 926 nihil
1385 898 1495 926 diceret
1510 907 1562 926 nec
1578 899 1695 932 faceret,
1712 907 1816 936 expro-

985 943 1110 971 bravita
1125 951 1202 979 _rege
1224 942 1346 976 missus,
1371 951 1429 970 non
1444 943 1519 970 bene
1543 951 1644 971 secum
1669 944 1715 980 agi
1731 952 1815 972 mus-

985 987 1090 1022 sitans,
1116 987 1173 1015 nisi
1202 987 1288 1015 verbo
1312 987 1420 1023 dignus
1445 987 1612 1022 haberetur,
1639 990 1700 1016 tam
1728 988 1816 1025 longa

985 1031 1042 1060 cito
1068 1032 1186 1059 functus
1209 1031 1266 1065 via,
1291 1033 1431 1067 tantaque
1459 1040 1510 1067 spe
1541 1031 1710 1060 frustratus.
1734 1034 1815 1061 Tunc

985 1077 1125 1104 strenuus
1131 1077 1215 1112 regis
1222 1075 1430 1104 sollicitudinis
1436 1075 1812 1112 solutor,quemadmodum

985 1120 1015 1148 in
1030 1119 1211 1149 abscissione
1226 1120 1374 1156 spicarum
1389 1122 1484 1155 antea,
1496 1120 1539 1148 sic
1554 1120 1673 1149 nuncin
1685 1121 1814 1158 explica-

984 1165 1063 1193 tione
1079 1165 1187 1193 verbali
1210 1164 1370 1199 laconicus,
1388 1176 1402 1190 «
1419 1165 1485 1199 Abi,
1502 1165 1609 1201 inquit,
1625 1167 1654 1193 et
1676 1167 1754 1202 quod
1769 1166 1811 1194 vi-

985 1210 1055 1238 disti
1068 1210 1215 1238 renuntia.
1232 1220 1246 1234 n
1267 1210 1302 1237 Et
1317 1209 1359 1238 sic
1373 1209 1437 1246 ipse
1453 1209 1541 1245 fatus,
1558 1209 1714 1238 locutionis
1730 1211 1813 1239 clau-

985 1253 1024 1282 sit
1046 1254 1166 1282 librum.
1197 1254 1251 1287 Qui
1275 1262 1341 1282 vero
1366 1253 1508 1288 audierat,
1535 1253 1668 1282 distinxit
1692 1255 1811 1291 quidem

984 1299 1079 1326 virum
1101 1298 1264 1334 sapientem
1288 1307 1323 1326 ex
1339 1301 1416 1326 recte
1440 1298 1634 1335 sapientibus,
1660 1307 1717 1328 non
1733 1308 1812 1328 sanas

985 1344 1093 1372 mentis
1108 1351 1175 1371 eum
1189 1344 1359 1378 aestimans;
1375 1344 1425 1372 sed
1438 1352 1559 1380 prorsus
1575 1344 1681 1373 erravit
1687 1345 1812 1381 judicio.

984 1388 1125 1416 Dominus
1147 1388 1225 1416 enim
1242 1389 1306 1424 ejus
1330 1395 1381 1416 rex
1405 1389 1434 1416 in
1450 1388 1546 1425 operis
1571 1390 1730 1418 renuntiati
1745 1399 1813 1427 pro-

985 1433 1111 1461 fundum
1135 1433 1263 1468 intuens,
1279 1433 1407 1461 vividam
1424 1441 1457 1461 ac
1482 1433 1572 1461 altam
1597 1434 1739 1470 sapientis
1764 1435 1812 1463 do-

985 1477 1122 1511 ctrinam,
1134 1480 1162 1505 et
1177 1477 1351 1514 patefactam
1362 1486 1463 1512 manu,
1473 1478 1619 1506 sermonis
1630 1478 1710 1507 intus
1720 1479 1812 1508 laten-

985 1521 1023 1549 tis
1039 1521 1246 1550 revelationem
1270 1522 1421 1557 conspexit
1433 1530 1440 1555 ;
1466 1523 1495 1550 et
1509 1521 1652 1550 intellexit
1667 1531 1810 1560 superan-

985 1566 1061 1594 tium
1089 1566 1238 1602 spicarum
1267 1566 1479 1594 absoissionem
1503 1566 1715 1595 documentum
1746 1575 1811 1596 esse

102 1611 149 1640 καὶ
165 1611 330 1647 ἀπελύσατο,
352 1612 402 1646 τὴν
433 1612 486 1638 τῶν
500 1611 677 1649 προεχόντων
694 1609 836 1647 ἀσταχύων
860 1609 928 1637 ἀπο-

989 1611 1021 1639 de
1036 1611 1211 1639 necessitate
1226 1618 1276 1638 eos
1291 1618 1307 1638 e
1322 1610 1417 1638 medio
1433 1610 1554 1639 tollendi
1570 1611 1620 1647 qui
1636 1612 1712 1639 inter
1733 1612 1810 1641 cives

102 1657 193 1693 τομὴν
210 1654 331 1694 δίδαγμα
345 1655 411 1683 εἶναι
443 1655 491 1682 τοῦ
517 1658 618 1693 χρῆναι
647 1653 774 1682 κολούειν
788 1653 851 1685 τοὺς
874 1655 928 1681 τῶν

105 1700 229 1729 πολιτῶν
246 1700 285 1732 εἰς
311 1700 408 1738 θράσος
434 1699 631 1737 ἐπαιρομένους
665 1699 855 1737 ὑπερηφάνως,
885 1698 929 1726 καὶ

106 1745 194 1777 οὕτως
207 1745 358 1784 ἐξέχοντας.
390 1744 440 1774 Καὶ
468 1747 549 1772 τοῦτο
579 1743 717 1782 διαγνοὺς,
733 1743 778 1771 καὶ
793 1743 851 1771 κατ’
865 1743 929 1781 αύτὸ

105 1793 203 1827 ποιῶν,
220 1791 306 1826 ἐαυτῷ
331 1791 380 1825 τὴν
412 1788 551 1828 βασιλείαν
576 1788 803 1828 κατησφαλίζετο,
836 1787 928 1824 μαθὼν

105 1835 163 1864 οὐδ’
178 1834 258 1867 αὐτὸς
274 1835 349 1873 λόγω
364 1835 394 1862 τὸ
410 1833 578 1871 ποθούμενον
592 1831 843 1868 διδασκάλιον,άλλ’
857 1830 930 1870 ἔργῳ

103 1881 144 1917 τῷ
160 1879 206 1908 διὰ
217 1877 382 1907 διδασκάλου
397 1881 491 1918 σοφοῦ.

143 1935 186 1966 it)’.
202 1933 306 1963 Οὐκοῦν
323 1932 445 1972 φανερὸν,
468 1931 515 1959 ’ίνα
545 1932 582 1968 μὴ
603 1930 692 1959 πλείω
708 1930 734 1959 ἐν
756 1933 815 1962 τοῖς
839 1931 931 1958 τοιούο

105 1989 163 2010 τοις
191 1975 384 2014 διατρίϐωμεν,
418 1977 456 2008 ὡς
496 1975 551 2004 ἔστι
589 1974 760 2008 διδάσκεσθαι
795 1977 870 2012 ἡμᾶς
898 1975 932 2002 τὰ

105 2022 188 2057 καλα,
217 2022 263 2050 καὶ
292 2023 337 2050 ὅτε
364 2021 489 2060 πράξεσιν
509 2021 644 2058 ἐναρέτοις
669 2017 856 2056 ἐμϐλέπομιν,
885 2019 931 2046 καὶ

110 2069 148 2099 ὡς
176 2067 318 2107 ἐγκωμίων
339 2066 412 2102 ἅξίος
435 2065 479 2094 καὶ
505 2066 519 2093 ὁ
534 2067 620 2093 ποιῶν
640 2065 672 2092 τὸ
695 2064 778 2092 καλὸν
798 2063 930 2101 σιγηλῧκ,

107 2114 151 2141 καὶ
181 2111 330 2150 μονονουχὶ
345 2111 372 2138 ὲν
399 2113 440 2147 τῷ
466 2109 622 2148 ἐργάζεσθαι
650 2108 736 2146 λέγων
751 2111 810 2139 τοῖς
826 2107 932 2144 θεωμέ-

108 2167 165 2189 νοις
179 2157 221 2185 τό·
241 2169 254 2183 u
269 2157 313 2188 Ὠς
342 2155 407 2193 ἐγὼ,
437 2154 508 2182 οὕτω
534 2153 578 2181 καὶ
604 2153 692 2189 ὑμεῖς.
721 2164 736 2178 ››
760 2151 840 2182 Οὕτω
865 2151 933 2179 κατὰ

107 2203 138 2229 τὸ
153 2202 230 2240 ἅγιον
251 2199 420 2238 Εὐαγγέλιον
449 2200 475 2227 oi.
503 2198 649 2236 βλέποντες
674 2197 707 2225 τὰ
730 2195 756 2224 ἓν
781 2207 836 2224 τισι
862 2195 933 2224 καλὰ

109 2244 175 2284 ἔργα
187 2245 329 2281 δοξάζουσι
343 2246 390 2272 τὸν
406 2243 481 2272 Θεόν·
509 2243 554 2271 καὶ
584 2242 655 2270 οὕτω
684 2241 787 2278 λάμπει
815 2241 846 2268 τὸ
863 2241 931 2268 ἀπο-

986 1657 1015 1684 in
1032 1656 1159 1692 majores
1181 1656 1264 1691 justo
1290 1655 1413 1691 spiritus
1436 1655 1546 1683 sublati
1571 1656 1761 1684 excedebant.
1777 1657 1811 1684 Et

984 1701 1039 1728 hoc
1061 1700 1159 1737 agnito
1185 1702 1213 1728 et
1237 1707 1349 1728 revera
1373 1700 1460 1734 facto,
1476 1700 1531 1728 sibi
1556 1708 1676 1736 regnum
1693 1701 1722 1729 iu
1747 1703 1810 1729 tuto

985 1745 1093 1782 posuit,
1110 1753 1168 1773 non
1183 1745 1246 1781 ipse
1260 1744 1348 1773 verbo
1373 1746 1478 1773 nactus
1492 1744 1688 1775 desideratam
1704 1746 1810 1774 doctri-

985 1799 1065 1826 nam,
1081 1790 1132 1818 sed
1147 1788 1289 1826 sapientis
1306 1788 1438 1825 exemplo
1454 1789 1600 1825 magistri.

1023 1932 1065 1959 19.
1090 1932 1193 1968 Itaque
1217 1930 1407 1960 manifestum
1431 1932 1486 1965 est,
1502 1933 1536 1959 ut
1558 1931 1588 1959 in
1604 1931 1651 1960 his
1674 1940 1732 1961 non
1747 1932 1813 1961 lon-

986 1977 1052 2012 gius
1063 1975 1266 2010 immoremur,
1275 1984 1333 2004 non
1344 1983 1431 2012 posse
1446 1975 1523 2004 bona
1535 1976 1633 2004 doceri
1644 1977 1733 2005 etiam
1745 1986 1813 2006 cum

985 2019 1149 2048 laudabiles
1177 2020 1329 2047 intuemur
1356 2019 1496 2053 actiones,
1525 2022 1555 2048 et
1582 2019 1720 2049 laudibus
1748 2030 1814 2050 esse

987 2064 1110 2100 dignum
1134 2064 1222 2092 etiam
1246 2065 1296 2099 qui
1321 2064 1442 2092 silenter
1457 2066 1486 2092 et
1509 2064 1640 2092 solitario
1665 2066 1813 2101 operando

987 2109 1097 2136 bonum
1113 2108 1184 2144 agit,
1195 2108 1296 2135 dicens
1311 2107 1580 2143 contemplantibus
1594 2109 1672 2136 istud
1685 2117 1692 2136 ε
1705 2120 1719 2134 ‹‹
1732 2109 1815 2137 Sicut

987 2161 1051 2188 ego,
1068 2152 1108 2180 ita
1133 2154 1162 2180 et
1177 2160 1238 2180 vos.
1253 2162 1268 2177 ιι
1294 2152 1341 2180 Sic
1361 2152 1447 2187 juxta
1462 2154 1598 2180 sanetum
1623 2153 1813 2189 Evangelium

987 2197 1039 2232 qui
1067 2196 1168 2224 vident
1196 2196 1226 2224 in
1253 2195 1402 2231 aliquibus
1431 2204 1519 2232 opera
1545 2197 1622 2225 bona
1649 2196 1815 2234 gloriﬁcant

987 2241 1080 2269 Deum
1092 2250 1099 2275 ;
1117 2241 1218 2276 sicque
1227 2240 1319 2277 fulget
1329 2249 1427 2269 coram
1439 2240 1610 2269 hominibus
1621 2241 1815 2277 apostolicum

111 2290 235 2319 στολικὸν
265 2292 322 2329 φῶς
352 2289 467 2317 ἐνώπιον
482 2290 536 2316 τῶν
563 2287 724 2325 ἀνθρώπων,
742 2285 826 2324 ἔργων
840 2284 932 2313 καλῶν

989 2285 1100 2320 lumen,
1123 2285 1262 2321 operibus
1276 2285 1362 2313 bonis
1377 2285 1549 2321 hujusmodi
1565 2285 1688 2314 luminis
1703 2286 1815 2323 lampa-

114 2334 322 2363 ὑπαναπτόντων
339 2334 384 2361 καὶ
400 2332 581 2371 ἐκφαινόντων
597 2331 646 2366 τήν
661 2329 792 2368 λαμπάδα
816 2332 865 2357 τοῦ
890 2340 936 2357 το-

117 2379 206 2406 ιούτου
230 2378 318 2416 φωτός
336 2399 343 2407 .
381 2378 650 2416 Προσενθυμηθῶμεν
679 2376 789 2403 ἐνταῦθα
816 2375 861 2402 καὶ
888 2374 936 2406 τὰς

115 2423 187 2460 ἱερὰς
215 2422 430 2461 είκονογραφίας,
446 2422 472 2457 ἐξ
488 2421 525 2449 ὧν
541 2422 585 2449 καὶ
602 2421 690 2448 αὐτῶν
719 2419 813 2448 πολλὰ
833 2418 937 2456 μανθά-

113 2477 194 2504 νομεν
211 2466 243 2494 οὐ
259 2465 380 2497 λαλιαῖς.
396 2467 562 2502 ἀναμνήσεσι
578 2465 607 2493 δὲ
620 2467 674 2493 τῶν
690 2462 786 2502 ἔργων,
809 2464 846 2491 ὦν
869 2463 938 2491 κατὰ

115 2512 176 2540 Θεὸν
203 2510 318 2547 ἔπραξαν
335 2510 360 2538 οἱ
376 2512 429 2537 τῶν
444 2509 555 2537 εἰκόνων
571 2510 730 2548 ὰρχὲτυποι.

148 2566 182 2593 κ’.
197 2564 305 2592 Τούτων
333 2562 361 2591 δὲ
385 2562 457 2590 οὕτω
484 2563 705 2600 τεθεωρημὲνων,
733 2561 804 2589 ἷτέον
818 2561 862 2588 ἐπὶ
890 2561 936 2588 τὸν

117 2612 256 2644 ποιοῦντα,
290 2608 334 2636 ναὶ
374 2606 403 2635 8t
440 2607 484 2634 καὶ
521 2605 692 2634 διδάσκοντα.
721 2607 821 2644 ’Ἐργου
851 2605 937 2632 ἐκεῖνο

119 2654 267 2689 ἐπαινετοῦ,
310 2651 394 2690 λόγου
435 2650 628 2678 διδασκαλικοῦ
663 2651 695 2678 τὸ
725 2649 859 2687 δεύτερον.
889 2650 937 2677 Καὶ

119 2699 185 2727 ἔστιν
199 2698 280 2729 αὐτὸς
309 2697 424 2728 ἐντελῶς
456 2696 588 2732 μακάριος
605 2694 678 2722 δυοῖν
706 2694 844 2732 ὀργάνοιν,
871 2694 938 2732 ἅπερ

119 2744 145 2772 ἐκ
158 2745 206 2770 τοῦ
219 2742 358 2781 πανσόφου
373 2739 499 2779 τεχνίτου
523 2741 590 2767 Θεοῦ
618 2737 796 2775 πολυδύναμα
824 2737 937 2776 ἔχομεν,

118 2787 257 2816 ἀποτελῶν
285 2787 378 2815 ἑαυτὸν
404 2785 449 2813 καὶ
483 2784 574 2812 εἰκόνα
601 2783 703 2811 ἐκείνου
727 2783 772 2810 καὶ
798 2783 872 2810 οἶκον
894 2783 939 2810 καὶ

120 2833 190 2866 ναὸν,
215 2832 260 2859 καὶ
284 2830 311 2859 εἷ’
322 2841 348 2859 τι
377 2829 448 2859 ἄλλο
476 2831 599 2857 τοιοῦτον
613 2828 638 2856 ἐν
655 2828 769 2865 ὀνόμασι
787 2826 939 2865 βέλτιστον,

277 2898 413 2928 Panos.
436 2896 492 2927 Gs.
515 2894 662 2926 CXXXV.

990 2331 1056 2358 dem
1081 2329 1287 2358 accedentibus
1312 2332 1398 2366 atque
1421 2329 1669 2358 illuminantibus.
1693 2332 1816 2368 Insuper

990 2374 1038 2402 hic
1052 2382 1169 2411 quoque
1182 2374 1377 2410 recogitemus
1390 2383 1489 2403 sacras
1505 2374 1660 2410 imagines,
1677 2384 1692 2404 ο
1708 2375 1816 2412 quibus

991 2419 1063 2455 ipsis
1079 2418 1173 2447 multa
1187 2419 1329 2446 discimus
1346 2427 1402 2447 non
1419 2419 1614 2454 sermonibus,
1626 2420 1678 2448 sed
1693 2428 1816 2457 operum

992 2463 1203 2498 recordatione,
1237 2471 1303 2498 quae
1329 2464 1494 2492 secundum
1527 2464 1620 2492 Deum
1649 2465 1815 2500 imaginum

992 2507 1140 2544 archetypi
1156 2508 1296 2535 fecerunt.

1027 2562 1071 2588 20.
1090 2562 1140 2588 His
1166 2563 1262 2588 autem
1287 2561 1329 2588 ita
1352 2560 1553 2594 consideratis,
1579 2562 1756 2591 veniendum
1771 2565 1817 2592 est

993 2607 1029 2634 ad
1057 2605 1223 2638 facientem,
1252 2605 1310 2632 imo
1338 2607 1366 2633 et
1391 2605 1555 2634 docentem.
1584 2606 1717 2635 Primum
1741 2615 1817 2644 Opus

992 2649 1140 2679 laudabile
1172 2651 1294 2685 spectat,
1324 2651 1485 2678 secundum
1520 2651 1555 2678 ad
1589 2659 1723 2680 normam
1752 2652 1818 2680 doo-

993 2694 1129 2722 trinalem
1143 2694 1279 2730 pertinet.
1296 2694 1347 2721 Est
1361 2696 1459 2722 autem
1476 2693 1539 2730 ipse
1554 2703 1675 2730 prorsus
1700 2696 1818 2728 beatus,

994 2740 1109 2767 duobus
1125 2738 1253 2775 organis,
1270 2747 1333 2774 qua:
1349 2747 1365 2766 ο.
1391 2739 1611 2774 sapientissimo
1635 2740 1744 2768 artiﬁce
1759 2739 1819 2768 Deo

993 2783 1198 2812 efﬁcacissima
1223 2786 1369 2816 tenemus,
1386 2791 1450 2811 sese
1474 2784 1627 2819 perﬁciens
1650 2784 1729 2812 illius
1744 2784 1820 2812 ima-

993 2829 1092 2866 ginem
1117 2830 1145 2856 et
1173 2827 1294 2855 domum
1323 2829 1351 2855 et
1380 2827 1536 2864 templum,
1561 2831 1590 2856 et
1619 2828 1761 2865 quidquid
1789 2829 1820 2857 in

1620 2893 1656 2922 21
