2030 3167
224 163 280 194 651

614 163 827 195 EUSTATHlI
848 163 1232 196 THESSALONICENSIS
1255 163 1548 195 METBOPOLITE

1880 165 1939 194 652

223 230 393 259 nominibus
416 232 461 259 est
489 230 646 266 optimum,
677 232 715 264 et,
742 232 774 258 ut
800 231 1040 267 opportunissimi

1105 230 1272 267 καιριώτατα
1301 227 1330 256 δὶ
1359 228 1455 263 εἰπεῖν,
1485 226 1626 265 ἄνθρωπον
1656 229 1700 256 τὸν
1736 229 1775 261 ὡς
1812 228 1936 264 ἆληθως,

222 275 328 310 dicam,
340 274 489 302 hominem
500 275 698 309 verissimum,
711 275 762 302 sed
776 277 804 302 et
818 276 937 303 beatum
952 276 1049 311 reipsa

223 327 255 347 ac
280 318 353 347 citra
377 327 494 346 omnem
525 319 788 354 reprehensionem.
817 321 851 346 Et
875 319 1048 354 hujusmodi

222 363 329 400 speciei
356 363 526 391 obtinemus
548 363 718 398 qualitates,
742 363 767 391 si
797 363 971 399 magistrum
997 363 1048 400 qui

222 416 312 444 super
326 407 413 436 caelos
429 410 473 435 est
498 408 650 435 imitemur
666 415 672 435 :
691 407 741 443 qui
757 407 830 435 alias
846 408 965 444 quidem
981 410 1048 436 ante

223 452 330 480 saecula
353 461 489 488 operans,
515 455 546 479 ut
570 451 637 488 quis
662 451 793 480 humana
815 452 927 481 ratione
955 452 1049 480 conci-

222 505 291 533 pere
306 505 364 524 non
388 497 492 530 valeat,
519 499 701 532 postremum
725 500 822 524 autem
849 497 949 525 mundi
967 505 1048 524 crea-

221 541 293 569 tioni
319 549 440 569 manum
463 541 632 576 admovens,
650 541 750 569 statim
776 549 792 569 a
816 542 960 578 principio
976 543 1048 569 tunc

222 585 386 613 doctrinam
411 584 564 613 hominum
589 585 740 613 mentibus
763 585 880 618 indidit,
897 594 960 614 eam
984 594 1047 621 quas

221 638 256 657 ex
270 630 341 666 ipsis
357 630 421 665 ejus
437 630 574 666 operibus
590 632 644 663 est,
661 629 756 666 iisque
772 630 999 666 superlaudem,
1011 630 1048 658 iis

221 675 397 711 magniﬁcis,
415 674 451 702 iis
475 674 702 702 rationabilibus
728 677 757 702 et
781 683 870 710 supra
893 675 1046 702 rationem.

221 719 364 747 Erudiunt
379 720 456 747 enim
473 719 530 747 alia
546 719 665 755 quidem
682 719 755 752 casli,
772 719 829 747 alia
839 722 936 747 autem
949 721 1025 747 terra
1040 728 1047 754 ;

223 765 253 791 et
268 763 334 798 alia,
351 771 414 798 quae
425 763 505 798 jacet
521 763 549 790 in
571 763 667 790 medio
682 771 783 790 eorum
799 764 970 791 omnimodo.
986 763 1048 799 ple-

220 807 335 835 nitudo.
357 807 514 835 Discsbant
540 807 617 835 enim
635 816 755 843 prorsus
771 809 807 835 ab
832 807 886 836 hoc
902 808 981 836 illius
997 807 1048 835 sevi

220 851 355 879 homines
369 852 457 887 quod,
474 851 551 880 sicut
566 851 594 879 in
611 852 769 885 creatione,
785 852 826 879 sic
843 855 871 879 et
887 852 916 879 in
942 853 1049 880 creatis

221 895 278 923 alia
294 895 413 932 quidem
437 896 666 932 supereminent,
684 895 741 923 alia
756 904 822 923 vero
838 896 934 924 locum
949 898 1050 925 tenent

219 939 414 967 inferiorem:
440 942 469 967 et
494 941 576 968 decet
606 948 640 968 ea
670 941 789 976 quidem
818 941 848 968 in
879 941 1050 970 hominibus

220 984 361 1012 sublimia
385 983 610 1020 splendidaque,
629 985 794 1013 veneranda
809 984 978 1021 intactaque
994 985 1051 1013 hu-

218 1028 386 1057 milioribus
409 1037 474 1057 esse
498 1029 657 1065 (siquidem
684 1031 713 1056 et
737 1037 801 1065 quas
824 1034 891 1057 sunt
918 1038 1048 1064 sursum,

217 1073 287 1101 talia
311 1074 405 1109 sunt),
421 1082 484 1110 qua
506 1082 575 1102 vero
600 1074 738 1101 deorsum
755 1077 784 1101 et
808 1074 931 1102 humilia
946 1076 974 1102 et
990 1083 1049 1102 non

215 1117 417 1153 splendentia,
449 1125 516 1146 eum
546 1126 633 1154 quem
663 1119 766 1146 sortita
795 1121 885 1152 sunt,
916 1119 1048 1147 ordinem

215 1170 323 1195 amare,
339 1162 523 1198 propriisque
538 1162 674 1190 terminis
690 1161 905 1191 circumscribi.
918 1165 951 1190 Et
964 1172 1049 1192 mens

213 1206 316 1233 exinde
342 1206 470 1242 concipit
498 1207 715 1242 superjacentia
745 1207 868 1244 ideoque
894 1207 1048 1236 venerabi-

213 1249 287 1277 liora
303 1258 393 1286 super
408 1251 547 1278 inferiora
559 1253 647 1286 atque
664 1252 787 1280 humilia
805 1260 862 1279 non
878 1251 906 1279 in
923 1260 1044 1286 vanum,

215 1302 267 1321 nec
283 1301 364 1327 casu,
383 1302 435 1322 nec
459 1303 493 1322 ex
508 1295 688 1331 semetipsis,
713 1295 867 1323 sublimari
889 1305 922 1324 ac
939 1296 1046 1338 lucere,

214 1338 266 1365 sed
288 1346 323 1366 ex
344 1338 471 1374 quodam
498 1341 614 1367 auctore
639 1340 780 1368 validiore
807 1342 894 1376 atque
909 1340 1044 1376 omnipo-

214 1384 306 1415 tente,
322 1382 370 1418 qui
386 1383 502 1417 quidem
520 1385 619 1418 posuit
633 1384 740 1412 omium
756 1385 785 1412 in
802 1384 956 1418 altissimo,
973 1393 1044 1420 sup-

214 1427 314 1462 posuit
339 1429 436 1455 autem
464 1428 670 1456 universorum
700 1430 823 1456 matrem
852 1431 960 1456 terram
992 1437 1044 1464 per

213 1471 335 1499 modum
351 1472 578 1507 conjunctionis,
596 1475 629 1500 ut
643 1473 744 1509 irriget
759 1481 822 1501 eam
835 1473 951 1508 quidem
968 1473 1041 1501 illud

212 1518 241 1543 et
256 1516 320 1552 ipsa
336 1516 470 1552 proprios
486 1519 602 1552 generet
618 1517 748 1552 fructus;
765 1518 815 1545 sed
834 1520 862 1545 et
884 1517 1041 1553 magniﬁce

211 1560 393 1596 dispensavit
406 1560 658 1597 [inextinguibiles
683 1561 819 1589 lucernas
844 1562 987 1596 cmlestes,
1009 1564 1041 1590 ut

1101 274 1146 302 καὶ
1178 274 1308 311 μακάριον
1339 271 1378 306 δὲ,
1406 273 1453 300 τὸν
1484 271 1569 304 ὅντως
1585 273 1631 301 καὶ
1657 272 1773 305 τελείως
1788 273 1835 301 καὶ
1867 273 1934 311 ὑπὲρ

1102 321 1188 346 πᾶσαν
1215 315 1352 346 ἀνάϐασιν.
1384 317 1437 345 Καὶ
1459 318 1556 345 τούτου
1583 319 1632 345 τοῦ
1660 316 1749 349 εἴδους
1769 317 1936 356 εὖρίπομεν

1105 363 1230 400 συνοχὲα,
1261 360 1337 400 εἷ’περ
1369 361 1528 399 μιμούμεθα
1555 362 1601 389 τὸν
1631 362 1826 400 ὁπερουράνιον
1862 361 1939 389 διδά-

1103 406 1216 435 σκαλον·
1246 407 1275 438 ὃς
1305 406 1400 438 ἄλλως
1426 406 1473 443 μὶν
1504 407 1557 445 πρὸ
1572 407 1626 434 τῶν
1658 406 1766 434 αἰώνων
1783 409 1886 441 ποιῶν,
1903 407 1939 439 ὡς

1104 452 1154 479 οὐκ
1169 451 1199 478 ἂν
1215 462 1256 483 τις
1283 451 1459 487 ἐννοήσασθαι
1477 453 1605 490 λογισμῷ
1619 451 1780 489 ἀνθρωπίνῳ
1802 451 1940 490 ἐφίκοιτο,

1104 496 1212 533 ὕστερον
1228 495 1256 523 δὲ
1283 498 1317 533 τῇ
1346 498 1394 523 τοῦ
1409 495 1515 532 κόσμου
1540 496 1649 531 ποιήσει
1674 493 1828 530 ἐπιϐαλὼν,
1862 495 1940 523 διδα-

1104 539 1216 568 σκαλίαν
1246 539 1342 568 αὐτίκα
1368 540 1431 568 τότε
1462 541 1512 574 τὴν
1534 540 1624 578 ἀρχὴν
1636 543 1695 571 ταῖς
1708 543 1764 568 τῶν
1779 540 1939 578 ἀνθρώπων

1103 587 1206 623 ψυχαῖς
1231 582 1464 622 προκατεϐάλετο,
1478 585 1529 619 τὴν
1545 584 1570 620 ἐξ
1586 584 1672 612 αὐτῶν
1687 587 1743 612 τῶν
1772 583 1863 623 ἔργων
1891 585 1939 612 αὖ·

1103 631 1162 664 τοῖ’),
1180 631 1233 656 τῶν
1249 630 1319 667 πέρα
1334 628 1425 665 δόξης,
1440 631 1493 657 τῶν
1511 628 1700 665 παντοδαπῶν,
1716 631 1770 657 τῶν
1787 630 1835 657 καὶ
1853 628 1938 656 HM:

1103 684 1159 711 γων
1187 674 1233 701 καὶ
1262 674 1328 711 ὑπὲρ
1359 674 1451 712 λόγον.
1482 672 1643 701 Παιδεύουσι
1666 674 1718 712 γὰρ
1754 673 1830 702 ἄλλα
1858 675 1908 710 μὲν
1925 675 1940 701 ὸ

1104 718 1229 755 οὐρανὸς,
1259 717 1333 746 ἄλλα
1361 717 1389 746 δὶ
1417 720 1434 754 ἡ
1463 722 1509 757 γῆ·
1539 718 1583 746 καὶ
1600 719 1705 755 ἑτεροῖα
1718 719 1751 746 τὸ
1778 720 1860 755 μέσῳ
1874 719 1939 746 τού-

1103 773 1156 789 των
1185 764 1314 790 παντοῖον
1343 762 1495 800 πλήρωμα.
1523 762 1712 791 Ἐδιδάο-κοντο
1742 763 1797 801 γὰρ
1828 762 1940 795 πάντως

1104 805 1148 834 διὰ
1163 806 1262 834 τούτου
1281 807 1325 834 καί
1352 807 1378 834 οἱ
1401 808 1463 835 τότε
1491 806 1641 846 ἅνθρωποι,
1671 808 1719 843 ὡς,
1745 808 1819 840 καθᾶ
1846 807 1875 835 ἐν

1103 851 1199 885 κτίσει,
1229 850 1300 878 οὕτω
1315 852 1361 878 καὶ
1390 851 1416 879 ἐν
1430 854 1490 883 τοῖς
1505 853 1563 879 κατ’
1583 852 1667 887 αὑτὴν
1684 852 1716 879 τὰ
1732 852 1783 888 μὲν
1815 853 1940 891 ὑπερῆρ-

1102 906 1157 930 ται,
1186 895 1220 922 τὰ
1247 894 1275 922 δὲ
1303 898 1436 927 ταπεινῶς
1466 895 1534 934 ἔχει·
1565 896 1610 923 καὶ
1635 897 1743 933 πρέπει,
1774 897 1811 924 τὰ
1828 898 1880 934 μὶν
1895 897 1939 924 ἆν-

1106 939 1229 977 θρώποις
1259 939 1352 977 ὑψηλὰ
1380 940 1425 968 καὶ
1465 939 1579 978 λαμπρὰ
1615 938 1750 978 σεϐάσμια
1790 942 1859 969 εἶναι
1895 943 1938 969 καὶ

1104 983 1185 1021 ἅθιγῆ
1201 986 1259 1015 τοῖς
1274 985 1474 1023 ταπεινοτέροις
1491 983 1593 1020 (ἐπειδὴ
1610 985 1654 1012 καὶ
1668 986 1701 1013 τὰ
1724 986 1782 1013 ἄνω
1799 988 1937 1023 τοιαῦτα),

1103 1029 1136 1054 τὰ
1166 1027 1194 1056 δὲ
1219 1029 1293 1056 κάτω
1321 1029 1365 1056 καὶ
1381 1029 1494 1056 ταπεινᾶ
1508 1030 1551 1057 καὶ
1571 1031 1609 1066 μή
1625 1027 1847 1067 ὕπερλάμποντα
1862 1031 1935 1068 στέρ-

1102 1082 1168 1110 γειν,
1198 1073 1228 1107 ἣν
1256 1072 1367 1111 ἔλαχον,
1396 1074 1480 1110 τάξιν,
1496 1073 1540 1101 καὶ
1555 1077 1613 1105 τοῖς
1631 1074 1741 1105 οἰκείοις
1756 1074 1837 1113 ὅροις
1853 1075 1936 1112 ἐμπι-

1102 1117 1290 1156 ριγράφεσθαι.
1317 1117 1366 1145 Καὶ
1391 1120 1453 1149 νοῦς
1480 1117 1597 1150 ἔντεῦθεν
1628 1115 1831 1155 ὑποϐάλλεται,
1845 1120 1889 1147 ὅτι
1905 1120 1936 1147 τί

1104 1161 1284 1199 ὑπερκείμενα
1312 1162 1357 1189 καὶ
1383 1161 1455 1189 οὕτω
1480 1163 1630 1200 τιμιώτερα
1653 1164 1718 1200 ὑπὲρ
1733 1164 1768 1191 τὰ
1791 1164 1935 1201 κατώτερα

1100 1205 1144 1232 καὶ
1162 1205 1275 1233 ταπεινᾶ
1304 1205 1334 1233 οὗ
1352 1207 1438 1242 μάτην
1464 1206 1508 1234 καὶ
1525 1206 1596 1242 εἰκῆ,
1624 1206 1688 1234 οὐδὲ
1711 1207 1736 1244 ἐξ
1764 1209 1934 1245 αὐτομάτων

1102 1249 1232 1286 ὗψοῧνται
1247 1250 1290 1277 καὶ
1308 1249 1508 1287 ἐλλάμπονται,
1524 1250 1587 1279 ἀλλ’
1601 1250 1631 1279 ἔκ
1645 1262 1716 1283 τινος
1734 1252 1828 1280 αἰτίου
1842 1253 1936 1291 κρείτ-

1101 1304 1179 1325 τονος
1194 1295 1237 1321 καὶ
1255 1294 1472 1332 παντοδυνάμου,
1494 1296 1675 1327 ὰνεσπακότος
1702 1297 1750 1333 μὲν
1775 1298 1824 1325 τὸν
1856 1298 1938 1335 οὖρα-

1100 1338 1145 1365 νὸν
1176 1338 1202 1366 ιν
1232 1338 1408 1376 ὑψηλοτάτῳ,
1427 1339 1595 1377 ὑποθεμένου
1625 1339 1654 1368 δὲ
1681 1342 1730 1376 τήν
1758 1343 1936 1381 παμμῆτορα

1101 1386 1153 1419 γῆν
1181 1382 1218 1414 ὡς
1243 1382 1268 1410 ἐν
1299 1383 1426 1422 συζυγίας
1457 1382 1545 1421 λόγῳ,
1567 1383 1613 1412 ἵνα
1643 1384 1777 1423 ἐπαρδεύῃ
1793 1387 1844 1423 μὲν
1863 1386 1936 1414 ἐκεῖ-

1099 1437 1155 1460 νος,
1181 1427 1248 1462 αὐτὴ
1272 1426 1302 1454 δὲ
1316 1430 1396 1465 γεννᾷ
1411 1429 1443 1456 τὶ
1457 1430 1621 1464 καθήκοντα,
1638 1428 1880 1467 ὂαψιλευσαμὲνου
1905 1431 1932 1460 δὲ

1100 1468 1214 1498 ἄσϐεστα
1228 1470 1318 1509 λύχνα
1333 1471 1452 1510 οὐράνια,
1479 1472 1524 1500 ’ίνα
1549 1473 1576 1501 ὲν
1605 1474 1677 1513 φωτὶ
1703 1474 1743 1501 ἀεὶ
1774 1473 1933 1513 διάγωμεν,

1098 1515 1203 1553 ἡμέρας
1222 1515 1269 1552 μὶν
1287 1515 1360 1553 ἡλίῳ
1374 1517 1629 1554 καταλαμπόμενοι,
1645 1519 1739 1550 νυκτὸς
1757 1518 1786 1547 δὲ
1805 1534 1839 1544 ==
1856 1520 1930 1548 ἀλλὰ

1097 1560 1158 1587 τότε
1182 1559 1372 1598 πολυμὲριο-ια
1394 1561 1574 1594 πλουτοῦντες
1603 1565 1697 1600 φῶτα,
1728 1563 1768 1595 εἷς
1797 1567 1931 1592 τοσοῦτον

210 1612 326 1640 semper
338 1605 368 1632 in
384 1604 496 1633 lumine
512 1605 666 1642 degamus,
683 1606 729 1633 die
745 1606 863 1642 quidem
881 1605 1038 1634 illuminati

1097 1603 1226 1643 ἀμυδρῶς
1243 1605 1425 1633 ἀνατέλλοντα
1444 1605 1512 1644 δίχα
1538 1617 1569 1645 γε
1597 1609 1645 1635 τοῦ
1668 1608 1736 1635 κατὰ
1748 1609 1888 1645 σελήνην,
1905 1609 1930 1640 ἒς

210 1649 282 1682 sole,
300 1652 383 1677 nocte
403 1658 482 1683 vero,
499 1649 565 1678 aliis
588 1650 754 1678 innumeris
769 1651 937 1679 lucentibus
950 1650 1040 1678 lumi-

211 1693 309 1729 nibus,
327 1694 355 1721 in
380 1696 498 1722 tantum
515 1694 696 1722 subobscure
721 1695 912 1731 surgentibus
929 1695 1041 1730 absque

211 1737 324 1765 lumine
339 1737 424 1772 lunas,
447 1741 590 1774 quantum
607 1741 723 1774 oportet
744 1741 776 1766 ut
791 1747 848 1766 non
865 1739 1043 1766 advocemur

211 1781 242 1808 in
259 1781 378 1817 aliquod
402 1783 577 1810 continuum
602 1791 676 1819 opus
692 1784 855 1818 campestre
878 1785 908 1810 et
922 1783 1042 1810 aliunde

212 1825 403 1858 laboriosum,
415 1827 451 1853 ad
467 1826 651 1861 tatigandum
668 1834 717 1854 eos
728 1826 778 1862 qui
791 1834 848 1854 non
860 1827 1042 1855 sustinerent

1096 1647 1157 1676 ὅσον
1175 1649 1213 1685 μὴ
1244 1649 1439 1687 προκαλεῖσθαι
1456 1651 1531 1687 ἡμᾶς
1560 1651 1604 1679 ἐπὶ
1631 1652 1663 1679 τὸ
1676 1652 1716 1680 ἀεὶ
1731 1654 1890 1691 γεωργικόν
1905 1665 1927 1681 τι

1095 1693 1140 1720 καὶ
1157 1692 1251 1724 ἄλλως
1278 1693 1395 1732 ἐνεργὸν,
1423 1694 1461 1727 ὡς
1475 1694 1642 1732 ἆπῦκάμνειν
1663 1697 1889 1734 ἀπαγορεύοντας
1905 1698 1929 1726 ἐν

1095 1739 1135 1770 τῷ
1165 1735 1297 1772 διηνεκῶς
1311 1739 1458 1773 πονεῖσθαι,
1481 1738 1544 1767 ἀλλ’
1569 1737 1644 1778 ἔχειν
1660 1740 1854 1779 ἰγρηγορότως
1878 1744 1926 1779 μὲν

1097 1779 1142 1808 διὰ
1156 1781 1205 1815 τήν
1219 1784 1272 1809 τῶν
1289 1781 1387 1810 ἐκεῖθεν
1404 1783 1502 1822 φώτων
1517 1783 1610 1822 χάριν,
1635 1784 1868 1823 άναπεπαυμὲνως
1899 1786 1926 1815 δὲ

1097 1823 1141 1853 διὰ
1152 1826 1202 1860 τὴν
1218 1825 1345 1864 νύκτερον
1371 1826 1572 1865 ἐπιπρόσθεσιν.

213 1869 415 1897 intermissam
440 1878 579 1905 operam;
606 1871 657 1898 sed
681 1870 803 1907 vigilare
819 1870 937 1906 quidem
954 1879 1006 1907 per
1029 1871 1199 1908 hujusmodi
1223 1871 1372 1900 luminum
1396 1873 1532 1909 gratiam,
1546 1876 1574 1902 et
1589 1875 1738 1911 quiescere
1758 1870 1812 1912 per
1828 1877 1926 1906 noctis

214 1913 467 1949 interpositionem
482 1914 640 1949 possimus.

243 1966 288 1994 21.
306 1965 372 1993 Hac
394 1966 484 2003 igitur
509 1967 688 2002 ediscebant,
713 1969 751 2004 et,
767 1968 892 1996 istorum
916 1968 1035 2004 auxilio,

207 2010 264 2039 alia
283 2010 369 2047 plura
384 2019 417 2039 ac
442 2011 573 2039 meliora.
592 2012 714 2048 Insuper
738 2015 837 2040 autem
854 2014 1036 2041 docebantur

205 2056 283 2092 quod
308 2058 436 2084 mentem
461 2058 489 2084 et
509 2057 652 2085 rationem
678 2057 813 2085 homines
839 2057 990 2092 habentes,
1006 2060 1035 2086 et

203 2099 258 2128 hoc
280 2100 395 2136 insigne
410 2109 500 2136 super
516 2102 712 2137 quodcunque
738 2101 817 2129 aliud
843 2102 952 2130 animal
968 2102 1032 2130 feli-

202 2144 275 2172 citer
304 2145 398 2173 sortiti
427 2153 462 2173 ex
490 2145 582 2174 altero
612 2146 731 2174 meliore
761 2146 877 2182 spiritu,
903 2147 1032 2176 ratione-

200 2197 258 2224 que
279 2191 446 2225 praestante,
463 2189 596 2217 omnium
621 2198 684 2226 quae
701 2193 772 2218 sunt
787 2191 816 2218 in
835 2192 946 2219 mundo
961 2200 1030 2219 auc-

200 2235 273 2267 tore,
290 2233 459 2269 hujusmodi
476 2234 562 2261 bonis
587 2235 730 2269 ditantur,
745 2237 847 2271 utpote
862 2235 1032 2265 haereditate

1126 1969 1175 1996 κα’.
1193 1968 1284 1997 Ταῦτά
1298 1980 1328 1997 τε
1344 1970 1389 1998 οὗν
1405 1969 1590 2007 ἐδιδάσκοντο,
1606 1973 1650 2000 καὶ
1676 1971 1721 2000 διὰ
1744 1973 1836 2010 μέσων
1861 1976 1924 2002 τού-

1089 2023 1142 2040 των
1165 2011 1243 2050 ἕτερα
1268 2014 1312 2041 καὶ
1330 2014 1417 2042 πλείω
1432 2017 1477 2043 καὶ
1501 2016 1651 2053 κρείττονα’
1674 2017 1920 2056 προσεδιδέσκοντο

1090 2056 1118 2085 δὲ
1137 2057 1181 2085 καὶ
1206 2057 1247 2085 δτι
1263 2061 1325 2086 νοῦν
1350 2059 1393 2086 καὶ
1410 2059 1493 2097 λόγον
1511 2061 1538 2087 οἱ
1559 2059 1696 2099 ἄνθρωποι
1722 2061 1847 2100 σχόντες,
1871 2065 1919 2092 καὶ

1086 2104 1167 2130 τοῦτο
1184 2102 1317 2140 ἐξαίρετον
1337 2104 1401 2142 ὑπὶρ
1426 2106 1493 2139 ζῶον
1524 2106 1594 2134 ἅπαν
1619 2105 1689 2135 ἄλλο
1718 2107 1921 2146 εὐκληροῦντες

1088 2145 1117 2174 ἔκ
1131 2148 1213 2175 ποθεν
1231 2147 1384 2185 κρείττονος
1399 2149 1491 2186 ἑτέρου
1514 2150 1560 2178 καὶ
1580 2153 1627 2179 νοῦ
1651 2152 1697 2179 καὶ
1721 2145 1817 2190 λόγου,
1847 2153 1920 2181 πάν-

1087 2202 1143 2218 των
1159 2192 1292 2219 τῶνκατᾶ
1315 2191 1418 2230 κόσμον
1433 2193 1530 2231 αἰτίου,
1560 2195 1594 2222 τὰ
1618 2198 1728 2224 τοιαῦτα
1749 2196 1918 2226 πλουτοῦσιν

1087 2236 1180 2274 ἀγαθὰ,
1211 2237 1274 2264 ὡσεὶ
1297 2238 1342 2264 καὶ
1366 2237 1470 2276 κλῆρον
1503 2240 1657 2276 καθήκοντα
1682 2241 1721 2274 εἰς
1749 2241 1858 2274 αὐτούς·
1885 2244 1915 2271 ὃν

199 2278 235 2306 ad
252 2278 333 2313 ipsos
345 2278 510 2313 pertinente
523 2287 529 2312 ;
548 2287 637 2314 quam
648 2287 757 2314 semper
769 2281 856 2307 etiam
873 2280 1032 2316 requirere,

1097 2281 1132 2308 ιαὶ
1160 2281 1244 2319 ἐχρῆν
1275 2281 1412 2318 ἐπιζηνεῖν
1441 2282 1528 2319 ἐσαεὶ,
1557 2285 1620 2313 ὡσεὶ
1645 2286 1690 2313 καὶ
1714 2289 1778 2317 παῖς
1802 2287 1915 2325 εὐγενὴς

200 2322 277 2349 sicut
292 2321 400 2350 nobilis
425 2322 504 2350 ﬁlius
529 2323 681 2358 proprium
708 2326 832 2359 patrem,
850 2326 974 2360 oportet.
996 2326 1031 2354 Et

199 2366 241 2392 sic
256 2366 375 2400 quidem
387 2366 442 2402 ipsi
453 2367 616 2395 doctrinam
632 2367 815 2403 accipiebant
827 2369 1029 2398 absconditam
1054 2379 1057 2382 ‘

198 2417 287 2445 quam
302 2411 432 2438 mundus
458 2411 532 2446 ipsis
558 2412 733 2447 subjiciebat
756 2415 931 2448 conspectus
946 2416 975 2442 et
997 2417 1030 2442 ut

200 2454 283 2482 decet
298 2455 488 2490 recogitatus.

232 2505 277 2534 22.
294 2507 367 2535 Cum
383 2509 481 2536 autem
498 2507 570 2537 illud
592 2509 695 2538 efﬁcax
711 2519 727 2538 a
743 2510 800 2538 Deo
816 2510 1026 2539 documentum

198 2550 295 2578 nullos
310 2551 453 2580 inveniret
475 2555 603 2581 mentem
629 2555 664 2582 ad
681 2554 779 2591 ipsum
805 2555 958 2590 habentes,
975 2556 1027 2584 sed

195 2603 283 2632 prave
298 2595 496 2632 intelligerent
512 2597 590 2626 hunc
606 2598 790 2634 primitivum
810 2599 959 2635 spiritum,
977 2600 1027 2634 qui

197 2642 226 2668 et
254 2639 377 2676 spiritus
414 2641 561 2677 angelicas
599 2644 718 2677 creavit,
747 2646 775 2671 et
805 2643 944 2671 mortales
974 2644 1023 2680 qui

195 2684 283 2720 paulo
300 2685 399 2712 minus
415 2684 450 2712 ab
466 2685 579 2721 angelis
597 2689 676 2721 sunt,
692 2696 725 2715 ac
742 2689 769 2715 in
787 2688 947 2716 amentiam
964 2688 1025 2724 ple-

193 2729 278 2765 rique
295 2729 426 2757 dazmone
441 2729 520 2765 pulsi
545 2734 791 2766 converterentur,
809 2734 837 2760 et
853 2741 910 2760 non
927 2732 1023 2761 solum

191 2772 222 2800 in
237 2773 304 2802 aliis
330 2774 510 2811 quibusdam
537 2773 710 2813 insanirent,
727 2777 777 2805 sed
794 2779 822 2805 et
846 2779 942 2804 creata
960 2785 1024 2805 cor-

193 2818 406 2855 ruptibiliaque
417 2819 446 2847 in
459 2819 540 2855 deos,
553 2823 752 2856 repugnantes
762 2820 1022 2859 Deo,.extollerent,

1084 2325 1186 2363 ποτερα
1200 2325 1245 2353 τὸν
1263 2324 1342 2355 ἴδιον.
1375 2327 1423 2355 Καὶ
1453 2327 1525 2356 οὕτω
1553 2329 1600 2365 μὲν
1627 2329 1707 2357 αὐτοὶ
1736 2324 1914 2362 διδασκαλίας

1084 2369 1159 2407 εἶχον
1185 2371 1375 2409 σεσιγημίνης,
1404 2373 1435 2406 ἣν
1463 2373 1477 2400 ὁ
1506 2373 1609 2410 κόσμος
1638 2374 1730 2406 αὐτοῖς
1757 2373 1912 2403 ὑπέϐαλλεν

1084 2414 1234 2452 ὁρώμενος,
1250 2416 1294 2443 καὶ
1310 2416 1348 2448 ὡς
1363 2414 1416 2444 ἔδει
1431 2420 1659 2456 κατανοοῦμενος·

1117 2512 1169 2549 κβ’.
1186 2513 1262 2541 Ἐπεὶ
1287 2512 1315 2540 δὶ
1340 2513 1371 2541 τὸ
1393 2512 1548 2552 ἔμπρακτον
1570 2519 1651 2544 τοῦτο
1679 2516 1709 2544 ἇκ
1735 2519 1804 2545 Θεοῢ
1833 2516 1911 2546 διδα-

1081 2555 1192 2584 σκάλιον
1219 2555 1329 2588 οὐδένας
1358 2557 1496 2595 εὕρισκεν,
1531 2557 1645 2598 ἔχοντας
1672 2562 1718 2589 τὸν
1749 2563 1810 2589 νοῦν
1839 2563 1910 2600 πρὸς

1082 2601 1156 2637 αὐτῷ
1183 2601 1255 2629 ἀλλὰ
1284 2601 1431 2639 παρενόουν
1452 2603 1498 2630 τὸν
1531 2606 1686 2642 πρώτιστον
1710 2608 1784 2640 νοῦν,
1811 2607 1841 2639 ὃς
1864 2609 1911 2635 καὶ

1081 2646 1143 2676 τοὺς
1160 2645 1323 2684 ἀγγελικοὺς
1347 2647 1409 2677 νόας
1434 2646 1578 2685 ὑπέστησε,
1605 2651 1649 2677 καὶ
1677 2650 1751 2686 τοὺς,
1769 2651 1827 2678 ὅσοι
1853 2654 1908 2679 τῶν

1083 2689 1172 2727 βραχύ
1186 2701 1211 2717 τι
1227 2691 1290 2728 παρ’
1319 2690 1450 2729 ἄγγέλους
1476 2692 1679 2732 ἡλαττωμένων
1709 2695 1772 2730 εἰσὶ,
1798 2697 1843 2723 καί
1869 2696 1910 2728 είς

1082 2733 1209 2763 ἀπόνοιαν
1240 2736 1267 2762 οἱ
1294 2734 1406 2767 πλείους
1429 2734 1598 2774 δαιμονιώδη
1625 2739 1837 2777 παρετρέπογεο,
1863 2742 1909 2768 καὶ

1081 2778 1112 2806 οὖ
1130 2779 1211 2816 μόνον
1229 2779 1302 2807 ἄλλα
1315 2781 1376 2808 τινὰ
1387 2782 1584 2820 παρεφρόνουν,
1602 2782 1674 2811 ἀλλὰ
1695 2784 1789 2812 καὶτὰ
1811 2786 1907 2813 κτιστᾶ

1078 2823 1122 2851 καὶ
1151 2825 1256 2863 φθαρτὰ
1273 2823 1324 2862 ,εἴς
1354 2824 1433 2857 Θεοὺς
1460 2825 1806 2866 ἆνῆγονηθεομαχοῦντες*
1839 2830 1902 2858 τότε
