2030 3167
82 169 142 200 653

581 167 622 197 ΙΝ
644 168 677 199 S.
701 166 1045 203 QUADRAGESIMAM
1067 165 1212 196 ORATIO
1235 166 1289 196 Ill.

1727 166 1786 197 654

83 233 118 270 δὴ
135 234 249 270 ἐλεήσας
274 234 338 266 τοὺς
360 234 501 266 τοιούτους
524 234 574 269 τῆς
598 232 753 272 παροινίας,
779 232 824 260 καὶ
847 242 908 260 ποι-

972 248 1000 254 -
1014 235 1076 260 tum
1092 233 1231 260 misertus
1247 232 1364 260 illorum
1379 232 1542 267 dementia,
1558 233 1608 268 qui
1626 234 1731 261 cuncta
1745 233 1788 261 fe-

83 280 154 315 ήσας
167 279 201 307 τὰ
230 279 316 307 πάντα
344 279 388 307 καὶ
418 277 446 306 εὖ
471 279 599 314 ποιήσας,
626 277 734 305 εὐδοκεῖ
759 276 800 304 ἐπ’
815 276 909 313 ἐκείνῳ

80 327 123 361 τῷ
145 328 260 359 ποιῆσαι
283 324 317 352 τὰ
341 326 446 361 πρῶτα,
473 324 529 351 εἶτα
552 322 596 350 καὶ
621 321 735 358 διδάξαν
760 322 804 349 καὶ
828 323 909 349 τοῦτο

79 368 252 406 πολυτρόπῳ
281 366 388 405 μεθόδῳ
413 366 725 406 ἰπιφιλοτιμησάμενος,
746 365 909 394 ἀποστέλλει

79 413 249 451 θεράποντας
278 413 360 440 αὐτοῦ
390 411 569 443 διδασκάλους
596 414 650 439 τῶν
679 411 756 443 θείων
787 409 909 447 θελημά-

79 469 138 486 των
154 456 288 489 πολλούς·
304 457 330 484 ἐν
347 457 387 488 οἷς
411 456 477 494 δίχα
491 458 546 484 τῶν
568 454 671 491 ἄλλων,
687 457 741 483 τῶν
757 456 802 483 καὶ
819 457 908 493 σοφῶν

79 502 129 530 καὶ
156 500 359 540 πολυσχιδῶν,
386 501 432 529 καὶ
470 503 607 539 προφῆται
644 500 736 538 γένους
772 499 909 537 ἑκατέρου.

78 545 152 574 Οὐδὲ
173 546 224 584 γὰρ
249 544 311 574 οὐδὲ
334 546 364 573 τὸ
391 544 462 578 θῆλυ
484 545 626 577 ἀσυντελὶς
651 543 708 572 οὐδ’
738 543 851 576 ἐνταῦθα
872 543 910 574 εἲς

79 589 259 618 διδασκαλίαν
282 589 353 618 θείαν
380 587 480 625 ἀπέϐη,
505 588 579 617 ἀλλὰ
603 589 706 617 πολλοὶ
726 587 909 626 ἐδιδάχθησαν

78 634 129 663 καὶ
146 634 181 662 δι’
195 635 288 663 αίλτοῦ.

120 680 170 717 κγ’.
199 678 274 707 Ἐπεὶ
301 677 331 706 δὲ
365 677 510 716 κατίσχυεν
541 679 555 705 ὁ
586 680 637 710 τῆς
667 676 800 715 ἁμαρτίας
828 676 910 704 εὶσίτι

81 724 170 760 νόμος
186 723 229 750 καὶ
245 724 277 750 τὸ
298 723 357 750 κατ’
381 722 465 757 αὐτὴν
490 721 560 756 ἔθος,
585 722 629 749 καὶ
654 721 718 750 οὐδὲ
741 721 829 752 οὕτως
849 720 911 758 ἐξη-

84 767 207 806 λείφετο,
231 767 305 795 ἄλλά
330 769 402 794 πᾶσα
430 766 591 794 διδασκαλία
620 766 664 794 καὶ
704 765 838 805 ἔγγραφος
865 765 910 793 καὶ

83 813 209 850 ἄγραφος
235 811 315 849 ἀργὸς
345 811 390 846 ἦν·
418 811 479 839 τότε
505 809 539 846 δὴ
569 808 746 847 ἀμιταϐάτως
773 810 817 838 καὶ
847 808 912 837 οὐδὶ

83 856 242 894 χθαμαλῶς
267 853 363 887 διαϐὰς
388 854 489 888 ἄνωθεν
515 855 554 886 εἷς
577 856 610 882 τὰ
635 856 758 889 ταπεινὰ,
782 854 827 882 καὶ
852 865 912 882 κοι-

81 901 210 936 νωνήσας
232 903 286 928 τῶν
312 900 369 928 κατ’
394 899 550 938 ἄνθρωπον,
566 900 603 930 ὡς
628 899 686 936 Θεῷ
709 896 835 938 ἔπρεπεν,
850 898 910 926 ἐκά-

85 951 159 977 θισεν
176 945 219 972 ἐπὶ
238 945 336 982 θρόνου
361 944 441 979 δόξης
466 943 672 979 διδασκαλικῆς·
698 945 741 972 καὶ
767 943 798 971 ἐκ
814 941 910 974 παιδὸς

82 988 139 1020 ἕως
162 989 207 1016 καὶ
236 988 275 1020 εἷς
301 988 411 1023 ἠλικίαν
433 988 540 1016 τελείαν
562 988 726 1026 προσμείνας
753 989 793 1024 τῷ
822 990 911 1015 ποιεῖν

82 1034 130 1061 καὶ
147 1032 294 1067 διδάσκειν,
310 1032 404 1068 ἐξήνυε
425 1033 458 1060 τὰ
480 1032 517 1064 εἰς
544 1033 681 1071 σωτηρίαν
707 1034 799 1069 ἡμῶν,
827 1043 912 1069 μακα-

85 1078 220 1116 ριώτατον
248 1079 331 1104 τοῦτο
360 1076 538 1107 ἐκτετελεκὼς
565 1079 689 1114 πρᾶγμα,
718 1076 743 1112 ἐξ
773 1076 804 1104 οὗ
831 1074 914 1104 διεϐι-

87 1120 176 1157 ϐάσθη
202 1122 216 1149 ὁ
244 1121 414 1159 μακαρισμὸς
440 1121 485 1148 καὶ
511 1121 548 1152 εἷς
563 1121 663 1152 πάντας
679 1120 792 1156 ἄλλους,
809 1120 835 1148 οἳ
854 1119 913 1148 δια-

86 1165 246 1204 δεδεγμένοι
270 1165 352 1193 αὐτὸν
377 1168 488 1192 ποιοῦσι
510 1165 555 1192 καὶ
578 1164 748 1193 διδάσκουσιν
768 1165 913 1193 ἀποστολι-

85 1212 153 1245 κῶς,
182 1209 220 1236 ὦν
249 1209 368 1247 ἑκατέρῳ
397 1209 538 1246 ἀμφότερα
570 1209 764 1248 ἐνθεωροῦνται
782 1233 789 1246 ,
820 1210 843 1237 εἴ
867 1209 913 1237 καὶ

87 1253 183 1285 ἄλλως
197 1253 236 1285 ὡς
251 1254 296 1281 οἷα
311 1252 346 1280 δι’
371 1252 505 1289 ἀλλήλων
527 1253 638 1288 ἥκοντα.
665 1254 779 1289 Ιῐοίησίς
803 1264 832 1281 τε.
846 1254 915 1292 ἀγα-

87 1299 137 1326 θοῦ
161 1298 251 1326 δίπασα
275 1297 313 1330 εἰς
337 1296 511 1325 διδασκαλίαν
539 1297 706 1334 ἀποτελευτᾷ
727 1301 781 1326 τῶν
807 1297 914 1330 ἐθελόν-

86 1353 143 1371 των
158 1342 268 1378 ζηλοῦν·
297 1341 343 1370 καὶ
373 1341 534 1369 διδασκαλία
554 1341 583 1369 δὲ
612 1342 711 1379 ἀγαθοῦ
734 1342 849 1370 παντοία
875 1341 914 1374 εἷς

87 1387 198 1422 ποίησιν
224 1387 308 1414 αὐτοῦ
334 1386 432 1426 ἀφορᾷ,
457 1386 495 1418 ὡς
520 1387 670 1425 ἀπολήγειν
694 1387 725 1415 τὸ
752 1388 799 1424 μὲν
824 1389 914 1415 ποιεῖν

89 1431 129 1463 εἰς
144 1432 176 1459 τὸ
200 1429 347 1466 διδάσκειν,
371 1431 403 1459 τὸ
425 1429 454 1458 δὲ
476 1429 609 1459 διδάσκειν
635 1431 672 1460 εἰς
697 1432 728 1459 τὸ
753 1434 854 1468 ποιεῖν,
869 1432 914 1459 καὶ

91 1476 180 1508 οὕτως
207 1476 245 1507 εἷς
273 1474 353 1508 τέλος
386 1475 548 1515 ἄμφοτὶρων
585 1473 716 1504 ἐκϐαίνειν
750 1476 891 1516 ἀμφότερα
908 1498 914 1505 .

90 1520 146 1549 Καὶ
174 1520 243 1548 ἔστιν
275 1520 411 1551 οἰκείωσις
434 1520 479 1548 καὶ
507 1519 574 1555 αὕτη
606 1519 755 1558 φυλακικὴ,
786 1531 914 1559 μεατχω-

93 1564 212 1604 ρούντων
242 1564 374 1602 ἑκατέρων
404 1565 442 1597 εἰς
471 1565 582 1603 ἑκάτερα
612 1564 686 1604 λόγῳ
723 1565 914 1605 ἀντιστροφῆς,

92 1610 139 1638 καὶ
149 1608 386 1649 τελεσφορούντων
401 1608 542 1648 ἄνθρωπον
557 1611 604 1638 τὸν
619 1611 686 1638 κατὰ
701 1611 777 1639 θεόν.

130 1662 179 1691 κδ’.
196 1663 400 1700 Καθεσταμὲνου
428 1662 461 1699 δὴ
485 1663 556 1691 οὕτω
579 1664 623 1692 καὶ
646 1666 695 1692 τοῦ
723 1664 806 1703 ἄμφω
833 1666 917 1692 ταῦτα

92 1708 128 1737 τὰ
142 1707 227 1745 ἀγαθὰ
241 1706 397 1743 δυάζοντος,
426 1708 457 1736 τὸ
482 1707 589 1744 δηλαδὴ
616 1708 660 1736 καὶ
675 1711 762 1737 ποιεῖν
779 1708 823 1736 καὶ
839 1707 917 1736 διδάυ

94 1764 180 1788 σκειν,
195 1753 368 1781 ὲπισκεπτὲον
392 1753 438 1781 καὶ
461 1754 506 1781 τὸν
534 1755 620 1789 πάντη
637 1752 762 1791 ἕξαλλον,
783 1754 829 1782 τὸν
847 1755 916 1791 μήτε

93 1799 227 1827 ποιοῦντά
253 1808 279 1825 τι
303 1797 415 1836 ἀγαθὸν,
443 1797 513 1835 μηδὶ
538 1799 593 1835 μὴν
620 1796 788 1827 διδάσκοντα·
809 1798 853 1827 καὶ
870 1797 912 1834 εἷή

91 1842 123 1871 ἃν
141 1842 222 1875 αὐτός
243 1842 292 1870 οὐκ
315 1842 346 1870 ἂν
368 1841 433 1870 οὖδὶ
456 1845 524 1878 ζῶον
547 1841 658 1882 ἄλογον,
683 1842 747 1872 οὐδὲ
768 1854 809 1875 τις
837 1844 915 1881 ἑτέρα

91 1890 146 1917 τῶν
162 1886 329 1927 ἀλλοφύλων
349 1887 467 1927 φύσεων,
482 1887 499 1915 ἃ
521 1888 566 1915 καὶ
591 1888 658 1916 αὖτά
683 1887 837 1927 λελόγωται
852 1889 915 1926 τρό-

94 1943 146 1960 πον
160 1931 230 1966 τινᾶ,
247 1931 288 1963 οἷς
302 1930 340 1963 εἷς
364 1934 430 1960 Θεοῦ
454 1932 526 1960 αἶνον
553 1931 766 1970 μετακαλοῦνται
793 1933 916 1971 ψαλμῳ-

96 1976 179 2008 δικῶς
205 1975 251 2004 διὰ
273 1977 306 2004 τὰ
329 1975 355 2004 ἐν
380 1976 473 2008 αὐτοῖς
499 1977 645 2014 θαυμάσια.
670 1978 817 2015 Δογίζοιτο
841 1976 865 2005 δ’
884 1977 913 2005 ἂν

94 2020 310 2061 προσφυέστερον
335 2021 349 2048 ὸ
370 2023 494 2052 τοιοῦτος
519 2021 557 2052 εἷς
583 2022 726 2060 ἄνθρωπον
741 2022 758 2057 ἢ
779 2022 881 2055 λίθινον
897 2022 915 2057 ἢ

97 2065 273 2104 μαινόμενον,
289 2066 316 2093 οἳ
339 2064 400 2093 οὔτε
424 2064 533 2103 δρῶσιν,
549 2064 612 2094 οὗτε
637 2065 808 2094 διδάσκουσιν
826 2065 914 2102 οὐδὲν,

94 2111 159 2139 ἇΑλ⁷
180 2110 199 2146 ἢ
224 2110 306 2148 μόνον
336 2109 474 2138 ἑλεοῦνται
497 2112 545 2138 τοῦ
569 2110 768 2149 παρενηνὲχθαι
786 2114 837 2146 τῆς
851 2111 917 2139 κατὰ

95 2155 174 2196 φύσιν
189 2153 326 2187 πλάσεωςθ
347 2155 384 2182 ὧν
410 2153 562 2192 ἰπιμᾶλλον
589 2153 767 2192 δυσμίμητοι,
793 2155 819 2183 ἐν
845 2156 883 2187 οἶς
899 2157 916 2191 ἡ

96 2199 167 2238 ἄκρα
189 2198 308 2238 πονηρία
333 2199 378 2227 καὶ
403 2200 523 2236 κοσμική
548 2199 669 2238 καχεξία.
691 2202 844 2238 Δυσπραγεῖ
873 2200 918 2228 καὶ

96 2244 136 2276 εἷς
151 2244 247 2280 πλέον,
269 2243 301 2272 τὸ
325 2243 432 2272 πάντων
457 2243 605 2283 χείριστον.
631 2243 691 2273 Εἰσὶ
714 2245 766 2283 γὰρ
792 2254 862 2276 τινες
879 2243 918 2276 εἷς

965 279 1043 306 cerat
1058 279 1086 305 et
1100 277 1173 304 bene
1188 277 1302 311 fecerat,
1328 276 1427 312 primae
1456 277 1594 304 creationi
1624 277 1788 306 doctrinam

965 322 1089 357 adjecit;
1119 324 1146 349 et
1161 322 1229 349 huic
1244 321 1400 357 multiplici
1416 321 1552 349 methodo
1566 330 1632 349 cum
1649 322 1730 350 adhc:
1739 323 1788 358 sit,

966 366 1076 394 multos
1091 374 1105 393 e
1118 366 1180 394 suis
1196 366 1286 394 servis
1302 365 1467 393 divinarum
1484 365 1666 394 voluntatum
1688 367 1791 395 docto-

965 419 1011 438 res
1027 409 1150 447 ablegat,
1166 410 1195 437 in
1212 410 1320 446 quibus
1335 412 1438 445 praeter
1467 409 1550 442 alios,
1581 410 1729 446 sapientes
1763 412 1792 438 et

965 454 1071 490 varios,
1099 454 1253 491 utriusque
1268 454 1381 490 generis
1397 453 1554 490 prophetas.
1570 456 1628 482 Nec
1642 454 1721 482 enim
1737 455 1790 483 hic

966 499 1110 527 femineus
1123 508 1209 527 sexus
1225 499 1261 526 ad
1277 498 1405 526 divinam
1421 499 1583 527 doctrinam
1599 499 1688 528 evasit
1702 499 1789 527 inuti-

965 543 1013 578 lis,
1028 544 1079 571 sed
1095 543 1179 571 multi
1195 544 1230 571 ab
1245 543 1295 571 illo
1311 543 1403 571 edocti
1420 545 1499 571 sunt.

1000 677 1045 705 23.
1063 677 1133 704 Cum
1147 679 1245 705 autem
1261 677 1356 705 adhuc
1372 677 1540 713 praevaleret
1554 677 1664 713 peccati
1688 676 1734 705 lex
1763 679 1794 705 et

966 730 1063 750 mores
1078 730 1112 749 ex
1126 722 1182 749 ista
1197 721 1345 750 venientes
1362 730 1397 749 ne
1406 721 1448 750 sic
1456 721 1576 757 quidem
1592 721 1794 756 abolerentur,

966 767 1016 795 sed
1033 766 1129 794 omnis
1145 766 1277 794 doctrina
1292 766 1402 802 scripta
1417 767 1445 794 et
1460 774 1516 793 non
1533 766 1643 801 scripta
1657 766 1792 794 inefﬁcax

966 813 1054 845 esset,
1070 812 1140 838 tunc
1155 810 1267 846 absque
1283 809 1445 837 mutatione
1461 812 1490 837 et
1504 809 1683 838 demissione
1707 811 1795 838 desu-

966 864 1018 892 per
1043 855 1072 882 in
1099 854 1224 882 humilia
1246 854 1426 882 descendens
1443 856 1471 882 et
1488 854 1575 882 rebus
1590 854 1741 890 humanis,
1760 857 1792 883 ut

967 899 1089 927 decebat
1103 901 1205 933 Deum,
1222 899 1412 935 participans,
1428 898 1458 926 in
1481 899 1581 935 gloriae
1610 899 1791 936 magistralis

965 943 1071 971 throno
1087 943 1178 977 sedit;
1194 945 1222 971 et
1237 943 1273 971 ab
1286 943 1409 971 infantia
1424 952 1518 979 usque
1533 944 1569 972 ad
1585 945 1699 972 aetatem
1728 952 1793 979 per-

967 988 1084 1023 fectam,
1112 988 1207 1015 facere
1232 988 1393 1023 docereque
1423 996 1625 1024 perseverans,
1641 997 1707 1024 quae
1723 989 1794 1016 sunt

967 1033 1003 1060 ad
1020 1034 1149 1060 nostram
1171 1031 1295 1060 salutem
1326 1032 1506 1068 adimplevit,
1537 1032 1592 1060 hoc
1620 1032 1794 1061 felicissimo

968 1077 1139 1113 perfunctus
1169 1076 1295 1113 negotio,
1321 1084 1355 1104 ex
1369 1084 1425 1112 quo
1440 1075 1588 1105 felicitatis
1605 1076 1794 1112 privilegium

967 1120 1084 1149 transiit
1098 1121 1134 1148 ad
1150 1120 1223 1148 alios
1238 1121 1404 1157 omnes,qui
1415 1120 1590 1157 recipientes
1605 1120 1685 1149 illius
1696 1120 1795 1150 locum

969 1165 1127 1202 spostoliee
1141 1165 1252 1193 faciunt
1267 1168 1295 1193 et
1309 1166 1424 1200 docent,
1452 1173 1577 1202 quorum
1612 1165 1642 1193 in
1672 1169 1796 1201 utroque

969 1210 1055 1237 ambo
1071 1209 1301 1246 conspiciuntur,
1317 1210 1371 1238 etsi
1387 1209 1459 1237 alias
1474 1210 1560 1246 quasi
1594 1217 1645 1246 per
1671 1210 1798 1238 invicem

968 1254 1098 1282 veniant.
1115 1254 1217 1282 Omnis
1232 1254 1377 1282 exsecutio
1393 1254 1462 1282 boni
1479 1255 1656 1282 terminatur
1674 1255 1710 1282 ad
1730 1255 1799 1282 doc-

969 1298 1076 1326 trinam
1105 1298 1235 1326 temulari
1264 1298 1442 1333 volentium;
1473 1301 1502 1327 et
1528 1299 1626 1327 omnis
1641 1298 1710 1327 boni
1727 1300 1798 1327 doe—

969 1343 1046 1371 trina
1061 1344 1096 1370 ad
1113 1343 1193 1371 illius
1207 1343 1421 1372 exsecutionem
1438 1343 1635 1380 prospicit,ita
1649 1345 1681 1372 ut
1695 1352 1798 1380 opera-

969 1388 1010 1416 tio
1026 1388 1140 1416 desinat
1154 1388 1184 1415 in
1200 1388 1375 1424 doctrinam,
1391 1390 1419 1416 et
1434 1389 1567 1416 doctrina
1593 1389 1622 1416 in
1651 1388 1798 1425 operatio-

970 1441 1049 1467 nem,
1079 1434 1107 1460 et
1121 1433 1164 1461 sic
1179 1433 1306 1461 finaliter
1321 1435 1444 1469 utraque
1459 1442 1493 1461 ex
1508 1435 1632 1469 utraque
1647 1433 1798 1469 procedat.

970 1478 1005 1505 Et
1019 1478 1128 1505 etenim
1144 1478 1305 1513 proprietas
1321 1478 1372 1506 illa
1395 1481 1505 1514 custos,
1537 1478 1587 1506 ubi
1613 1480 1737 1514 utraque
1766 1478 1797 1506 in

970 1523 1125 1557 utramque
1141 1524 1244 1550 mutua
1258 1522 1320 1551 vice
1335 1522 1442 1551 transit
1457 1525 1486 1551 et
1508 1522 1660 1551 hominem
1691 1531 1798 1550 secun~

970 1567 1041 1594 dum
1056 1566 1149 1595 Deum
1164 1567 1288 1603 perficit.

1006 1665 1051 1692 21.
1068 1664 1164 1693 Posito
1179 1673 1295 1701 quoque
1310 1664 1351 1693 ita
1365 1665 1430 1701 hoc,
1456 1666 1534 1701 quod
1565 1664 1682 1701 copulat
1712 1665 1800 1694 ambo

970 1709 1028 1737 ista
1043 1709 1130 1744 bona,
1145 1709 1238 1737 facere
1252 1709 1362 1738 scilicet
1376 1712 1405 1738 et
1420 1710 1538 1745 docere,
1564 1709 1798 1738 considerandus

971 1753 1059 1782 etiam
1090 1755 1135 1782 est
1159 1753 1208 1782 ille
1235 1762 1356 1790 prorsus
1377 1754 1464 1789 alius,
1483 1754 1532 1783 ille
1548 1754 1599 1791 qui
1615 1763 1667 1783 nec
1683 1754 1798 1790 aliquid

969 1797 1039 1825 boni
1056 1797 1134 1831 facit,
1151 1806 1202 1825 nec
1217 1798 1316 1832 docet;
1337 1798 1406 1834 quin
1439 1798 1502 1834 ipse
1532 1798 1570 1826 sit
1597 1800 1648 1827 aut
1676 1799 1796 1827 brutum

971 1841 1091 1876 animal,
1116 1844 1167 1870 aut
1180 1843 1313 1879 quaedam
1328 1843 1489 1871 alienarum
1503 1843 1666 1880 specierum
1682 1842 1795 1878 altera;

970 1895 1032 1922 quae
1048 1887 1167 1923 quidem
1177 1888 1206 1915 et
1219 1887 1283 1924 ipsa
1296 1888 1514 1923 quodammodo
1536 1887 1699 1916 assimilata
1724 1889 1796 1916 sunt

970 1931 1124 1967 rationi,eo
1139 1932 1217 1967 quod
1234 1935 1350 1968 propter
1365 1933 1512 1961 mirabilia
1525 1933 1556 1961 in
1570 1932 1612 1961 eis
1624 1935 1801 1970 conspecta,

970 1977 1005 2004 ad
1022 1976 1206 2005 Dsilsudem
1222 1986 1239 2005 a
1266 1977 1423 2006 Psalmista
1451 1979 1661 2006 convocautur.
1690 1978 1796 2014 Aptius

971 2023 1070 2049 autem
1099 2021 1167 2049 talis
1184 2023 1405 2057 repraesentant
1419 2022 1571 2050 hominem
1585 2022 1630 2049 vel
1645 2021 1796 2058 lapideum

971 2065 1015 2093 vel
1031 2065 1234 2101 insanum,qui
1249 2074 1302 2093 nec
1317 2066 1427 2102 aliquid
1443 2069 1544 2102 agunt,
1562 2075 1614 2094 nec
1628 2066 1797 2101 docenl,sed

971 2111 1086 2137 tantum
1103 2110 1333 2145 miserationem,
1349 2119 1383 2138 ea
1400 2111 1478 2146 quod
1494 2119 1512 2138 a
1538 2110 1665 2138 naturali
1694 2111 1801 2138 forma-

971 2153 1051 2182 tione
1076 2153 1195 2182 alienati
1224 2154 1295 2188 sint,
1311 2155 1438 2183 excitant
1453 2162 1460 2183 :
1478 2154 1586 2191 quibus
1602 2154 1694 2183 multo
1710 2154 1800 2183 mise-

973 2198 1063 2227 riores
1074 2199 1105 2227 hi
1120 2201 1190 2226 sunt
1201 2199 1408 2235 imitatores,in
1428 2200 1536 2235 quibus
1551 2202 1596 2227 est
1609 2207 1727 2228 summa
1742 2207 1802 2227 ma-

973 2243 1037 2271 litia
1051 2244 1076 2272 ei
1092 2244 1122 2271 in
1138 2251 1243 2280 genere
1258 2244 1335 2272 mala
1350 2244 1516 2280 dispositio.
1531 2244 1625 2281 Magis
1641 2246 1739 2273 autem
1755 2243 1801 2272 in-

97 2289 226 2317 τοσοῦτον
251 2286 473 2326 κεκολοϐωμὲνοι
502 2292 550 2324 τῆς
579 2288 618 2320 εἴς
648 2289 748 2327 ἀγαθὸν
776 2287 897 2327 διαρτίας

977 2289 1044 2317 felix
1056 2288 1152 2317 adhuc
1167 2289 1358 2322 est,omnium
1375 2289 1628 2325 pessimum.Sunt
1642 2288 1721 2317 enim
1737 2288 1802 2325 qui-

98 2333 168 2362 ὥστε
183 2332 230 2360 σὺν
246 2335 285 2369 τῷ
311 2332 394 2370 μηδὲν
420 2333 635 2372 ιῦηρεστημὲνον
663 2336 721 2370 Θεῷ
745 2334 763 2369 ἢ
787 2337 887 2371 ποιεῖν,
903 2335 920 2370 ἢ

98 2377 248 2411 διδάσκειν,
266 2376 431 2405 ἒκέλίνουσιν
455 2378 493 2410 εἷς
521 2377 552 2406 τό
584 2377 654 2415 μηδὲ
682 2377 766 2414 ἄξιον,
791 2380 850 2415 Θεῷ
875 2389 922 2415 μι-

99 2421 170 2458 σητὰ
198 2421 244 2448 καὶ
269 2420 496 2459 διαπραττόμενοι
525 2423 570 2450 καὶ
600 2422 805 2460 ὑποτιθέμενοι,
835 2423 922 2451 οὐκέτ’

100 2466 179 2496 αὐτοὶ
203 2465 266 2493 οὐδὲ
287 2464 425 2504 ἄνθρωποι
450 2465 535 2504 ὅντες,
560 2467 624 2496 ἀλλ’
650 2467 690 2499 εἲς
715 2466 846 2505 δαίμονας
860 2468 922 2499 τοὺς

99 2511 146 2540 καὶ
161 2509 331 2550 ἀρχεκάκους
345 2511 391 2538 καὶ
415 2510 601 2550 φαυλοποιοὺς
616 2512 662 2540 καὶ
687 2512 922 2551 πονηροδιδασκά-

99 2557 168 2588 λους
184 2554 318 2583 ἀποταττό
322 2565 408 2593 μενοι.

137 2611 184 2639 κε’.
198 2609 274 2639 Ἐπεὶ
303 2608 348 2637 οὗν
376 2608 448 2636 οὕτω
475 2610 558 2637 ταῦτα
586 2609 642 2647 (καὶ
666 2610 697 2638 οὗ
725 2609 924 2648 διεξεπέσομεν,

103 2654 191 2692 οἶμαι,
205 2656 255 2682 τοῦ
279 2654 367 2692 ὀρθῶς
391 2652 513 2690 διελεῖν),
528 2653 591 2692 φέρε
614 2653 647 2689 δὴ
671 2653 836 2691 ἐξετάσὼμεν
850 2657 924 2692 ἡμᾶς

103 2698 212 2735 αὐτοὺς,
236 2696 423 2730 ἂναϐαίνοντις
448 2697 479 2726 ἐκ
506 2700 558 2725 τῶν
589 2697 710 2736 ἐσχάτων
738 2698 781 2726 ἐπὶ
810 2699 844 2726 τὰ
871 2701 924 2738 πρὸ

103 2743 201 2778 αὐτῶν,
226 2745 270 2772 καὶ
296 2744 490 2781 θεωρήσωμεν,
517 2741 543 2770 ἰν
568 2742 640 2779 ποίῳ
664 2745 718 2770 τῶν
741 2742 924 2782 διαιρεμάτων

102 2788 266 2825 τεταξόμεθα
292 2789 375 2825 ἡμεῖς
405 2788 432 2815 οἱ
456 2789 502 2815 νῦν
528 2786 709 2819 διδάσκοντες.
736 2789 785 2816 Καὶ
812 2789 852 2816 ὅτι
877 2789 925 2825 μὲν

105 2833 142 2865 είς
176 2830 291 2871 ἔσχατον
326 2832 423 2865 κακίας
462 2831 664 2864 διικπίπτοντες
703 2833 926 2871 ἀποσυριχθησό-

976 2334 1044 2362 dam
1060 2342 1077 2362 ο,
1092 2333 1186 2362 forma
1199 2342 1262 2370 quas
1278 2334 1372 2362 tendit
1387 2334 1424 2362 ad
1439 2334 1550 2362 bonum
1576 2334 1647 2362 adeo
1671 2333 1802 2369 alienati,

977 2382 1010 2406 ut
1037 2379 1107 2406 dum
1135 2387 1257 2415 prorsus
1286 2378 1359 2406 nihil
1375 2381 1431 2407 Deo
1447 2380 1562 2415 gratum
1579 2387 1632 2407 nec
1647 2379 1736 2415 agant
1749 2386 1803 2406 nec

978 2423 1111 2457 doceant,
1127 2422 1157 2451 in
1174 2423 1252 2459 quod
1267 2423 1390 2452 minime
1406 2423 1529 2460 dignum
1549 2425 1594 2452 est
1619 2422 1803 2457 delabantur,

979 2468 1080 2496 odiosa
1095 2468 1154 2496 Deo
1169 2468 1308 2496 facientes
1323 2469 1351 2496 et
1365 2470 1623 2505 suggerentes,nec
1634 2468 1697 2504 jam
1710 2466 1804 2495 homi-

978 2513 1155 2549 nes,quippe
1171 2513 1221 2548 qui
1237 2513 1267 2540 in
1283 2513 1432 2541 damones
1447 2513 1592 2549 pessimos
1608 2512 1686 2541 mala
1700 2512 1806 2542 facien-

979 2560 1024 2586 tes
1038 2560 1068 2586 et
1082 2566 1170 2594 prava
1184 2558 1322 2586 docentes
1336 2558 1520 2586 tranformati
1534 2560 1614 2586 sunt.

1014 2611 1059 2639 25.
1090 2613 1161 2639 Cum
1189 2611 1280 2648 igitur
1306 2611 1366 2639 haec
1394 2612 1435 2639 ita
1463 2611 1526 2639 sint
1549 2613 1589 2646 (et
1604 2619 1673 2647 non,
1690 2613 1771 2647 puto,
1789 2619 1806 2638 a

979 2658 1056 2685 recta
1071 2656 1216 2684 sententia
1245 2656 1428 2692 defecimus),
1444 2656 1490 2684 eia
1519 2664 1573 2684 nos
1598 2656 1678 2692 ipsos
1693 2654 1806 2684 exami-

980 2708 1095 2734 nemus,
1114 2700 1150 2728 ab
1166 2700 1280 2728 ultimis
1297 2701 1333 2728 ad
1349 2709 1384 2728 ea
1398 2709 1462 2736 quis
1483 2700 1580 2736 priora
1609 2702 1679 2728 sunt
1708 2707 1807 2727 ascen-

981 2746 1095 2778 dentes,
1112 2747 1141 2773 et
1155 2745 1352 2780 videamus,in
1367 2753 1424 2780 qua
1439 2745 1582 2773 divisione
1598 2753 1651 2772 nos
1665 2743 1716 2779 qui
1729 2751 1807 2771 nunc

983 2790 1133 2823 docemus,
1151 2789 1307 2817 ordinandi
1324 2789 1514 2822 simus.Quod
1529 2790 1558 2817 in
1574 2789 1712 2817 ultimum
1727 2787 1808 2816 mali-

981 2835 1027 2864 tiae
1043 2834 1166 2870 delapsi,
1182 2834 1320 2863 sibilandi
1336 2835 1442 2868 simus,
1460 2843 1518 2864 non
1534 2835 1641 2863 dicam.
1654 2833 1808 2862 Conﬁdens
