2030 3167
213 187 274 219 655

601 185 812 217 EUS'I‘ATHII
833 184 1218 216 THESSALONIGENSIS
1241 183 1535 215 METROPOLITE

1506 135 1512 149 ι

1859 183 1921 211 656

213 253 293 282 enim
307 252 395 281 istam
410 252 626 281 accusationem
639 251 748 288 rejicio.
763 252 853 280 Nemo
867 251 957 284 enim,
985 258 1036 278 nec

1103 250 1171 283 ιεθα,
1201 248 1252 277 ούκ
1273 247 1303 277 ἂν
1326 248 1443 286 εἴποιμι.
1473 248 1586 287 Θαρῥῶν
1609 248 1662 286 γὰρ
1681 247 1834 285 ἀποφάσκω
1852 247 1923 282 ἐμοῦ

213 299 264 335 qui
292 297 466 326 vestimenta
493 297 641 331 laceravit,
672 305 724 325 nec
740 297 789 332 qui
803 298 891 332 caput
907 295 1040 330 nudavit,

213 350 267 370 nec
282 342 332 378 qui
349 342 474 369 frontem
489 341 648 375 induravit,
665 349 717 368 nec
734 341 783 377 qui
799 341 941 377 pudorem
965 339 1041 367 ami-

214 387 264 421 sit,
278 386 466 422 exprobraret
479 385 575 418 nobis,
591 394 685 421 neque
700 385 811 413 malum
827 385 949 412 ﬁrmiter
965 383 1041 419 abji—

215 432 364 463 ciendum,
380 430 458 466 quod
472 429 583 458 scilicet
599 430 628 457 in
655 430 769 458 actibus
797 429 841 458 vel
871 429 900 457 in
930 437 1041 457 sermo-

216 476 304 504 nibus
311 474 473 503 doctrinam
480 474 815 510 diabolicedepravatam
822 473 1040 508 tradiderimus,

217 527 312 555 neque
322 519 400 555 quod
410 519 484 546 nihil
493 519 559 546 boni
570 519 724 547 fecerimus
733 527 827 555 neque
843 518 1040 550 docuerimus,

218 564 250 592 in
266 563 312 591 his
325 572 388 600 quae
404 564 439 591 ad
456 571 510 591 nos
525 563 572 590 hic
584 564 718 596 attinent,
741 564 829 599 idque
857 562 1041 599 negligentiae

218 608 264 636 vel
278 608 401 644 ignaviaa
417 616 514 643 causa,
531 607 574 635 vel
588 608 750 636 secundum
767 608 957 643 aliam,quam
975 606 1042 642 quis

217 652 371 687 inveniret,
387 660 517 679 causam.
534 652 563 679 Si
579 660 644 680 vero
661 653 738 688 quis,
764 651 908 679 diabolica
933 652 1041 686 mente,

216 697 247 724 in
263 698 374 724 tantam
389 697 545 724 adversum
562 705 614 725 nos
630 697 896 724 manifestationem
921 695 1044 723 audacia

215 741 351 774 ferretur,
367 749 433 768 ecce
449 743 577 776 tempus,
595 741 658 777 ipse
673 741 789 776 quidem
814 749 846 768 os
871 739 1042 776 adaperiat;

217 794 270 814 nos
294 787 398 823 autem
426 785 540 813 hiatum
556 786 771 813 obturamentis
785 794 802 813 a
816 785 874 813 Deo
890 783 1041 819 adhibitis,

217 830 327 865 quibus
341 832 370 857 et
383 838 434 858 ora
447 829 565 857 leonum
582 829 661 857 lenta
676 830 771 857 reddit
797 829 846 857 ille
875 829 911 857 ad
936 837 1042 856 voran-

218 874 289 901 dum
304 882 353 902 eos
369 874 419 910 qui
435 874 586 902 conﬁdunt
600 874 630 902 in
646 874 755 909 ipsum,
772 874 969 902 occludemus.

1094 295 1125 322 τὸ
1148 291 1276 331 ἔγκλημα
1301 296 1394 323 τοῦτο.
1419 293 1455 321 Οὐ
1481 293 1530 331 γὰρ
1555 292 1584 320 ἄν
1601 303 1654 327 τις,
1681 291 1742 320 οὔτε
1764 292 1799 319 τὰ
1825 292 1926 328 ἱμάτια

1095 337 1252 376 διαρρήξας,
1269 337 1330 366 οὔτε
1351 339 1400 373 τήν
1425 338 1545 376 κεφαλὴν
1570 337 1717 375 γυμνώσας
1739 335 1802 364 οὔτε
1825 337 1858 363 τὸ
1877 337 1926 373 μὲ-

1094 394 1185 410 τωπον
1216 384 1456 420 παρατριψάμενος
1473 406 1481 419 ,
1511 381 1573 410 ούδὶ
1603 383 1657 419 μὴν
1684 380 1926 417 ἀναιδευσάμενος,

1096 427 1244 465 ἐπικαλὲσῃ
1274 429 1342 464 ἡμῖν
1369 426 1429 455 οὔτε
1452 428 1483 455 τὸ
1507 429 1651 465 προσιχῶς
1681 423 1843 460 ἀπόϐλητον
1875 436 1928 452 και

1095 472 1220 507 κὸν,τήν
1249 470 1276 499 ἕν
1300 483 1329 500 τε
1356 472 1481 510 πράξεσιν
1512 470 1539 499 ἕν
1567 482 1595 499 τε
1623 471 1716 509 λόγοις
1747 468 1928 506 δαιμονιώδη

1096 516 1359 555 ὲτεροδιδασκαλίαν,
1390 515 1451 544 οὐδὲ
1481 517 1546 553 μὴν,
1573 516 1610 547 ὡς
1639 515 1701 543 οῧτι
1729 514 1905 550 ἐποιήσαμεν
1922 537 1929 548 ,

1097 561 1158 589 οὕτε
1181 560 1338 599 ἐδιδάξαμεν
1359 562 1457 599 ἀγαθὸν
1475 560 1553 588 οὐδὲν
1581 559 1606 588 ἐν
1622 563 1680 591 τοῖς
1692 560 1752 592 καθ’
1767 561 1844 596 ἡμᾶς
1861 558 1930 592 ὦδε,

1098 606 1226 643 ὀκνηρίας
1255 606 1273 641 ἢ
1301 607 1418 643 ἀμαθίας
1448 605 1535 644 λόγῳ,
1565 605 1582 640 ἢ
1611 605 1670 637 καθ’
1700 604 1806 642 ἑτέραν,
1834 605 1869 638 ἦν
1898 603 1929 630 ἂν

1096 650 1198 689 ἐξεύροι
1217 662 1267 685 τις,
1293 651 1391 680 αἰτίαν.
1414 650 1446 678 Ei
1471 649 1499 678 δέ
1524 661 1565 682 τις
1588 647 1717 680 διάϐολος
1741 648 1776 676 ὤν
1802 649 1930 685 ἀποθρα-

1097 696 1206 731 συνθείη
1236 696 1293 722 καθ’
1322 696 1402 732 ἡμῶν
1431 695 1456 726 ἐς
1485 697 1614 722 τοσοῦτον
1644 694 1835 733 ἀποφάνσεως,
1867 691 1930 720 ἱδοέι

1097 740 1202 777 καιρὸς,
1231 740 1276 767 καὶ
1300 739 1380 771 αὐτὸς
1411 740 1458 776 μὲν
1487 739 1690 777 καταχασκὲτω·
1705 739 1787 775 ἡμεῖς
1818 736 1847 764 δὲ
1876 747 1929 764 πα-

1099 782 1250 822 ραϐύσομεν
1267 787 1306 821 τῷ
1321 785 1443 822 χάσματι
1469 784 1503 812 τὰ
1526 784 1555 811 ἐκ
1579 782 1645 812 Θεοῦ
1670 782 1868 821 ἐμφράγματα,
1887 783 1927 812 οἷς

1096 829 1142 856 καὶ
1170 829 1290 866 στόματα
1319 829 1435 856 λεόντων
1464 829 1535 867 ἀργὰ
1560 829 1660 859 ἐκεῖνος
1683 830 1759 855 ποιεῖ
1785 826 1924 854 ἀπεσθίειν

1097 873 1160 904 τοὺς
1173 873 1372 912 τεθαρρηκότας
1387 874 1471 910 αὐτῷ.

254 937 300 963 26.
317 936 376 964 Hac
389 937 486 964 autem
503 944 519 963 a
534 935 618 964 nobis
640 936 746 971 rejects.
759 935 869 972 duplici
891 935 1043 972 pravitate,

1133 938 1180 967 κς’·
1211 935 1319 970 Ταύτης
1348 934 1377 963 δὲ
1399 937 1449 970 τῆς
1483 933 1624 972 δισχιδοῦς
1652 934 1828 969 φαυλότητος
1857 933 1927 960 ἄπο-

221 980 269 1008 cui
298 980 327 1008 in
356 980 556 1016 superioribus
584 980 706 1016 quintus
733 980 901 1016 assignatus
927 983 972 1008 est
1000 980 1044 1008 lo-

222 1027 317 1060 cus,et
331 1025 419 1053 etiam
431 1025 517 1052 etiam
534 1025 591 1052 ista
604 1033 667 1060 quae
683 1027 750 1061 post
765 1025 861 1061 ipsam
877 1025 906 1052 in
922 1033 1044 1053 numero

221 1072 302 1098 sexto
317 1070 413 1105 posita
428 1072 481 1103 est,
494 1069 579 1105 juxta
593 1077 682 1105 quam
699 1078 716 1098 a
731 1070 848 1097 doctore
870 1070 952 1097 abest
975 1070 1045 1097 doc-

220 1114 305 1141 trinis
333 1116 462 1150 systema
489 1113 605 1149 (omitto
625 1114 703 1142 enim
720 1113 800 1142 illam
816 1114 933 1149 longius
950 1122 1044 1142 recor-

220 1158 339 1194 dari),in
355 1160 493 1194 quartum
511 1159 673 1186 necessario
689 1158 866 1193 incidemus,
878 1160 909 1186 ut
924 1158 1045 1194 polliciti

220 1206 367 1236 sumus,et
382 1202 623 1239 inquiremus,au
640 1202 749 1239 aliquid
765 1203 834 1230 boni
851 1203 986 1231 facientes
1000 1201 1045 1230 vel

220 1247 357 1275 docentes
373 1255 432 1275 non
446 1247 585 1283 pudorem
602 1247 826 1275 excitaverimus
837 1255 937 1275 eorum
947 1247 998 1282 qui
1009 1247 1046 1274 ad

220 1291 408 1328 disciplinam
424 1291 509 1319 nobis
524 1292 627 1319 crediti
638 1292 816 1327 sunt.Etego
825 1291 943 1327 quidem
953 1291 1047 1320 multa

221 1345 269 1364 me
284 1336 388 1364 fecisse
403 1338 431 1364 et
446 1336 481 1364 ad
498 1336 660 1364 doctrinam
677 1335 835 1371 protulisse
850 1339 936 1371 puto;
953 1338 981 1364 et
995 1336 1046 1371 qui

221 1381 284 1408 vult
300 1389 384 1409 meus
399 1380 585 1408 adversarius
601 1389 675 1416 esse,
692 1383 777 1408 acuat
801 1381 944 1416 linguam,
969 1380 1047 1409 sicut

224 1427 253 1453 et
281 1433 392 1457 ensem,
408 1425 445 1452 ad
461 1426 606 1460 apertum,
623 1427 651 1452 et
666 1432 718 1460 ego
732 1425 893 1452 obtundam
909 1433 971 1453 eam
988 1433 1046 1453 non

223 1470 254 1497 in
270 1472 330 1497 tres
344 1469 388 1497 vel
403 1471 529 1506 quatuor
543 1473 640 1505 partes
655 1469 878 1505 disrumpendo,
901 1470 1048 1506 praebente

224 1514 282 1542 Deo
297 1515 472 1550 potentiam,
487 1514 537 1542 sed
553 1514 641 1542 etiam
657 1514 687 1541 in
703 1516 815 1542 atomos
844 1514 1022 1542 attenuando
1039 1522 1046 1542 :

224 1567 283 1586 non
300 1558 378 1586 enim
394 1558 467 1586 mihi
483 1559 525 1587 sic
541 1559 675 1586 inutilem
692 1566 756 1586 esse
768 1567 886 1586 servum
902 1560 967 1595 ejus
982 1567 1048 1586 con-

224 1611 341 1631 cessum
356 1606 407 1638 est,
425 1605 458 1630 ut
473 1603 662 1639 imperfectus
693 1603 791 1630 fierem
821 1604 857 1631 ad
886 1603 996 1638 omnia,
1021 1605 1050 1631 et

224 1647 298 1675 nihil
314 1647 361 1675 hic
377 1647 570 1684 praesentibus
586 1655 681 1676 essem
697 1647 790 1675 utilis.
802 1648 832 1675 Si
845 1656 911 1676 vero
925 1648 1049 1676 ﬁrmiter

224 1691 256 1719 in
288 1692 446 1720 certamine
478 1692 621 1720 contendo
650 1700 696 1719 me
729 1692 837 1727 duplex
874 1692 1049 1728 participare

225 1735 347 1771 bonum,
380 1737 473 1764 facere
506 1737 617 1765 scilicet
646 1744 679 1763 ac
704 1736 818 1769 docere,
845 1744 903 1763 non
929 1736 1049 1764 omnino

226 1780 346 1808 cuilibet
361 1781 525 1808 adversanti
540 1781 673 1808 cederem
691 1780 762 1807 mihi
778 1789 837 1807 non
852 1788 917 1808 esse
937 1783 1050 1816 partem

229 1833 295 1852 cum
311 1825 503 1860 operantibus
519 1827 547 1852 et
563 1824 604 1852 sic
632 1824 661 1851 in
691 1824 838 1859 operando
867 1824 1048 1852 docentibus.

229 1869 285 1896 Ubi
300 1869 378 1896 enim
394 1868 501 1903 duplex
516 1870 570 1901 est,
587 1868 628 1895 ibi
644 1876 759 1903 quoque
775 1871 820 1896 est
835 1868 968 1904 simplex.
994 1869 1053 1896 Ita-

233 1919 301 1947 que,
330 1913 355 1939 si
384 1911 500 1939 fecerim
530 1921 563 1940 ac
591 1912 750 1947 docuerim,
771 1913 838 1947 quis
854 1921 931 1941 sana
947 1913 1054 1941 mentis

234 1956 358 1984 faciendi
374 1956 468 1992 gloria
483 1965 528 1985 me
543 1956 629 1985 vellet
643 1957 789 1992 orbatum,
815 1958 865 1993 qui
891 1966 1056 1994 consequor

231 2009 322 2028 unum
338 2004 366 2029 et
379 2001 505 2029 alterum
521 2002 666 2030 comitans
683 2002 797 2030 fortiter
812 2003 917 2030 teneo?
931 2003 960 2030 Si
989 2011 1055 2030 vero

230 2046 297 2081 quis
326 2046 413 2074 modo
439 2048 599 2083 expositam
615 2047 818 2083 duplicitatem
833 2048 993 2083 explicans,
1010 2055 1056 2075 res

229 2093 347 2119 nostras
362 2091 468 2119 rationi
484 2091 594 2126 sujic-it,
609 2091 695 2127 quasi
711 2099 764 2119 nos
793 2092 827 2119 ad
858 2092 969 2120 bonum
997 2100 1056 2120 non

228 2136 358 2173 duplicia
387 2137 604 2173 conjungamus
633 2137 782 2173 (docentes
799 2137 917 2173 quidem
933 2137 1055 2171 bonum,

228 2189 285 2209 non
302 2184 400 2209 autem
415 2184 444 2210 et
460 2181 620 2217 facientes),
637 2182 777 2210 ascendat
792 2182 881 2209 etiam
898 2182 934 2210 ad
951 2182 1056 2217 hujus-

228 2226 307 2254 modi
324 2229 481 2261 certamen,
493 2229 522 2254 et
538 2227 568 2254 in
584 2234 631 2254 me
648 2228 759 2262 spectet
774 2226 1056 2260 sacerdotem,malis

229 2271 347 2306 quidem
363 2271 500 2299 omnibus
516 2271 628 2299 artibus
644 2271 774 2306 undique
790 2274 971 2306 coopertum,
1003 2271 1054 2298 sed

227 2316 304 2343 bona
333 2317 502 2349 docentem;
532 2318 561 2344 el:
588 2323 640 2351 ego
654 2315 773 2351 quidem
789 2315 899 2343 desisto
914 2324 1053 2343 concessa

227 2361 437 2396 propositione,
452 2361 531 2396 quod
545 2360 623 2387 bona
638 2361 758 2388 doceam
771 2359 861 2387 simul
877 2363 905 2388 et
921 2360 1053 2394 edocear,

227 2404 374 2439 siquidem
390 2406 453 2433 vitae
469 2408 585 2440 tempus
600 2405 845 2440 extenditur.lpse
859 2413 926 2432 vero
936 2406 1056 2433 demon-

226 2450 301 2476 stret
315 2449 345 2476 in
362 2450 434 2477 meis
450 2449 587 2484 operibus
602 2449 792 2482 malitiam,ut
807 2449 967 2485 perfectum
980 2449 1053 2477 mihi

226 2492 337 2521 bonum
352 2493 382 2521 in
399 2494 563 2528 dimidiam,
581 2494 703 2529 redigat.
725 2494 759 2521 Et
787 2494 811 2521 si
840 2496 872 2522 tu
905 2494 1053 2522 adversari

228 2545 286 2564 non
301 2537 390 2570 vales,
408 2538 554 2566 abduxisti
570 2538 623 2566 tibi
639 2538 840 2574 nigredinem;
858 2539 883 2567 si
898 2547 964 2567 vero
989 2547 1053 2575 quae

226 2581 338 2609 faciunt
353 2582 387 2609 ad
405 2582 685 2611 demonstrationem
702 2585 795 2618 potes,
811 2585 880 2611 tunc
896 2584 1051 2611 adversum

223 2627 252 2654 te
281 2626 429 2662 judicium
473 2627 599 2662 proferet
641 2635 758 2655 sacrum
791 2627 991 2664 Evangelium,
1026 2631 1054 2655 et

223 2670 411 2708 exprobrabit
425 2671 616 2705 tibi,diversis
628 2671 662 2699 de
678 2672 819 2706 causis,et
829 2681 862 2700 eo
872 2672 949 2708 quod
966 2680 1051 2708 opor-

223 2716 305 2744 tebat
319 2718 348 2743 te
363 2718 467 2744 cuncta
481 2724 545 2752 qua:
559 2724 612 2753 ego
637 2717 726 2744 doceo
756 2717 860 2751 facere,
892 2725 957 2744 mea
983 2725 1050 2744 vero

225 2770 314 2797 opera
340 2769 398 2789 non
429 2761 718 2789 imitariJ'rzescribit
733 2764 832 2790 autem
849 2761 902 2789 tibi
918 2769 1050 2797 arguere,

224 2808 253 2833 et
268 2805 490 2842 reprehendere,
508 2808 534 2833 et
551 2805 706 2839 exhortari,
723 2807 751 2833 et
779 2806 821 2834 sic
849 2815 910 2842 quas
940 2806 1052 2834 ducunt

225 2850 260 2877 ad
295 2859 390 2879 meam
421 2850 630 2879 correctionem
661 2850 824 2887 adhibere,
858 2859 917 2879 non
951 2852 1050 2879 tamen

1101 981 1274 1020 φασκομὲνης
1289 981 1382 1016 ἡμῶν,
1397 980 1431 1014 ἧς
1457 981 1470 1007 ὁ
1494 980 1578 1010 τόπος
1593 978 1619 1007 ἐν
1635 981 1693 1010 τοῖς
1709 979 1841 1015 ἀνωτὲρω
1855 977 1926 1013 πέμ-

1099 1035 1166 1056 πτος
1193 1035 1234 1055 τις
1262 1024 1379 1062 ἐτάχθη,
1403 1024 1445 1051 ναὶ
1474 1025 1529 1060 μῆν
1557 1024 1601 1051 καὶ
1629 1027 1680 1058 τῆς
1709 1024 1766 1059 μετ’
1790 1022 1880 1056 αὐτὴν
1901 1022 1925 1049 ἓν

1099 1070 1209 1107 ἀριθμῷ
1222 1067 1304 1105 ἕκτῳ,
1328 1069 1386 1096 καθ’
1410 1069 1441 1103 ἣν
1465 1067 1542 1099 ὄντος
1569 1070 1618 1095 τοῦ
1640 1067 1816 1097 διδάσκοντος
1831 1066 1926 1094 ἄπεστι

1099 1116 1129 1142 τὸ
1146 1113 1340 1150 διδασκόμενον
1364 1113 1489 1149 σύστημα
1512 1113 1596 1150 (ὀκνῶ
1619 1112 1670 1151 γὰρ
1697 1112 1735 1143 εἷς
1755 1110 1844 1139 πλέον
1873 1111 1929 1138 ἑπι-

1103 1161 1252 1196 μνησθῆναι
1281 1157 1387 1193 αὐτῆς),
1417 1155 1601 1193 ἐπιϐαλοῦμεν
1637 1156 1787 1194 ἀναγκαίως
1818 1158 1859 1191 τῷ
1887 1166 1929 1182 τε-

1099 1205 1201 1241 τάρτῳ,
1227 1202 1296 1234 καθὰ
1321 1203 1509 1240 ὑπεσχήμεθα,
1534 1202 1578 1229 καὶ
1604 1200 1818 1237 ἐπελευσόμεθα,
1849 1199 1879 1228 εἴ
1902 1201 1929 1228 τί

1099 1258 1152 1275 που
1167 1247 1249 1275 καλὸν
1275 1247 1292 1281 ἢ
1317 1249 1458 1277 ποιοῦντες
1473 1246 1491 1280 ἢ
1507 1244 1679 1276 διδάσκοντες
1695 1244 1726 1272 οὐ
1749 1244 1929 1282 κατῃσχύνα-

1102 1303 1149 1329 μεν
1178 1291 1240 1322 τοὺς
1274 1291 1312 1322 είς
1349 1290 1496 1327 μαθητείαν
1526 1289 1792 1326 ἐμπεπιπευμὲνους
1833 1291 1904 1325 ἡμῖν
1921 1317 1928 1323 ,

1101 1336 1150 1363 Καὶ
1166 1336 1221 1373 ἐγώ
1239 1335 1286 1372 μὲν
1314 1336 1391 1371 οἶμαι
1420 1334 1513 1363 πολλά
1541 1334 1585 1362 καὶ
1610 1334 1800 1369 πεποιηκέναι,
1818 1334 1863 1361 καὶ
1891 1333 1930 1364 εἰς

1101 1379 1277 1408 διδασκαλίαν
1305 1380 1505 1416 προτεθεικέναι
1522 1388 1529 1396 ⁸
1559 1378 1603 1406 καὶ
1632 1379 1647 1406 ὁ
1680 1377 1766 1410 θέλων
1797 1378 1929 1412 ἐνοτὰτης

1103 1425 1167 1462 ἐμὸς
1191 1424 1310 1462 γενέσθαι
1335 1424 1479 1461 στομούτω
1502 1424 1552 1458 τήν
1583 1422 1721 1461 γλῶσσαν,
1749 1424 1795 1450 οἵα
1819 1423 1864 1450 καὶ
1892 1423 1929 1457 ξί-

1103 1480 1163 1509 φος,
1193 1469 1232 1500 εἷς
1261 1468 1376 1508 ἐμφανὶς
1395 1491 1401 1503 ,
1426 1469 1471 1495 καὶ
1497 1468 1552 1505 ἐγὼ
1579 1465 1751 1504 ἀπαμϐλυνῶ
1778 1467 1866 1501 αὐτήν
1898 1467 1927 1494 οὗ

1102 1513 1202 1552 τριχθά
1216 1513 1260 1541 καὶ
1285 1513 1422 1551 τετραχθὰ
1446 1511 1605 1550 διαθρύψας,
1620 1511 1834 1548 ἐνδυναμοῦντος
1850 1514 1926 1547 Θεοῦ,

1103 1557 1176 1586 ἀλλᾶ
1204 1558 1248 1585 καὶ
1276 1558 1314 1589 εἲς
1343 1557 1462 1594 ἀτόμους
1490 1556 1690 1587 ἀπολεπτύνας·
1720 1556 1753 1583 οὐ
1778 1556 1831 1593 γὰρ
1857 1556 1928 1583 οὕτω

1103 1603 1342 1641 παρακεχώρημαι
1367 1602 1479 1639 ἀχρεῖος
1502 1601 1624 1639 γενέσθαι
1648 1599 1747 1631 δοῦλος
1774 1599 1870 1628 αὐτοῦ.
1892 1601 1928 1630 ὡς

1104 1646 1252 1681 ἀωντελής
1278 1644 1412 1679 ἀποϐῆναι
1440 1647 1509 1673 κατὰ
1531 1645 1563 1673 τὸ
1577 1645 1640 1679 πὰν,
1655 1644 1699 1672 καὶ
1716 1644 1754 1676 εἲς
1774 1643 1856 1672 οὐδὲν
1871 1647 1927 1675 τοῖς

1104 1691 1217 1723 ἐνταῦθα
1232 1692 1382 1729 χρήσιμος.
1399 1690 1431 1718 El
1446 1689 1479 1725 δὴ
1504 1692 1552 1718 τοῦ
1577 1689 1759 1724 διπλάζοντος
1775 1688 1865 1716 καλοῦ
1882 1699 1928 1725 με-

1103 1735 1193 1773 τέχειν
1219 1735 1434 1773 ἐπαγωνίζομαι,
1457 1736 1506 1762 τοῦ
1532 1733 1577 1762 καί
1604 1737 1717 1769 ποιῆσαι
1743 1733 1790 1761 καὶ
1812 1732 1927 1770 διδάξαι,

1106 1781 1157 1808 οὐκ
1175 1779 1205 1807 ἂν
1225 1780 1332 1811 πάντως
1357 1778 1518 1815 ὗπεκσταίην
1543 1777 1632 1806 οὐδενὶ
1655 1778 1866 1812 ἀντιπίπτοντι,
1892 1779 1928 1808 ὡς

1108 1825 1158 1852 οὐκ
1173 1823 1243 1852 ἔστιν
1269 1824 1331 1860 ἐμοὶ
1362 1823 1438 1861 μερὶς
1464 1823 1508 1851 καὶ
1540 1823 1607 1860 μετά
1633 1825 1687 1850 τῶν
1716 1822 1872 1850 ποιούντων
1888 1823 1933 1849 καὶ

1109 1869 1180 1896 οὕτω
1205 1867 1384 1896 διδασκόντων
1412 1868 1438 1895 ἐν
1465 1871 1504 1904 τῷ
1526 1870 1629 1895 πονεῖν.
1654 1869 1744 1896 ’Ὀπου
1770 1867 1821 1905 γὰρ
1848 1868 1880 1894 τὸ
1895 1866 1934 1894 δι-

1109 1913 1208 1949 πλοῦν,
1233 1913 1288 1941 ἐκεῖ
1310 1912 1418 1944 πάντως
1445 1913 1489 1940 καὶ
1518 1913 1549 1940 τὸ
1576 1912 1691 1941 ἅπλοῦν.
1717 1913 1826 1941 Οὐκοῦν
1853 1912 1876 1939 εἱ
1892 1913 1933 1939 καὶ

1110 1958 1226 1992 ἐποίησα
1248 1958 1292 1985 καὶ
1318 1956 1446 1992 ἐδίδαξα,
1475 1957 1515 1988 τίς
1544 1956 1575 1984 ἃν
1608 1956 1730 1995 ἐχέφρων
1761 1957 1936 1993 ἀποστερῆσῃ

1113 2014 1146 2039 με
1165 2004 1215 2035 τῆς
1239 2004 1288 2030 τοῦ
1309 2004 1397 2029 ποιεῖν
1422 2000 1607 2037 ἐνδοξότητος,
1634 2002 1663 2032 ὃς
1686 2001 1732 2028 καὶ
1757 2001 1844 2029 αὐτοῦ
1861 2012 1936 2038 περι-

1111 2046 1219 2082 ἐπολαι,
1234 2047 1343 2074 καὶτοῦ
1367 2046 1584 2085 σᾶνεφεπομένου
1609 2045 1638 2073 δὶ
1663 2046 1814 2083 ἀντέχομαι
1837 2055 1844 2081 ;
1862 2045 1893 2073 Εἰ
1910 2044 1936 2073 δὲ

1110 2101 1151 2122 τις
1176 2092 1225 2126 τὴν
1248 2090 1436 2127 ἐκτεθειμὲνην
1460 2089 1519 2128 ἄρτι
1544 2089 1662 2125 διπΛόην
1684 2090 1873 2122 ἀναπτύσσων,
1889 2089 1936 2117 λο-

1110 2136 1225 2173 γιοτεύει
1240 2136 1274 2163 τὰ
1286 2136 1347 2167 καθ’
1370 2137 1456 2172 ἡμᾶς,
1481 2135 1519 2167 ὡς
1542 2135 1579 2171 μὴ
1606 2133 1788 2171 δυαζομένους
1814 2134 1854 2165 εἰς
1871 2134 1936 2171 ἀγα-

1111 2181 1155 2208 θὸν
1187 2179 1332 2218 (διδάσκειν
1364 2180 1410 2216 μὲν
1440 2180 1489 2217 γὰρ
1516 2179 1547 2207 τὸ
1573 2178 1668 2215 καλὸν,
1697 2178 1730 2206 οὐ
1759 2179 1813 2214 μὴν
1842 2177 1872 2206 δὶ
1892 2177 1936 2206 καὶ

1111 2227 1222 2262 ποιεῖν),
1247 2223 1375 2260 ἀναϐήτω
1397 2224 1442 2251 καὶ
1467 2224 1504 2255 είς
1526 2226 1649 2251 τοιοῦτον
1675 2224 1773 2260 ἀγῶνα,
1799 2223 1846 2251 καὶ
1869 2229 1935 2254 θεω-

1112 2270 1192 2307 ρείτω
1210 2280 1241 2306 με
1263 2269 1300 2300 εἰς
1325 2270 1407 2305 ἱερέα,
1432 2271 1526 2299 κακοῖς
1552 2269 1598 2304 μὲν
1626 2268 1723 2295 ἅπασιν
1747 2266 1935 2303 ἀποτελέσμα-

1109 2325 1148 2342 σιν
1180 2313 1335 2352 ἔμφορτον,
1362 2312 1520 2341 διδάσκοντα
1546 2311 1574 2340 δὲ
1602 2312 1698 2349 ἀγαθά·
1728 2313 1772 2340 καὶ
1803 2311 1858 2350 ἐγὼ
1889 2312 1934 2348 μὶν

1109 2359 1206 2396 ἀπορῶ
1235 2360 1381 2395 Λήμματος
1406 2356 1633 2395 ὁμολογουμένου
1655 2359 1703 2384 τοῦ
1729 2357 1819 2394 ἀγαθά
1833 2357 1879 2383 καὶ
1896 2355 1934 2383 δι-

1109 2403 1215 2431 δάσκειν
1241 2404 1286 2431 καὶ
1311 2402 1467 2438 διδάξασθαι
1496 2402 1533 2435 δὲ,
1559 2401 1634 2439 εἴπερ
1648 2402 1662 2429 ὁ
1678 2401 1781 2439 χρόνος
1796 2404 1846 2435 τῆς
1865 2404 1934 2435 ζωῆς

1107 2448 1295 2486 παρατιίνεται
1324 2447 1404 2478 αὐτὸς
1434 2446 1463 2474 δὶ
1491 2445 1621 2474 δεικνύτω
1649 2447 1700 2480 τὴν
1726 2447 1752 2473 ἐν
1780 2449 1839 2478 τοῖς
1858 2445 1933 2482 ἐμοῖς

1108 2491 1198 2530 ἔργοις
1214 2492 1321 2525 κακίαν,
1341 2491 1387 2519 ’ἱνα
1410 2492 1441 2518 τὸ
1464 2490 1567 2518 τέλειόν
1591 2501 1638 2527 μοι
1663 2491 1761 2529 ἀγαθὸν
1786 2490 1825 2522 εἱς
1848 2490 1932 2527 ἥμισυ

1107 2538 1271 2574 καταστήσῃ.
1299 2536 1347 2564 Καὶ
1372 2536 1395 2564 εί
1421 2536 1469 2572 μὶν
1495 2534 1681 2570 ἀδυνατήσεις,
1712 2533 1734 2561 ὦ
1759 2534 1791 2562 σὺ
1812 2534 1932 2568 Eva-scin,

1107 2582 1253 2619 ἀπηνὲγκω
1278 2581 1325 2616 τὴν
1352 2580 1491 2617 μέλαιναν·
1519 2579 1541 2607 εἰ
1566 2578 1595 2607 δὶ
1609 2579 1654 2606 καὶ
1678 2579 1834 2614 εὖτονήσεις
1848 2579 1883 2606 τὰ
1898 2579 1933 2609 εἷς

1108 2625 1252 2661 ἀπόδειξιν,
1280 2625 1457 2663 δικηγορήσει
1480 2626 1630 2660 τηνικαῦτα
1650 2624 1719 2651 κατὰ
1742 2626 1791 2651 eo?»
1814 2625 1846 2651 τὸ
1862 2624 1932 2660 ἱερὸν

1106 2670 1281 2709 Εὐαγγέλιον,
1305 2671 1350 2698 καὶ
1375 2670 1532 2705 ἐπιτιμήσει
1548 2667 1641 2699 ἄλλως
1662 2679 1692 2696 τε
1706 2668 1873 2706 πολλαχῶς,
1889 2668 1932 2695 καὶ

1107 2714 1152 2743 διὰ
1165 2718 1212 2743 τοῦ
1228 2719 1328 2753 χρῆναι
1352 2715 1439 2742 πάντα
1463 2715 1521 2750 μὲν,
1547 2713 1596 2740 ὅσα
1620 2712 1674 2750 ἐγὼ
1698 2711 1830 2746 διδάσκω,
1846 2715 1933 2740 ποιεῖν

1107 2771 1146 2797 σε,
1159 2763 1220 2792 τοῖς
1245 2759 1274 2787 δὲ
1297 2759 1375 2796 ἐμοῖς
1399 2758 1489 2797 ἔργοις
1517 2757 1554 2794 μὴ
1581 2755 1786 2788 ἐπακολουθεῖν.
1810 2760 1932 2794 Παρακε-

1106 2804 1212 2833 λεύεται
1238 2803 1267 2832 δέ
1292 2815 1333 2831 σοι
1357 2804 1401 2832 καὶ
1429 2804 1460 2831 τὸ
1490 2801 1665 2840 ἐλέγξαι,καὶ
1693 2801 1866 2838 ἐπιτιμῆσαι,
1887 2801 1931 2828 καὶ

1105 2848 1314 2887 παρακαλέσαι,
1342 2849 1387 2877 καὶ
1416 2847 1487 2876 οὕτω
1521 2846 1661 2886 φρονίμως
1691 2846 1932 2885 μεταχειρίσασθαι
