2030 3167
131 197 190 226 657

630 196 669 226 ΙΝ
693 196 725 226 S.
749 195 1092 231 QUADRAGESIMAM
1114 195 1261 226 ORATIO
1282 195 1335 227 Ill.

1776 196 1836 228 658

127 261 164 288 τὰ
179 260 217 291 είς
233 260 304 297 ἐμὴν
325 258 480 298 διόρθωσιν,
497 260 527 288 οὐ
556 261 609 298 μὴν
639 259 778 299 ὀφεωδῶς,
795 260 838 288 καὶ
863 260 900 291 ὡς
923 259 946 287 ἂι

1012 262 1179 298 serpentino
1208 262 1303 297 modo,
1324 263 1353 289 et
1380 261 1421 289 ita
1445 263 1477 289 ut
1502 261 1647 289 daemones
1674 262 1832 298 gaudeant.

128 305 253 343 χαίροιεν
269 303 406 341 δαίμονες.
423 306 508 342 Οἶμαι
532 304 571 340 δὲ,
587 304 628 333 ὅτι
651 304 694 332 καὶ
719 304 812 335 ἄλλως
836 305 952 332 αἰτιάσε-

127 349 171 376 ταί
186 360 216 376 σε
235 349 249 376 ὁ
266 349 346 386 ὀρθὸς
363 349 456 387 λόγος,
474 349 499 377 εἴ
514 351 552 386 μὴ
582 349 647 387 χθές
676 360 728 377 που
756 350 800 377 καὶ
831 350 884 386 πρὸ
898 349 954 385 τρί-

126 405 178 429 της
207 394 251 421 καὶ
280 393 319 421 ἔτι
337 394 432 431 μικρόν
462 405 489 422 τι
515 394 621 429 ἀνόπιν,
635 394 696 422 ἀλλ’
712 393 738 430 ἐξ
751 394 834 429 αὐτῆς
850 395 951 432 ἀρχῆς,

127 438 173 466 ὅτε
188 440 235 465 τοῦ
251 439 325 476 ἱεροῦ
338 439 436 466 τούτου
452 438 556 477 λάχους
573 439 706 477 ἐγενόμην
739 439 821 477 μέχρι
845 439 890 466 καὶ
905 439 953 474 τή-

129 493 212 520 μερον
241 481 447 521 ἁνεξελέγκτως,
473 483 655 521 λογοπραγεῖς
682 493 726 520 με,
749 483 796 511 τὸν
822 482 866 510 καὶ
892 482 952 510 διά-

125 537 205 555 κονον
242 529 296 554 τῶν
332 529 380 555 τοῦ
420 530 487 555 Θιοῦ
525 528 694 566 μυστηρίων,
721 527 766 555 κὰὶ
795 527 877 565 ἱερέα,
905 527 950 554 καὶ

125 570 265 609 ἀρχιερέα,
281 571 326 599 καὶ
351 571 445 608 eam,
469 572 514 599 καὶ
540 572 644 609 μύστην
675 574 752 608 Θεοῦ,
773 572 818 600 καὶ
849 582 950 608 μυστα-

123 616 214 654 γωγὸν
241 615 267 643 ἰν
296 616 371 653 ὑμῖν,
386 617 430 644 καὶ
455 617 557 654 πατὲρα
580 617 648 644 κατὰ
666 618 782 653 πνεῦμα,
797 615 841 644 καὶ
871 613 949 643 διδά-

123 659 235 696 σκαλον,
259 660 305 687 καὶ
336 661 464 698 ἀγιαστήν
492 659 518 688 ἐν
548 663 624 698 Θιῷ·
652 660 696 688 καὶ
723 662 867 699 πράγματα
895 670 948 687 πα-

123 704 216 742 ρέχεις
231 705 276 732 καὶ
291 705 477 743 κατακραυγάς
492 705 538 733 καὶ
565 705 708 744 ὀχλήσεις,
723 705 769 733 καὶ
794 704 828 732 δι’
843 702 947 743 ὕϐρεων

122 747 207 786 ἄγεις,
231 748 276 776 καὶ
313 750 364 783 τὴν
399 748 572 788 ἀδελφότητα
599 748 693 787 ψεύδῃ,
718 751 762 777 καὶ
793 753 843 785 τῆς
873 750 946 786 ἱερᾶς

120 793 260 832 ἀποσχίζῃ
286 794 429 829 συνάξεως,
445 794 489 822 καὶ
518 793 580 822 οὐδὲ
607 795 657 829 τὴν
687 794 771 829 αὐτὴν
799 798 851 832 γῆν
877 795 945 830 ἡμῖν

121 838 205 876 ἀνέχῃ
232 841 337 873 πατεῖν,
361 837 422 866 οὐδὲ
458 839 504 866 τὸν
535 839 614 867 αὐτὸν
645 839 767 867 ἐναπνεῖν
795 838 871 877 ἆὲρα,
900 838 945 866 καὶ

121 883 284 918 συναντήσας
314 882 343 910 δὲ
371 894 425 910 που
450 884 509 915 καθ’
537 882 599 911 ὁδὸν
629 883 744 921 ἑκτρέπῃ
774 882 944 921 πλαγιάζων,

117 927 164 954 καὶ
194 927 303 954 σεαυτὸν
336 927 475 966 ἀφορίζεις
504 927 529 964 ἐξ
551 929 642 964 ἡμῶν,
670 929 715 955 καὶ
749 927 830 960 δίδως
858 927 944 958 οὕτως

120 971 165 998 ἐπὶ
180 971 226 999 τὸν
245 972 331 999 νῶτόν
357 982 405 999 σου
429 972 576 1000 τεκταίνειν
598 971 661 1003 τοὺς
682 972 863 1010 ἁμαρτωλοὺς
889 970 945 999 δαί-

126 1025 222 1051 μονας,
246 1016 291 1043 καὶ
319 1015 367 1047 τὰς
396 1016 463 1053 ψόας
493 1027 541 1043 σου
569 1015 706 1053 ἐμπιπλᾷν
737 1016 945 1054 ἐμπαιγμάτων.

126 1062 212 1094 Στῆθι
236 1060 345 1098 μικρὸν,
360 1058 509 1097 ἕμϐλεψον,
525 1060 646 1096 λάλησον
674 1061 712 1092 εἲς
742 1060 868 1100 ἐμφανὲς,
883 1070 948 1098 προ-

125 1100 212 1131 ϐαλοῦ
239 1105 273 1132 τὰ
309 1104 457 1139 λυποῦντα,
486 1103 674 1139 καταδίκασὸν,
704 1103 876 1140 δικαιώθητι,
901 1104 948 1132 καὶ

124 1147 186 1175 τότε
209 1148 292 1183 ποίει,
318 1148 384 1187 ὅπερ
414 1149 525 1181 ἐθέλεις·
551 1150 594 1177 ὅτε
613 1151 722 1185 νικήσας
754 1151 800 1187 μὶν
833 1149 947 1187 βελτιώ-

123 1201 180 1223 σεις
204 1193 288 1229 ἡμᾶς,
311 1193 432 1229 νικηθεὶς
460 1192 489 1221 δὶ
515 1194 559 1221 καὶ
585 1193 713 1231 ἐπιγνοὺς
739 1194 857 1229 τάληθὲς
884 1193 947 1232 βελ-

121 1237 256 1273 τιωθήσῃ,
283 1238 468 1270 ἁποκαταστὰς
492 1238 530 1270 εἷς
556 1236 694 1277 ἔμφρονα·
712 1237 804 1269 ἄλλως
831 1237 860 1266 δὲ
888 1237 947 1266 δια-

124 1277 197 1314 ϐίου,
213 1281 282 1318 ἡμῖν
310 1282 422 1320 ἀπέχειν
439 1283 535 1319 μανίας
551 1281 676 1320 ἄντικρυς
701 1283 786 1315 πάθος
802 1282 949 1318 ἐξιπώσης

122 1334 240 1364 φρενων.

157 1379 207 1413 κζ’.
234 1378 323 1407 Ἀλλὰ
345 1380 560 1415 καταστήσαντες
589 1381 634 1408 καὶ
661 1382 742 1407 τοῦτο
767 1379 891 1414 ἐνταῦθα,
917 1379 948 1407 οὐ

123 1421 276 1459 δεησόμεθα
293 1426 402 1462 μακρῶν
419 1423 510 1462 λόγων
541 1423 604 1452 οὐδὲ
629 1424 667 1456 εἰς
695 1425 726 1452 τὸ
745 1426 865 1462 πρῶτον,
882 1423 948 1462 ὅπερ

122 1467 156 1501 ἦν
182 1467 214 1494 τὸ
239 1468 416 1506 ἀγαθουργεῖν
444 1468 489 1496 καὶ
524 1469 585 1506 ἄτερ
625 1467 811 1500 διδασκαλίας.
837 1468 870 1498 Ei‘
896 1469 947 1506 γὰρ

123 1510 271 1549 ἐδείξαμεν,
288 1514 330 1541 ὅσι
356 1514 400 1540 καὶ
432 1513 597 1550 ἐποιήσαμεν
627 1514 672 1542 καὶ
701 1516 846 1550 ποιοῦμεν,
872 1524 949 1541 συνα-

121 1555 292 1584 ποδέδιικται
306 1556 440 1593 δήπουθεν
469 1558 512 1585 καὶ
541 1557 605 1585 αὐτὸ
632 1557 700 1589 τέως
729 1569 760 1596 γε
791 1559 855 1594 μὴν,
873 1557 948 1594 εἷεπερ

121 1600 167 1627 καὶ
182 1603 262 1629 τοῦτο
275 1601 353 1629 πέσοι
382 1601 407 1633 ἐς
435 1601 625 1637 ἀπόδειξιν.’0
647 1603 711 1633 Θεὸς
735 1602 782 1639 μὶν
807 1601 890 1637 εἰδείη
917 1601 947 1629 ἂν

122 1645 167 1672 καὶ
197 1646 223 1673 οἱ
253 1646 370 1674 ἑκάστων
400 1646 518 1685 φύλακες
545 1645 656 1684 ἄγγελοι
682 1647 769 1674 πάντα
799 1646 832 1674 τὰ
859 1649 948 1678 κακῶς

123 1689 284 1726 ποιούμενα,
302 1690 444 1729 ἅνθρωπος
474 1690 502 1719 δὲ
527 1691 576 1718 οὐκ
605 1692 681 1728 οἶμαι
715 1690 789 1729 εἷεπερ
815 1691 894 1722 ἅπας.
915 1691 950 1719 Ei’

123 1733 174 1772 γὰρ
187 1737 240 1761 τῶν
258 1737 363 1772 σεμνῶς
375 1735 420 1763 καὶ
445 1734 508 1763 οὐδὲ
534 1736 648 1767 κανόνος
673 1733 723 1772 ἔξω
753 1735 947 1774 πραττομένων

123 1778 157 1805 τὰ
171 1777 260 1806 πλείω
276 1778 424 1818 διεκφεύγει
452 1780 500 1811 τὰς
527 1782 581 1807 τῶν
597 1779 711 1808 πολλῶν
738 1779 876 1815 αἰσθήσεις
902 1780 948 1807 καί

121 1823 169 1855 τὰς
183 1822 301 1856 ἐντεῦθεν
317 1823 443 1860 εἰδήσεις,
459 1824 551 1862 σχολῇ
567 1835 597 1863 γε
612 1824 641 1852 ἃν
657 1824 690 1852 τὰ
705 1823 829 1863 σφοδρῶς
854 1825 948 1862 ἡμαρ-

122 1866 237 1903 τημένα,
254 1867 297 1896 καὶ
325 1866 422 1896 σκὸτου
445 1868 516 1904 ἄξια,
532 1868 576 1896 καὶ
601 1869 732 1907 αἲσχύνην
754 1866 947 1906 ἐπισυρόμενα,

121 1912 165 1939 καὶ
193 1911 287 1944 αῒδοῦς
315 1911 399 1948 αἷθιια,
416 1913 542 1951 πρόοπτα
569 1913 688 1951 γίνοιντο
718 1911 760 1948 ἂν,
790 1913 835 1941 καὶ
863 1915 947 1941 ταῦτα

121 1958 180 1986 τοῖς
197 1957 267 1993 μήτε
281 1960 331 1992 τῆς
346 1957 429 1992 αὐτῆς
443 1957 542 1992 ἑστίας,
560 1959 630 1995 μήτε
653 1957 754 1997 ὀρόφου
776 1960 824 1985 τοῦ
853 1957 944 1992 αὐτοῦ,

124 2001 194 2037 μήτε
207 2002 343 2038 τραπέζης
360 2005 423 2038 μιᾶς
437 2005 588 2032 κοινωνοῖς.

156 2102 210 2134 κη’.
226 2098 274 2126 Καὶ
304 2098 376 2127 οὕτω
401 2100 448 2136 μὲν
475 2098 530 2137 ἐγὼ
559 2099 627 2138 ἀμφὶ
652 2099 760 2130 τούτοις
776 2098 844 2137 ἔχω,
859 2099 944 2136 τυχὸν

123 2143 170 2179 μὲν
195 2143 261 2180 ὀρθὰ
292 2142 422 2179 δοξάζων,
437 2142 503 2174 ἴσως
533 2142 562 2171 δὲ
587 2144 630 2171 καὶ
653 2142 851 2182 σφαλλόμενος·
868 2143 946 2179 ὑμεῖς

122 2185 160 2222 δὶ,
177 2187 199 2214 ὧ
224 2187 305 2225 φίλον
324 2187 519 2226 ἀκροατήριον,
546 2188 568 2215 ὦ
593 2187 619 2215 ἐν
643 2188 753 2225 Χριστῷ
781 2186 905 2226 ἀδελφοὶ,
922 2187 945 2214 ὧ

122 2230 216 2259 δοῦλοι
231 2234 299 2260 Θεοῦ
314 2233 382 2265 καθά
396 2233 441 2260 καὶ
457 2232 521 2270 ἇγὼ,
535 2233 557 2259 ὦ
576 2232 621 2260 καὶ
644 2234 752 2271 φρονεῖν
782 2231 871 2269 ἄκροι,
899 2231 944 2259 καὶ

121 2276 221 2314 κρίνειν
234 2277 268 2304 τὰ
280 2277 400 2315 πρακτέα
428 2277 515 2316 ὀρθῶς
545 2276 638 2313 δεξιοὶ,
654 2277 722 2314 πρὸς
749 2278 803 2304 τῶν
831 2276 944 2314 ἀρετῶν,

122 2320 152 2351 ἃς
167 2320 226 2348 idat)
252 2321 480 2361 ἐπιμαρτυράμην
505 2323 580 2358 ὑμῖν,
603 2322 672 2359 πρὸς
699 2321 780 2349 αὐτοῦ
809 2323 876 2349 Θεοῦ
897 2323 945 2348 τοῦ

124 2365 188 2401 ὑπὶρ
225 2366 328 2393 ἅπασαν
367 2367 475 2404 ἀρετὴν,
501 2365 656 2404 διακρίνατε
688 2366 732 2394 καὶ
770 2366 945 2405 ἀποφήνασθι

122 2408 166 2436 καὶ
183 2407 304 2446 διδάξατέ
320 2421 362 2447 με,
379 2410 432 2447 ὅπη
448 2413 502 2438 τῶν
515 2411 751 2448 ἀπηριθμημὲνων
780 2410 870 2438 τόπων
899 2421 945 2437 τε-

121 2452 248 2490 τάξομαι·
265 2454 302 2485 ὡς
329 2454 358 2481 ἃν
387 2456 479 2491 μαθὼν
505 2456 551 2483 τὸν
579 2455 643 2493 ἐμὸν
664 2456 760 2491 τόπον,
787 2456 944 2483 κατασταθῶ

122 2497 160 2528 εἰς
185 2507 212 2524 τι
240 2498 337 2536 πάγιον
366 2498 384 2533 ἢ
410 2500 535 2538 γνώσεως
550 2501 568 2535 ἢ
590 2500 783 2538 ἀπογνώσεως,
800 2501 837 2531 ὡς
852 2502 898 2528 νῦν
914 2510 946 2538 γε

122 2542 227 2578 νομίζω
255 2545 401 2582 σταθιρῶς,
419 2543 460 2571 ὅτι
489 2544 533 2571 καὶ
563 2544 678 2580 ἐποίησα
702 2546 747 2572 καὶ
777 2547 851 2573 ποιῶ
876 2544 944 2582 πρὸς

123 2585 235 2623 δύναμιν
259 2586 339 2624 ἐμὴν,
355 2588 399 2615 καὶ
429 2587 535 2623 ἐδίδαξα
562 2589 606 2616 καὶ
637 2588 765 2623 διδάσκω,
794 2589 863 2616 καθὰ
890 2589 944 2616 ἐνε-

121 2631 217 2669 χώρει.
235 2634 312 2660 Δοκῶ
338 2633 375 2669 μὴ
401 2633 503 2670 μακρὰν
528 2633 594 2661 εῖναι
616 2636 665 2661 τοῦ
689 2634 734 2661 καὶ
756 2633 810 2671 ἐγὼ
841 2634 944 2672 ἅνθρω-

120 2685 171 2708 πος
199 2677 264 2704 εἶναι
292 2679 371 2714 Θεοῦ,
399 2677 436 2708 ὡς
462 2677 507 2704 καὶ
537 2677 613 2715 ὑμῶν
643 2676 773 2710 ἕκαστος·
799 2678 843 2706 καὶ
874 2678 944 2706 οὕτω

123 2718 239 2756 δοξάζων
269 2721 335 2757 ἀξιῶ
364 2721 389 2759 ἐξ
425 2721 554 2759 ἀνάγκης,
584 2722 727 2760 ἀναλόγως
755 2725 789 2760 τῇ
812 2723 870 2751 κατ’
896 2723 945 2760 ἐμὲ

123 2764 311 2803 ἀνθρωπότητι
335 2766 494 2805 ἐξευρίσκειν
522 2767 556 2794 τὰ.
579 2767 647 2805 πρὸς
677 2766 725 2805 ἐμὲ
753 2767 791 2799 ὡς
820 2766 945 2795 ἑκάστοτε

123 2811 323 2849 συμπτώματα.
339 2811 405 2841 Οἷόν
429 2821 455 2840 τι
476 2810 570 2850 λέγως
587 2811 691 2844 Ἐθέλω
721 2811 840 2852 εὐλογῶν
870 2823 945 2845 τινας

122 2854 201 2886 αὐτὸς
223 2856 261 2894 μὴ
284 2856 506 2896 κακολογεῖσθαι,
535 2855 605 2895 μηδὲ
632 2855 658 2885 ἐν
684 2859 724 2895 τῷ
752 2857 868 2887 ἐπαινεῖν
895 2867 943 2886 τιε-

1010 306 1081 334 Puto
1097 315 1163 334 vero
1178 307 1251 341 quod
1270 307 1358 334 etiam
1374 306 1493 334 aliunde
1509 308 1536 334 te
1551 308 1630 334 recta
1644 306 1717 334 ratio
1734 315 1833 342 repre-

1008 351 1126 385 hendet,
1143 351 1167 379 si
1186 359 1242 378 non
1268 351 1340 386 heri,
1357 359 1451 386 neque
1476 350 1584 378 nudius
1605 351 1720 383 tertius,
1736 359 1831 387 neque

1007 395 1094 432 paulo
1106 398 1182 429 ante,
1198 396 1248 424 sed
1260 404 1294 423 ex
1304 396 1367 431 ipso
1379 395 1532 431 principio,
1548 403 1615 422 cum
1625 403 1739 423 sacram
1754 396 1831 424 hanc

1007 443 1115 468 sortem
1132 440 1360 476 obtinui,usque
1376 440 1410 467 ad
1427 441 1599 475 praesentem
1615 439 1702 472 diem,
1720 440 1830 475 absque

1006 485 1176 521 probatione
1200 484 1390 512 calumniaris
1414 492 1471 518 me,
1493 486 1522 511 et
1547 483 1752 519 mysteriorum
1778 483 1830 511 Dei

1006 529 1183 563 ministrum,
1200 531 1229 557 et
1249 529 1440 564 sacerdotem,
1458 531 1486 556 et
1510 528 1785 562 archisacerdotem,
1801 530 1831 556 et

1005 573 1219 607 sacricolam,et
1225 574 1274 601 Dei
1286 576 1454 610 mystam,et
1464 575 1670 609 mystagogum
1682 572 1758 600 inter
1765 581 1828 607 vos,

1004 620 1032 646 et
1055 619 1218 646 secundum
1232 618 1370 655 spiritum
1386 620 1510 654 patrem,
1527 619 1555 644 et
1578 618 1737 651 doctorem,
1754 619 1782 645 et
1797 617 1828 646 in

1003 662 1062 690 Deo
1076 663 1338 696 sanetiﬁcalorem;
1353 665 1381 690 et
1397 662 1512 697 negotia
1527 662 1638 698 praebes
1665 663 1693 689 et
1718 661 1827 690 clamo-

1002 715 1049 735 res
1064 709 1092 735 et
1106 708 1209 735 turbas
1223 708 1324 743 cies,et
1338 706 1479 741 injuriose
1494 706 1599 742 agis,et
1614 706 1827 734 fraternitatem

1003 751 1148 787 mentiris,
1164 754 1192 780 et
1207 760 1224 779 a
1252 760 1336 780 sacra
1360 751 1568 779 communione
1595 752 1624 778 te
1652 759 1782 786 separes,
1799 753 1828 779 et

1001 803 1054 823 nec
1069 796 1202 823 eamdem
1227 798 1336 824 terram
1354 804 1385 823 ac
1407 804 1460 823 nos
1476 795 1596 828 calcare,
1614 803 1667 823 nec
1688 796 1826 823 eumdem

1000 840 1112 876 spirare
1127 849 1224 868 aerem
1240 840 1380 873 sustines,
1396 842 1426 868 et
1440 840 1465 867 si
1481 840 1554 867 forte
1569 839 1655 867 nobis
1677 847 1825 873 occurras,

1000 892 1159 913 conversus
1183 885 1300 921 oblique
1316 893 1332 912 a
1347 885 1393 912 via
1415 883 1554 918 declines,
1571 886 1599 912 et
1614 886 1643 912 te
1657 891 1794 920 segreges
1808 891 1825 911 a

1000 929 1096 962 nobis,
1112 932 1141 957 et
1161 929 1202 957 ita
1221 929 1275 957 das
1304 937 1393 965 super
1422 929 1542 956 dorsum
1571 930 1655 956 tuum
1681 928 1824 957 fabricare

1000 976 1166 1009 peccatores
1181 974 1339 1007 daemones,
1355 975 1383 1000 et
1396 980 1480 1000 renes
1495 974 1562 1000 tuos
1578 972 1694 1008 impleri
1709 972 1823 1000 illusio-

1001 1018 1098 1046 nibus.
1115 1018 1190 1046 Siste
1219 1017 1383 1053 paululum,
1399 1017 1526 1050 intuere,
1549 1017 1685 1052 loquetur
1712 1018 1823 1052 aperte,

1002 1062 1110 1098 projice
1134 1070 1199 1098 quae
1224 1065 1252 1089 te
1278 1062 1464 1096 contristant,
1489 1061 1662 1095 condemns,
1678 1061 1824 1096 justitiam

1003 1115 1096 1140 sume,
1112 1108 1141 1134 et
1155 1108 1225 1134 tunc
1241 1107 1285 1134 fac
1301 1106 1379 1142 quod
1404 1105 1447 1133 vis
1463 1114 1468 1133 :
1486 1106 1564 1141 quod
1580 1105 1604 1133 si
1628 1105 1732 1133 viceris
1757 1105 1826 1141 qui-

1003 1152 1081 1185 dem,
1097 1151 1232 1179 meliores
1258 1159 1312 1179 nos
1327 1151 1416 1179 facies
1430 1159 1436 1184 ;
1453 1150 1477 1178 si
1493 1158 1560 1178 vero
1585 1150 1679 1178 victus
1695 1149 1785 1177 fueris
1799 1151 1828 1177 et

1001 1204 1103 1224 verum
1119 1195 1407 1231 cognoveris,melior
1420 1195 1536 1230 evades,
1549 1194 1584 1222 ad
1601 1202 1721 1222 sensum
1736 1202 1829 1222 rever-

1003 1249 1064 1268 sus.
1080 1240 1221 1268 Ceterum
1238 1242 1336 1268 autem
1351 1240 1423 1275 vive,
1441 1247 1494 1267 nos
1510 1247 1527 1267 θ.
1542 1238 1637 1266 mania
1652 1247 1717 1275 quae
1745 1246 1828 1274 pror-

1004 1293 1055 1312 sus
1071 1284 1216 1313 subvertit
1232 1292 1353 1312 sensum
1369 1283 1552 1312 abalienans.

1037 1382 1206 1412 27..Verum
1230 1383 1319 1411 etiam
1344 1382 1399 1410 hoc
1422 1382 1464 1409 ibi
1489 1381 1596 1418 posito,
1611 1389 1706 1417 neque
1731 1380 1828 1417 longis

1003 1436 1076 1463 opus
1092 1427 1148 1455 erit
1162 1427 1247 1455 nobis
1263 1427 1450 1455 sermonibus
1465 1427 1500 1454 ad
1516 1426 1655 1462 primum,
1672 1426 1749 1461 quod
1766 1427 1829 1454 erat

1003 1480 1087 1508 agere
1109 1473 1218 1500 bonum
1245 1472 1333 1500 etiam
1359 1471 1469 1506 absque
1494 1470 1635 1498 doctrina:
1658 1470 1827 1498 traditione.

1002 1517 1030 1543 Si
1047 1516 1125 1544 enim
1141 1516 1337 1551 ostendimus,
1354 1517 1430 1550 quod
1448 1517 1476 1543 et
1491 1515 1613 1543 fecimus
1637 1517 1666 1542 et
1689 1514 1826 1547 facimus,

1003 1560 1091 1588 simul
1108 1560 1205 1595 aliquo
1231 1560 1316 1587 modo
1332 1560 1565 1587 demonstratum
1588 1561 1633 1586 est
1648 1558 1702 1586 hoc
1716 1558 1828 1593 ipsum,

1004 1604 1120 1638 saltem,
1137 1606 1279 1640 quantum
1306 1606 1336 1631 et
1358 1604 1438 1631 istud
1466 1603 1521 1631 sub
1549 1602 1828 1630 demonstrationem

1003 1649 1106 1677 cadere
1136 1650 1241 1685 potest.
1269 1649 1345 1676 Deus
1373 1648 1492 1684 quidem
1520 1647 1584 1680 scil,
1615 1655 1727 1675 necnon
1756 1655 1829 1674 cun-

1003 1696 1118 1722 ctorum
1148 1693 1284 1721 custodes
1311 1692 1408 1729 angeli
1435 1692 1535 1720 omnia
1563 1691 1640 1719 male
1668 1691 1754 1726 facta,
1770 1699 1828 1719 non

1003 1740 1100 1766 autem
1128 1737 1342 1773 unusquisque,
1370 1739 1450 1773 puto,
1481 1736 1661 1764 mortalium.
1692 1736 1721 1763 Si
1749 1736 1829 1763 enim

1003 1784 1102 1810 sancte
1123 1785 1151 1810 et
1173 1791 1230 1810 non
1256 1784 1337 1810 extra
1361 1781 1494 1817 regulam
1520 1781 1663 1808 factorum
1690 1779 1829 1816 pleraque

1003 1827 1118 1862 fugiant
1132 1826 1331 1854 multitudinis
1353 1834 1459 1854 sensus
1481 1825 1605 1861 ideoque
1620 1824 1827 1861 cognitionem,

1003 1871 1094 1899 multo
1105 1872 1204 1899 minus
1213 1879 1275 1906 quae
1287 1870 1412 1907 graviter
1422 1870 1623 1905 suntfpeccata
1638 1869 1827 1904 tenebrisque

1001 1916 1100 1952 digna,
1117 1918 1146 1943 et
1171 1916 1312 1952 pudorem
1338 1914 1479 1943 habentia
1503 1913 1651 1948 comitem,
1676 1915 1705 1942 et
1727 1912 1828 1949 probri

1001 1968 1107 1996 causae,
1125 1960 1281 1988 manifesta
1303 1959 1416 1993 ﬁerent,
1434 1961 1462 1987 et
1486 1959 1533 1987 his
1548 1959 1599 1994 qui
1615 1966 1668 1987 nec
1692 1958 1827 1994 ejusdem

1001 2007 1073 2032 sunt
1087 2005 1263 2038 domus,nec
1279 2006 1387 2032 tectum
1398 2004 1477 2032 idem
1488 2011 1581 2040 neque
1592 2011 1681 2031 unam
1693 2010 1827 2031 mensam

1000 2049 1187 2085 participant.

1034 2102 1080 2129 28.
1096 2102 1131 2129 Et
1155 2101 1197 2130 sic
1223 2101 1342 2137 quidem
1366 2109 1456 2138 super
1477 2101 1525 2129 his
1549 2109 1601 2137 ego
1627 2100 1731 2135 sentio,
1755 2099 1827 2127 forte

1000 2145 1119 2181 quidem
1135 2147 1212 2174 recte
1228 2146 1364 2182 opinans,
1382 2145 1503 2174 forsitan
1519 2147 1617 2173 autem
1633 2147 1661 2172 et
1676 2144 1827 2180 deceptus.

999 2190 1058 2218 Vos
1086 2193 1195 2225 autem,
1212 2199 1228 2218 ο
1254 2190 1376 2218 charum
1407 2190 1597 2223 auditorium,
1617 2198 1633 2218 ο
1661 2188 1765 2217 fratres
1795 2188 1826 2216 in

1000 2234 1125 2270 Christo,
1142 2243 1158 2263 ο
1174 2235 1220 2262 Dei
1233 2235 1307 2263 servi
1319 2235 1397 2262 sicut
1407 2236 1436 2262 et
1452 2242 1516 2270 ego,
1533 2242 1548 2262 ο
1561 2241 1680 2270 sagaces
1696 2232 1825 2269 ingenio,

1000 2279 1173 2315 habilesque
1188 2279 1224 2307 ad
1235 2279 1430 2315 judicandum
1448 2287 1510 2314 quae
1526 2281 1602 2306 recte
1617 2277 1677 2306 sint
1692 2279 1766 2311 acta,
1776 2285 1826 2312 per

1000 2324 1133 2358 virtutes,
1149 2324 1185 2352 de
1200 2323 1309 2360 quibus
1324 2323 1420 2352 testati
1436 2331 1540 2351 sumus
1554 2323 1646 2356 vobis,
1660 2330 1711 2358 per
1726 2322 1823 2357 ipsum

1000 2371 1091 2396 Deum
1109 2369 1159 2405 qui
1175 2376 1264 2405 super
1288 2377 1404 2396 omnem
1420 2368 1555 2396 virtutem
1582 2369 1636 2402 est,
1653 2366 1823 2402 dijudicate,

999 2416 1029 2442 et
1042 2414 1254 2448 denuntiate,et
1268 2414 1368 2441 docete
1383 2421 1430 2441 me
1445 2421 1574 2449 quonam
1585 2413 1824 2440 enumeratorum

1000 2457 1132 2486 locorum
1155 2459 1343 2495 reponendus
1358 2457 1414 2486 sim
1432 2466 1438 2485 :
1456 2460 1498 2493 ut,
1523 2465 1586 2485 meo
1610 2457 1727 2493 cognito
1750 2456 1823 2490 loco,

1001 2502 1163 2530 constituar
1187 2503 1217 2531 in
1240 2503 1368 2539 quadam
1394 2501 1554 2530 stabilitate
1577 2501 1752 2538 cognitionis
1778 2500 1823 2528 vel

1002 2546 1203 2582 ignorationis,
1220 2547 1296 2575 sicut
1321 2555 1397 2575 nunc
1414 2547 1537 2574 ﬁrmiter
1561 2546 1658 2580 credo,
1674 2546 1752 2582 quod
1778 2553 1825 2573 se-

1001 2592 1130 2619 cundum
1154 2600 1250 2620 meam
1275 2593 1448 2628 potestatem
1473 2591 1526 2619 feci
1550 2593 1578 2619 et
1594 2591 1677 2627 facio,
1694 2593 1722 2618 et
1740 2591 1826 2626 juxta

999 2635 1088 2672 vires,
1104 2637 1190 2664 docui
1219 2639 1247 2664 et
1274 2637 1373 2664 doceo.
1403 2636 1477 2663 Puto
1507 2644 1564 2663 non
1594 2635 1695 2672 procul
1724 2635 1826 2662 abesse

1001 2680 1070 2716 quin
1085 2684 1114 2709 et
1138 2690 1190 2718 ego
1214 2681 1269 2710 sim
1296 2681 1382 2709 homo
1399 2680 1459 2714 Dei,
1477 2680 1553 2709 sicut
1568 2682 1595 2708 et
1621 2679 1825 2715 unusquisque

999 2728 1151 2760 vestrum;
1182 2727 1210 2754 et
1236 2726 1275 2753 ita
1305 2727 1422 2762 putans,
1439 2725 1561 2760 dignum
1589 2734 1623 2753 ex
1651 2723 1824 2752 necessitate

999 2770 1142 2805 existimo,
1159 2772 1202 2803 ut,
1227 2779 1262 2798 ex
1286 2769 1421 2806 analogia
1444 2778 1510 2798 cum
1537 2769 1721 2797 humanitate
1745 2775 1822 2802 mea,

999 2814 1141 2850 reperiam
1165 2823 1233 2851 ergo
1259 2823 1307 2842 me
1336 2821 1453 2850 semper
1480 2814 1582 2842 eadem
1611 2814 1820 2850 symptomata.

998 2858 1073 2891 Quid
1081 2859 1146 2888 dico
1158 2859 1172 2888 ?
1182 2859 1253 2889 Volo
1264 2859 1409 2896 quosdam
1418 2859 1593 2888 benedicens
1603 2866 1662 2888 non
1672 2856 1819 2893 maledici,
