2030 3167
231 199 292 229 659

617 201 828 233 EUSTATHII
849 201 1236 234 THESSALONICENSIS
1259 202 1552 234 METROPOLITE

1883 204 1951 233 660

231 273 295 299 nec,
313 265 382 293 dum
398 265 495 300 laudo,
512 266 668 303 vituperari
682 276 687 295 :
704 276 778 303 aegre
796 268 866 303 fero,
883 276 941 295 non
957 267 1058 295 furans

1120 265 1299 305 >ιυ6ρίζισοαι
1329 267 1495 306 βάρύνομαι,
1527 270 1565 304 μή
1609 268 1735 296 κλέπτων
1765 268 1950 303 κλέπτεσθαι,

230 309 290 345 pati
307 310 428 345 furtum,
446 320 502 339 non
520 311 636 348 rapiens
651 311 784 348 rapinam
812 312 924 346 subire,
941 321 999 340 non
1016 311 1058 339 la-

231 362 320 389 queos
337 363 449 391 ponens
470 355 666 392 supplantari,
684 365 740 384 non
766 356 881 384 luctans
898 357 927 384 in
950 359 1057 384 terram

232 398 345 434 projici.
363 399 419 427 Nec
435 400 578 436 subripio,
589 409 640 428 nec
656 401 795 428 abstraho
810 401 939 428 alienum
957 408 963 428 :
982 401 1059 428 unde

231 445 308 478 peto,
325 445 357 471 ut
372 453 424 472 nec
439 444 487 472 alii
504 444 577 473 nihil
592 444 689 472 simile
712 445 908 478 committant,
924 453 976 472 nec
992 453 1060 480 erga

232 487 366 522 quaedam
384 487 451 523 alia,
464 497 516 516 nec
532 497 601 526 erga
616 491 756 517 mea.Mea
771 490 849 517 enim
866 489 940 522 dico,
957 491 985 517 et
1001 497 1058 516 non

231 530 454 569 immerito,quae
470 533 541 561 mihi
560 536 633 562 Deus
649 534 678 561 in
689 534 900 570 providentiam
912 533 1059 562 submini-

231 576 444 613 slravit.Arguo
460 586 523 613 quae
540 578 588 606 Dei
605 581 675 606 sunt
689 581 717 606 et
732 580 902 606 sanctorum
919 579 982 614 ejus
999 577 1059 605 fur-

231 620 285 648 tim
301 621 518 658 subripientes;
533 625 561 650 et
577 623 638 659 ipsa
654 631 752 659 quaero
772 623 1019 654 criminationem,
1035 622 1059 650 si

232 666 261 692 et
274 673 327 702 ego
342 665 372 694 in
387 675 478 695 causa
491 667 582 695 simili
600 668 691 696 stulte
706 667 979 704 egerim.Terminis
996 676 1059 694 ma-

231 707 322 745 lignis
338 712 419 746 petor
433 719 449 739 a
466 711 566 739 multis
583 720 590 739 :
608 712 693 747 cujus
709 712 828 740 tandem
851 711 985 740 omnium
1001 711 1060 739 hae-

234 753 350 781 reditati
365 754 523 784 insidiatus
539 764 604 783 sum
615 756 630 783 ‘I

269 806 315 834 29.
332 806 384 834 Illa
407 815 470 844 qua:
486 816 520 836 ex
544 809 643 836 animo
669 809 747 837 dicta
771 811 840 838 sunt
854 809 918 837 volo
945 817 999 837 nec
1013 816 1061 836 ca-

235 849 383 879 lumniose
398 852 500 888 impoti
515 861 567 881 nec
580 853 781 889 detrahi,quia
796 862 849 882 nec
864 862 917 890 ego
933 853 991 882 tale
999 853 1060 880 vul-

236 903 294 923 nus
308 895 412 924 animae
421 906 492 926 mea:
502 898 776 934 impressi.Vulnera
791 899 869 927 enim
887 907 939 935 ego
955 907 1060 934 oppor-

236 941 306 967 tune
320 940 385 969 dico
400 942 575 978 spiritualia,
592 952 656 979 qua:
671 943 792 971 veniunt
806 952 841 972 ex
860 944 1017 972 calumniis
1032 945 1068 970 et»

237 985 513 1021 detractionibus,et
523 988 643 1017 vulnera
653 991 723 1017 sunt
736 997 793 1017 non
806 989 992 1025 patientium,
1009 989 1060 1017 sed

235 1029 326 1058 multo
351 1032 445 1068 magis
469 1032 649 1061 facientium.
665 1034 719 1067 Qui
743 1034 823 1062 enim
851 1032 1017 1061 calumnias
1033 1035 1061 1060 et

234 1074 428 1104 detractiones
451 1077 531 1113 passi
554 1080 634 1111 sunt,
650 1086 789 1106 coronam
818 1077 929 1106 habent
954 1086 971 1105 θ,
992 1077 1061 1111 Deo,

235 1119 285 1154 qui
313 1121 429 1148 virtutis
459 1122 620 1150 certamina
648 1124 863 1156 remuneratur,
897 1121 956 1150 sive
984 1121 1061 1157 capti

236 1165 354 1193 malitias
398 1166 510 1195 retibus
553 1167 672 1201 fuerint,
707 1168 768 1196 sive
801 1167 853 1195 illa
895 1167 1061 1203 etl‘ugerint.

237 1209 292 1242 Qui
313 1218 380 1238 vero
409 1211 588 1239 calumniam
611 1213 639 1239 et
667 1211 830 1240 convicium
859 1214 1060 1245 exercuerunt,

237 1254 282 1288 si,
310 1255 425 1282 coronis
453 1255 568 1291 orbati,
605 1256 678 1284 nihil
704 1257 767 1292 jam
803 1256 917 1292 possint
946 1258 1062 1292 propter

237 1299 448 1335 opprobrium,
482 1299 566 1335 quasi
608 1300 672 1336 pice
713 1300 827 1328 inuncti
872 1300 986 1327 ridendi
1019 1300 1062 1328 {o-

237 1345 319 1377 rent;
342 1343 397 1371 hoc
426 1346 522 1371 tamen
551 1352 637 1380 grave
666 1353 722 1372 non
751 1347 797 1372 est
827 1353 834 1372 :
863 1343 936 1372 illud
965 1346 1062 1372 autem

239 1387 380 1415 miserum
396 1390 426 1416 et
448 1388 586 1424 lacrymis
602 1388 689 1424 plane
713 1388 848 1425 dignum,
865 1388 942 1424 quod
960 1388 1063 1416 vulne-

237 1434 340 1460 rentur
354 1432 445 1467 intus,
462 1432 643 1461 conscientia
658 1433 778 1469 quidem
803 1433 883 1470 ipsos
899 1435 1062 1470 torquente,

237 1476 308 1504 dum
324 1480 442 1514 pectora
454 1486 520 1506 vero
542 1477 719 1513 lacerantur,
736 1481 877 1514 tanquam
902 1478 975 1506 nihil
990 1478 1063 1514 ipsis

235 1523 353 1558 gratum
367 1521 552 1558 perfecerint.
568 1523 604 1550 Et
620 1522 656 1550 de
671 1522 737 1550 istis
753 1525 797 1550 est
821 1522 941 1558 pulchre
964 1522 1063 1550 dicen-

236 1566 318 1601 dum,
335 1567 412 1602 quod
429 1567 459 1594 in
484 1566 565 1603 ipsos
580 1567 643 1595 tela
655 1568 757 1595 contra
769 1566 939 1595 innocentes
955 1567 1065 1595 directa

236 1613 346 1639 retorta
365 1614 446 1647 sunt,
461 1613 490 1640 et
511 1612 642 1648 ipsorum
669 1619 754 1640 enses
779 1611 808 1639 in
835 1611 1064 1648 corda-propria

237 1655 421 1684 intraverunt
438 1664 444 1683 :
461 1638 531 1684 nan;
555 1665 619 1692 quis
640 1656 758 1692 quidem
786 1655 842 1692 ipsi
866 1638 1063 1692 projecerunt,
1079 1638 1100 1671 Ο

238 1699 327 1728 veluti
357 1700 481 1737 puerilia
519 1700 577 1728 tela
603 1700 704 1728 habita
731 1703 811 1735 sunt,
841 1702 869 1728 et
907 1701 980 1728 forte
1007 1708 1065 1727 non

239 1747 465 1780 percusserunt;
482 1753 547 1780 quas
573 1753 639 1772 vero
661 1744 778 1780 justitia
801 1746 903 1772 contra
926 1744 1006 1780 ipsos
1022 1752 1066 1771 re-

238 1789 334 1824 torsit,
357 1789 387 1816 in
404 1788 544 1817 interiora
568 1788 664 1816 cordis
689 1788 872 1816 intraverunt
895 1790 923 1816 et
944 1787 1067 1816 vulnera

241 1833 422 1862 indixerunt.

277 1929 323 1957 30.
339 1932 462 1966 Insuper
476 1930 540 1958 volo
559 1930 643 1966 justa
657 1931 781 1967 loquens
797 1939 854 1958 non
877 1930 998 1967 despici,
1015 1930 1065 1958 sed

242 1973 350 2002 audiri.
367 1974 429 2003 Non
445 1974 524 2003 enim
540 1974 580 2003 ibi
595 1974 724 2011 vulgaris
748 1977 799 2003 aut
817 1975 955 2011 ignobilis
978 1975 1066 2003 homo

243 2027 320 2052 sum,
337 2019 386 2047 sed
403 2019 440 2047 ad
456 2020 621 2048 docendum
640 2021 724 2047 teneo
748 2020 964 2056 principatum;
980 2022 1008 2047 et
1022 2019 1067 2047 di-

242 2063 342 2091 scendi
358 2063 526 2092 facultatem
542 2065 598 2092 sub
614 2073 660 2092 me
676 2064 817 2100 magistro
828 2063 961 2091 obtinent
976 2063 1066 2099 hujus

242 2107 298 2136 loci
314 2108 401 2136 cives.
417 2108 476 2136 Hoc
499 2107 589 2136 divini
605 2108 729 2144 Spiritus
752 2108 862 2136 donum
882 2110 936 2142 est,
954 2108 1003 2143 qui
1020 2116 1066 2136 me

242 2153 272 2180 in
288 2155 402 2181 tantum
417 2161 492 2189 opus
507 2153 810 2189 ordinavit,cujusque
825 2153 919 2188 gratia
933 2151 983 2180 Dei
999 2160 1066 2188 apo-

242 2197 337 2225 stolus
363 2200 391 2225 et
413 2197 476 2233 ipse
500 2198 618 2226 habeor.
635 2197 792 2233 Apostolus
816 2199 926 2232 autem,
942 2197 1018 2224 sicut
1036 2198 1066 2224 et

243 2241 339 2270 omnis
363 2242 524 2278 presbyter,
553 2250 611 2269 non
635 2241 774 2276 indignus
803 2241 962 2269 attentions
982 2240 1065 2276 judi-

242 2288 336 2321 catur,
352 2286 402 2314 sed
425 2286 553 2323 primum
578 2285 662 2313 illum
679 2286 814 2319 audiunt,
830 2286 880 2321 qui
902 2287 977 2313 cestu
995 2293 1063 2313 con-

241 2331 354 2367 gregati
369 2321 458 2365 sunt;
475 2330 578 2358 deinde
596 2330 784 2365 sicujusdnm
802 2329 937 2357 utilitatis
953 2331 982 2357 et
991 2337 1069 2357 com-
1082 2321 1106 2355 D

243 2375 322 2402 modi
346 2377 507 2411 agnoscant
532 2383 597 2403 esse
625 2375 712 2410 dicta,
738 2374 872 2407 audiunt,
900 2373 1068 2409 docilesque

243 2422 356 2455 parent,
371 2423 401 2448 et
420 2421 450 2448 in
472 2429 543 2456 pace
559 2420 690 2448 locutum
718 2420 880 2447 dimittunt.
897 2419 954 2447 Cur
978 2419 1068 2456 igitur

191 2501 196 2504 Ι
243 2471 302 2491 non
318 2472 370 2500 ego
382 2473 498 2500 quoque
511 2464 568 2493 tale
579 2465 697 2493 obtineo
712 2465 822 2492 bonum
832 2464 846 2491 ‘2
857 2466 959 2499 Deceo,
976 2465 1003 2492 et
1018 2472 1068 2492 vos

244 2508 356 2536 discere
379 2512 492 2545 oportet
509 2518 515 2544 ;
532 2509 677 2546 legatione
694 2508 810 2545 iungor,
828 2509 936 2543 audite,
953 2511 981 2536 et
1004 2517 1068 2545 quas

241 2552 378 2581 facienda
387 2553 447 2581 sint
457 2554 690 2587 animadvertite;
700 2553 810 2581 missus
824 2553 1068 2587 sum,observate.

242 2598 272 2626 Si
287 2606 353 2627 vero
370 2598 447 2626 dicta
475 2608 532 2627 non
549 2599 674 2634 placent,
691 2598 832 2632 dubitate,
849 2600 879 2626 et
902 2598 931 2625 in
958 2598 1070 2625 trutina

242 2644 442 2681 ponderentur
457 2645 591 2672 accurate
603 2642 764 2672 solutiones
776 2645 804 2671 et
816 2642 1015 2679 oppositiones
1026 2644 1070 2677 ;et

241 2689 283 2717 ita
297 2697 395 2717 sermo
420 2690 518 2717 noster
531 2687 621 2716 libere
646 2690 763 2722 currat;
778 2687 834 2723 vel,
851 2687 877 2715 si
902 2696 965 2723 qua:
987 2687 1069 2715 falsi-

240 2733 311 2763 tatis
326 2733 456 2770 suspicio
471 2732 620 2769 spirituali
636 2733 758 2760 numulo
774 2732 960 2768 subjiciatur,
976 2740 1068 2760 unus-

242 2779 370 2816 quisque
380 2780 511 2806 vestrum
522 2777 610 2805 habet
620 2777 650 2805 in
671 2777 776 2813 spiritu
792 2776 914 2813 Lydium
930 2776 1068 2813 lapidem,

244 2826 274 2852 et
288 2832 339 2860 per
353 2831 420 2852 eum
437 2821 586 2859 explorare
602 2823 707 2858 potest,
721 2823 833 2857 quanta
855 2821 969 2857 paritas
985 2821 1024 2850 sit
1039 2822 1069 2851 in

244 2867 416 2903 hujusmodi
446 2866 683 2904 cogitationibus.
712 2866 749 2895 Et
776 2866 819 2895 sic
847 2865 966 2902 quidem
994 2867 1069 2896 bene

1115 313 1153 349 μὴ
1178 313 1304 350 ἁρπάζων
1344 313 1517 350 ἁρπάζεσθαι,
1544 314 1582 349 μή
1614 311 1793 349 συμποδίζων
1823 313 1953 351 erg/ill:-

1113 357 1184 390 σοαι,
1214 358 1251 393 μή
1294 356 1418 384 παλαίων
1461 357 1712 395 καταῤῥιπτεῖσθαι.
1754 356 1844 386 Οὐδὲν
1887 356 1954 384 οὔτι

1115 401 1290 439 ὑφαιροῦμαι,
1319 401 1379 428 οὔτε
1416 401 1532 429 ἀποσπῶ
1569 401 1728 439 ἀλλότριον·
1760 402 1874 429 ἀπαιτῶ
1902 401 1950 429 οὖν

1116 444 1187 482 μηδὶ
1214 445 1316 477 ἄλλους
1330 446 1452 473 τοιοῦτόν
1466 457 1491 473 τι
1508 445 1684 482 πλημμελιῖν
1714 447 1786 482 μήτε
1817 446 1864 473 έπί
1878 456 1952 472 τισιν

1114 489 1223 523 ἄλλοις,
1245 491 1314 526 μήτε
1342 489 1386 518 ἰπὶ
1413 492 1475 522 τοῖς
1503 490 1592 526 ἰμοῐς.
1609 491 1678 527 Ἐμᾶ
1703 491 1754 528 γάρ
1787 501 1876 529 φημι,
1903 490 1953 517 καὶ

1114 533 1177 561 οὐδὲ
1193 533 1358 574 έπισῳαλῶς,
1375 534 1392 562 ἃ
1415 545 1462 572 μοι
1488 534 1648 572 ἐνεχείρισεν
1679 536 1693 562 6
1720 535 1787 566 Θεὸς
1815 535 1857 566 εὶς
1884 545 1955 573 προ-

1116 579 1241 615 μήθειαν.
1273 577 1396 617 Ἐλέγχω
1420 579 1482 610 τοὺς
1504 579 1721 618 ἀφαιρουμένους
1746 578 1895 617 ἁρπάγδην
1918 580 1953 606 τὰ

1113 625 1162 649 τοῦ
1187 625 1254 650 Θεοῦ
1282 623 1394 650 καὶτῶν
1413 623 1494 662 ἁγίων
1510 623 1602 651 αὐτοῦ·
1621 626 1694 658 ζητῶ
1707 624 1754 651 καὶ
1771 623 1858 654 αὐτὸς
1877 622 1954 661 Elq-

1115 677 1178 705 χον,
1195 666 1238 694 ἐὰν
1253 667 1297 694 καὶ
1314 667 1366 706 ἐγὼ
1381 667 1420 698 εἷ’(
1440 678 1467 695 τι
1492 668 1588 704 ὅμοιον
1612 667 1786 705 ἰμωράνθην.
1815 668 1950 704 70901)»-

1115 713 1218 749 φοῦμαι
1259 712 1405 750 προφανῶς
1443 711 1495 739 ὑπὸ
1523 710 1661 739 πολλῶν·
1691 711 1767 742 τίνος
1793 713 1864 748 γοῦν
1895 713 1950 738 τῶν

1116 755 1240 783 ἁπάντων
1257 755 1415 793 κληρουχία
1431 752 1653 783 έπιϐιϐούλευται
1671 755 1716 783 ὑπ’
1731 755 1803 792 ἐμοῦ
1817 765 1824 790 ;

1150 809 1200 840 κθ’.
1218 809 1260 837 Τά
1284 819 1313 836 τι
1341 808 1386 836 οὖν
1417 808 1548 845 εἰρημένα
1590 808 1740 846 ὁλοψύχως
1769 808 1864 840 ἐθέλω
1906 809 1949 835 καὶ

1117 851 1187 888 μηδὲ
1215 853 1448 892 συκοφαντεῖσθαι,
1480 851 1550 889 μηδὲ
1580 850 1789 886 διαϐάλλεσθαι,
1808 853 1853 880 δτι
1882 852 1949 889 μηξέ

1116 896 1170 933 ἐγὼ
1197 899 1321 924 τοιοῦτον
1352 897 1522 933 ἐνιμαξάμην
1549 899 1658 934 τραῦμα
1692 899 1727 934 τῇ
1762 897 1822 933 ἐμῇ
1860 898 1948 934 ψυχῇ.

1115 940 1265 978 Τραύματα
1299 941 1349 979 γὰρ
1387 939 1507 979 ἀκριϐῶς
1541 941 1727 980 ἀποφαίνομαι
1766 941 1816 968 καὶ
1870 941 1948 971 αὐτὸς

1115 985 1220 1023 ψυχικὰ
1243 986 1277 1013 τά
1304 985 1333 1013 έκ
1362 988 1546 1025 συκοφαντιῶν
1575 986 1619 1013 καὶ
1635 983 1786 1021 διαϐολῶν,
1803 985 1852 1013 καὶ
1867 996 1948 1024 1pm-

1117 1040 1188 1066 ματα
1215 1030 1246 1058 οὖ
1272 1033 1325 1058 τῶν
1341 1031 1516 1068 πασχόντων,
1530 1030 1603 1058 ἀλλὰ
1617 1029 1717 1067 πολλῷ
1732 1030 1874 1068 πρότερον
1896 1031 1946 1058 τῶν

1115 1074 1278 1102 ποιούντων.
1308 1075 1341 1103 Ol
1372 1075 1419 1111 μὶν
1446 1075 1497 1112 γὰρ
1529 1074 1778 1113 συκοφαντούμενοι
1811 1075 1859 1102 καὶ
1893 1073 1947 1102 δια-

1115 1115 1283 1155 ϐαλλόμενοι
1313 1117 1408 1156 ἔχουσι
1437 1119 1565 1157 στέφανον
1595 1118 1624 1146 ἐκ
1652 1121 1795 1153 Θιοῦ,τοῦ
1829 1117 1949 1157 βραῆιυ-

1114 1165 1163 1190 τοῦ
1190 1166 1243 1190 τῶν
1273 1164 1332 1191 κατ’
1347 1164 1443 1201 ἀρετὴν
1469 1164 1591 1202 ἀγώνων,
1622 1163 1676 1191 εἷ’τε
1703 1163 1878 1201 κατάσχετοι

1115 1217 1226 1242 νωνται,
1256 1206 1309 1235 εἶ’τι
1334 1208 1380 1235 καὶ
1410 1207 1619 1240 διεκπιτασθῶσι
1646 1211 1701 1235 τῶν
1738 1207 1871 1246 παγίδων
1902 1212 1951 1242 τῆς

1116 1252 1271 1283 κακώσεως·
1302 1253 1328 1280 οἱ
1357 1251 1385 1280 δέ
1413 1263 1444 1290 γε
1471 1253 1520 1287 τὴν
1549 1250 1681 1287 διαϐολὴν
1708 1253 1756 1280 καὶ
1782 1253 1838 1287 τήν
1870 1263 1951 1280 auxe-

1117 1297 1227 1334 φάν-τίαν
1270 1296 1461 1334 ἐνηργηκότες,
1487 1297 1510 1325 εἰ
1551 1297 1599 1333 μὶν
1642 1297 1861 1334 ἀπεστερημένοι
1898 1299 1951 1324 τῶν

1117 1341 1254 1379 στεφάοων
1285 1342 1458 1379 ἀχρειοῦνται
1489 1340 1681 1379 διἀῐσχύνης,
1705 1341 1742 1373 ὡς
1769 1341 1795 1369 si
1822 1341 1869 1369 καὶ
1901 1352 1950 1368 κα-

1116 1385 1260 1423 τάχριστοι
1274 1386 1356 1424 πίσσῃ
1385 1385 1568 1423 ἐπόμπευσαν,
1584 1385 1656 1414 ἀλλὰ
1680 1388 1764 1413 τοῦτο
1796 1386 1846 1422 μὶν
1880 1386 1948 1424 βαρὺ

1118 1428 1207 1458 οὐδέν·
1239 1429 1324 1458 έκεῖνο
1355 1430 1383 1458 δὶ
1411 1432 1481 1458 πάνυ
1510 1429 1632 1469 ἀλγεινὸν
1662 1430 1708 1458 καὶ
1735 1430 1881 1469 ἀφόρητον
1911 1431 1947 1461 si;

1119 1473 1228 1510 ὀδύνην,
1259 1474 1300 1502 ὅτι
1327 1475 1556 1512 τραυματίζονται
1583 1475 1617 1502 τὰ
1643 1474 1728 1509 ἐντὸς,
1757 1475 1790 1502 τὰ
1822 1475 1872 1511 μὲν
1900 1479 1947 1509 τῆς

1118 1517 1296 1554 συνειδήσεως
1319 1518 1496 1555 πληττούσης
1523 1519 1630 1552 αὐτοὺς,
1648 1519 1682 1546 τὰ
1711 1518 1739 1547 δὲ
1771 1519 1944 1556 σπαραττοῆ-

1119 1574 1169 1598 σης
1194 1567 1244 1598 τῆς
1277 1562 1460 1601 καρδιώεεως,
1488 1563 1510 1592 cl
1545 1563 1629 1601 μηδὲν
1664 1563 1829 1591 ἀπετέλεσαν
1868 1563 1943 1602 σίλον

1119 1607 1222 1640 αὐτοῖς.
1250 1609 1304 1636 Καὶ
1331 1605 1385 1635 ἔστι
1411 1611 1556 1648 προσφυῶς
1585 1607 1628 1636 ἐπὶ
1659 1610 1714 1635 τῶν
1738 1608 1877 1636 τοιούτων
1911 1608 1946 1635 ιῖ-

1121 1656 1192 1687 πιῖν,
1209 1653 1246 1684 ὡς
1275 1653 1491 1691 περιετράπησαν
1519 1652 1611 1685 αὐτοῖς
1636 1653 1664 1680 αἱ
1691 1653 1839 1680 κατᾶντῶν
1870 1652 1945 1680 ἀναι-

1120 1697 1185 1725 τίων
1208 1696 1300 1735 βολαὶ,
1316 1698 1361 1725 καὶ
1376 1698 1403 1724 αἱ
1433 1697 1565 1736 ῥομφαῖαι
1594 1697 1681 1725 αὐτῶν
1715 1696 1881 1732 είσήλθοσαν
1912 1697 1944 1727 εἰς

1120 1742 1169 1772 τὰς
1200 1740 1312 1779 καρδίας
1339 1742 1446 1769 αὐτῶν·
1476 1742 1520 1769 καὶ
1550 1742 1567 1769 ἃ
1597 1741 1643 1779 μὶν
1669 1741 1755 1770 ’σῦτοῖ
1793 1742 1945 1780 inae-im,

1121 1786 1158 1817 ὡς
1177 1785 1244 1824 βέλη
1261 1787 1366 1822 νηπίων
1392 1785 1583 1824 ἐλογίσθησαν,
1599 1786 1644 1814 καὶ
1663 1786 1746 1824 τυχὸν
1770 1785 1836 1813 οὐδὲ
1862 1784 1946 1820 ἔπλη-

1122 1829 1176 1864 ξαν·
1195 1830 1212 1857 ’ἀ
1227 1829 1255 1857 δὲ
1270 1831 1287 1865 ἡ
1315 1829 1376 1866 δίκη
1405 1831 1463 1858 κατ’
1484 1830 1571 1858 αὐτῶν
1600 1828 1737 1869 ἔστρεψεν,
1752 1829 1806 1858 ἴσω
1836 1828 1945 1868 καρδίας

1121 1874 1286 1912 παρέκυψαν,
1301 1875 1346 1902 καὶ
1361 1874 1503 1913 τραύματα
1515 1873 1686 1905 ἐνεϐάθυναν,

1157 1928 1191 1957 λ’.
1221 1929 1281 1957 Ἔτι
1308 1928 1393 1961 έθὲλω
1422 1929 1525 1958 λαλῶν
1543 1928 1633 1958 δίκαια
1662 1930 1700 1966 μὴ
1730 1928 1947 1965 ἐξουθενοῦσϐαι,

1122 1971 1184 2001 ἀλλ’
1213 1971 1408 2006 εἴσακούεσθαι.
1433 1974 1471 2003 Οὖ
1496 1973 1546 2012 γάρ
1578 1973 1635 2011 εἶμι
1665 1973 1777 2002 ἐνταῦθα
1806 1972 1870 2001 οὔτε
1899 1983 1947 2011 χυ-

1122 2016 1198 2048 δαῖος
1227 2016 1288 2045 οὔτε
1313 2021 1426 2056 τυχαῖος
1443 2017 1677 2057 ἄνθρωπος,’ἀλλ’
1692 2018 1800 2056 ἐξάρχω
1821 2017 1946 2045 διδασκα-

1122 2061 1226 2094 λικῶς·
1256 2063 1300 2090 καὶ
1345 2063 1492 2098 μαθητείας
1536 2063 1667 2102 ὶπέχουσι
1696 2062 1780 2090 τόπον
1811 2063 1857 2090 ὑπ’
1886 2061 1946 2099 ἐμοὶ

1121 2105 1277 2144 διδασκάλῳ
1306 2107 1331 2134 οὶ
1362 2106 1474 2139 ἐνταῦθα
1501 2106 1625 2136 πολῖται.
1651 2107 1728 2136 Θιίου
1757 2109 1841 2135 τοῦτο
1865 2106 1946 2135 Hyri-

1123 2162 1206 2188 ματος
1237 2151 1335 2190 δῶρον,
1360 2152 1490 2187 τάξαντος
1526 2152 1598 2189 κᾶμὶ
1635 2151 1673 2183 εἰς
1697 2154 1825 2179 τοιοῦτον
1856 2151 1948 2190 ἔργον,

1121 2197 1152 2224 οὗ
1180 2197 1261 2235 χάριν
1288 2196 1333 2224 καὶ
1363 2195 1515 2228 ἀπόστολος
1543 2195 1840 2234 Θεοῦ’λογίζομαικαῖ
1856 2195 1946 2226 αὑτός.

1120 2235 1288 2272 Ἀπόστολος
1315 2239 1353 2277 δὲ,
1380 2241 1471 2279 ὥσπερ
1497 2241 1542 2269 καὶ
1571 2239 1688 2279 πρέσϐυς
1705 2241 1798 2276 ’ἅπας
1829 2240 1861 2268 οὗ
1889 2241 1948 2278 κρί-

1121 2297 1194 2313 νιται
1214 2285 1319 2322 ἀνάξιος
1340 2289 1494 2324 προσοχῆς,
1508 2285 1581 2314 ἀλλὰ
1605 2288 1701 2324 πρῶτα
1725 2286 1782 2322 μὲν·
1804 2284 1946 2312 ﬁxo-500m»:

1122 2330 1203 2358 αὐτοῦ
1237 2331 1263 2358 οἱ
1301 2330 1500 2368 συνειλεγμένοι
1536 2331 1596 2359 κατ’
1632 2330 1778 2369 ἐντυχίαν·
1797 2331 1874 2364 εἶτα,
1904 2329 1946 2357 ἐὰν

1121 2376 1190 2412 πρός
1223 2386 1276 2402 τινι
1309 2374 1427 2414 ὠφελείᾳ
1470 2375 1514 2403 καὶ
1553 2374 1708 2412 λυσιτελείᾳ
1751 2373 1944 2413 διεγνώσκωσιν

1123 2419 1189 2447 εἶναι
1209 2419 1242 2447 τὰ
1265 2419 1432 2456 λαλούμενα,
1449 2420 1624 2455 ἐπακούουσι,
1652 2420 1697 2448 καὶ
1726 2420 1876 2453 πείθονται,
1903 2419 1946 2446 καὶ

1123 2464 1148 2492 ἐν
1179 2464 1272 2502 εἰρήνῃ
1300 2464 1498 2493 ἀποστέλλουσι
1527 2465 1572 2493 τὸν
1602 2463 1773 2500 λαλήσαντα.
1793 2463 1828 2493 Τί
1849 2463 1894 2491 οὖν
1909 2464 1945 2500 μὴ

1123 2509 1168 2536 καὶ
1196 2509 1251 2546 ἐγὼ
1279 2509 1404 2536 τοιούτου
1434 2508 1607 2547 ἐπιτυγχάνω
1632 2507 1739 2544 καλοῦ;
1756 2508 1946 2542 Διδάσκω,καὶ

1125 2553 1180 2591 χρὴ
1211 2552 1350 2590 μανθάνειν
1381 2554 1462 2590 ὑμᾶς’
1493 2551 1651 2592 πρεσϐεύω,
1676 2553 1819 2589 ἀκούσει-τι,
1844 2552 1890 2580 καὶ
1918 2553 1947 2580 τὸ

1124 2598 1253 2633 ποιητέον
1279 2598 1434 2635 κυρώυατε⁸
1461 2597 1644 2635 ἀπέσταλμαι,
1670 2598 1830 2636 προσέχετε.
1859 2596 1891 2625 Ei
1922 2595 1949 2624 δὲ

1123 2642 1156 2670 τὰ
1191 2641 1349 2680 λαλούμενα
1377 2642 1428 2670 οὐκ
1469 2642 1595 2681 ἀρέσκει,
1626 2642 1801 2680 ἀπορήσατε,
1828 2642 1874 2670 καὶ
1905 2641 1948 2669 ἐπὶ

1123 2686 1255 2724 τρυτάνης
1292 2685 1549 2723 ταλαντωθήτωσαν
1593 2686 1620 2714 αἵ
1658 2697 1687 2714 τε
1725 2686 1872 2719 ἀντιθέσεις
1904 2685 1947 2714 καὶ

1124 2732 1152 2759 αἱ
1180 2730 1271 2764 λύσεις
1296 2732 1363 2768 πρὸς
1392 2729 1549 2769 ἀκρίϐειαν·
1578 2731 1622 2760 καὶ
1658 2731 1730 2760 οὕτω
1763 2731 1794 2759 τὸ
1823 2731 1850 2759 έν
1881 2732 1946 2768 ἡμῖν

1124 2775 1253 2814 λογάριον
1283 2777 1302 2811 ἢ
1323 2775 1548 2815 παρῥησιαζέσθω
1565 2785 1572 2793 ·
1596 2776 1615 2811 ἢ
1643 2775 1715 2812 ἀλλ’,
1744 2775 1769 2804 εἰ
1803 2787 1846 2807 τις
1882 2775 1946 2803 ὑπό-

1123 2832 1182 2850 νοια
1203 2819 1474 2856 κιϐδηλεύσεως’ἰπῖ
1495 2823 1536 2858 τῷ
1564 2823 1740 2859 πνευματικῷ
1769 2821 1863 2849 ὕπεστι
1889 2820 1947 2857 κέρ-

1126 2877 1201 2904 ματι,
1228 2864 1292 2894 ἀλλ’
1317 2864 1429 2899 ἕκαστος
1449 2867 1532 2904 ὑμῶν
1563 2863 1622 2904 ἔχει
1660 2866 1710 2901 τὴν
1748 2865 1815 2894 κατὰ
1839 2867 1947 2902 πνεῦμα
