2030 3167
115 191 178 221 661

622 193 661 223 ΙΝ
685 193 717 224 S.
739 191 1082 229 QUADRAGESIMAM
1104 191 1252 224 ORATIO
1275 191 1328 223 Ill.

1769 192 1828 223 662

116 255 223 285 Λυδίαν
260 255 348 292 λίθον,
386 258 431 285 καὶ
471 256 578 286 δύναται
616 258 651 286 δι’
682 259 766 294 αὐτῆς
789 258 947 297 βασανίζειν,

1011 259 1181 287 :onstabunt
1204 267 1268 295 quis
1297 258 1453 294 legationis
1481 260 1510 286 et
1540 266 1606 294 qua:
1634 258 1829 295 discipulatus

117 301 184 329 ὅσον
213 301 239 329 ἐν
265 304 325 333 τοῖς
348 301 484 333 τοιούτοις
513 304 647 340 νοήμασιν
686 303 840 342 ἆρῥύπαρον
858 325 864 332 .
896 304 944 330 Καὶ

117 345 195 373 οὕτω
227 346 275 383 μὶν
303 346 328 374 ἐν
357 345 434 383 καλῷ
458 349 649 383 καταστήσεται
670 348 703 375 τὰ
716 352 766 383 τῆς
796 348 849 376 εἴτε
864 359 945 386 πρεσ-

118 387 209 426 ϐείας,
239 390 292 418 εἶ’τε
328 391 486 428 μαθητείας.
525 393 610 429 Πρινὴ
647 391 676 420 δὲ
703 392 826 420 τοιοῦτόν
856 403 885 420 τε
905 403 946 430 γε-

116 434 225 469 νέσθαι,
257 435 370 472 μάταιος
402 433 489 473 ὅχλος
525 437 538 464 6
576 435 768 465 ἀποδυσπετών
798 437 850 465 εἶτε
878 437 946 475 πρὸς

117 477 298 514 διδάσκαλον,
329 479 382 508 εἷ’τε
409 480 476 518 πρὸς
503 479 629 519 ἄγγελον.
656 482 715 510 Οὐκ
743 482 908 518 ἀπεστάλην,
925 482 948 508 ὦ

117 523 210 560 οὗτοι,
235 523 319 560 κόλαξ
345 523 477 559 ἐνταῦθα,
506 525 544 557 ὡς
573 525 733 565 προσφέρειν
762 527 843 554 ἅπασι
879 525 947 563 μαλ-

119 568 223 600 θακοὺς
247 568 347 607 λόγους
371 568 415 596 καὶ
437 568 512 600 ο⁷ίους
533 569 639 608 τέρπειν
662 571 744 607 μόνον
768 571 812 598 καί
829 569 947 608 διαχέειν

118 615 210 640 Τοῦτο
234 613 286 650 γὰρ
311 610 488 649 σκηνοϐατεῖν
511 614 566 642 ἐστι
596 617 764 652 χορευτικῶς
788 614 833 642 καὶ
859 615 949 652 ὀρχη-

118 659 234 688 στικῶς·
256 657 349 690 ἄλλως
372 656 400 685 δὲ
425 657 511 686 εἰπεῖν
530 657 711 696 ὑψηλότερον,
740 658 876 696 ἐχθραίνει
902 659 948 686 τὸν

126 701 193 729 Θεὸν
221 703 260 738 τῷ
288 701 405 739 τοιούτῳ
433 701 599 739 διδασκάλῳ.
625 703 713 738 Κόλαξ
730 703 778 740 μὶν
800 703 851 741 γὰρ
881 704 949 735 ἅπας

120 744 263 783 ψεύδεται,
289 747 378 774 κοινὸν
394 745 423 774 δὶ
437 745 513 774 οὐδὲν
530 746 621 784 ψεύδει
636 758 665 775 τε
692 748 735 775 καὶ
753 750 822 784 Θεῷ’
853 747 949 776 οὐκοῦν

123 790 215 829 ὥσπερ
232 789 295 818 οὐδὶ
311 791 324 818 6
340 789 452 828 ψευδὴς,
474 791 560 823 οὕτως
580 790 644 819 οὐδὲ
673 792 687 819 ὁ
711 792 794 829 κόλαξ
824 791 952 830 φιλόθεός

124 833 194 863 ἐστι.

162 888 376 926 λα’.Μὲμνημαι
404 889 449 917 καὶ
477 889 558 922 αὐτὸς
573 889 604 917 οὔ
632 901 658 917 τι
687 890 746 918 νόον
773 900 813 928 γε,
838 889 902 918 ἀλλ’
923 889 953 917 ἐκ

1001 305 1080 331 sunt.
1096 303 1271 339 Priusquam
1291 305 1390 331 autem
1413 302 1471 330 tale
1486 302 1537 338 qui
1553 303 1613 338 ﬁat,
1630 302 1735 339 vulgus
1756 311 1828 331 vane

1001 347 1060 375 sive
1083 347 1114 375 in
1149 348 1335 384 magistrum,
1364 347 1423 375 sive
1456 347 1485 374 in
1520 346 1642 374 missum
1668 347 1826 375 invehitur.

1000 392 1062 420 Non
1079 392 1146 426 huc,
1163 392 1272 420 credite
1297 391 1381 425 mihi,
1407 391 1516 419 missus
1544 399 1610 418 sum
1636 391 1779 424 adulator,
1795 393 1829 419 ut

1002 437 1141 464 omnibus
1158 437 1259 465 molles
1275 437 1434 473 proferrem
1452 444 1612 469 sermones,
1634 436 1670 463 ad
1696 435 1826 463 mulcen-

1003 481 1074 508 dum
1090 483 1119 509 et
1133 481 1353 509 dissolvendum
1379 480 1585 508 tantummodo
1611 480 1742 508 idoneos.
1768 480 1827 508 Hoc

1002 525 1081 553 enim
1097 528 1142 553 est
1156 526 1364 554 choreutarum
1380 533 1413 553 ac
1428 525 1625 553 orchistarum
1654 523 1806 560 proprium
1820 533 1828 559 ς

1003 572 1141 598 caeterum
1157 578 1235 604 vero,
1253 573 1284 598 ut
1299 569 1403 606 loquar
1417 569 1572 602 excelsius,
1598 569 1691 597 Deum
1707 569 1762 596 hoc
1777 568 1831 596 tali

1004 614 1145 650 magistro
1167 614 1264 642 reddit
1283 613 1445 643 inimicum.
1473 613 1616 641 Adulator
1639 613 1718 640 enim
1734 612 1831 640 omnis

1005 659 1156 692 mentitur,
1174 661 1202 686 et
1218 657 1292 686 nihil
1317 660 1375 686 Deo
1401 666 1467 686 cum
1494 657 1648 686 mendacio
1675 665 1831 685 commune

1005 704 1058 737 est,
1074 703 1185 738 itaque.
1203 703 1454 739 quemadmodum
1471 709 1566 738 neque
1581 702 1762 736 mendax,sio
1779 709 1831 729 ne-

1007 755 1063 783 que
1074 747 1209 775 adulator
1224 746 1337 776 amicus
1352 747 1410 775 Deo
1427 749 1481 775 est.

1042 890 1155 926 31.lpse
1170 889 1292 918 memini
1308 897 1366 917 non
1381 897 1398 917 a
1410 888 1530 924 recenti,
1550 888 1601 916 sed
1619 897 1635 916 a
1649 887 1745 924 longis
1755 889 1830 916 tem-

128 935 241 970 μακρῶν
271 933 379 971 χρόνων
411 933 500 965 ἀθεΐας
538 933 700 969 κολακικῆς,
727 933 952 971 δημοσιευθείσης

1011 935 1127 970 poribus
1142 934 1303 971 impietatis
1319 933 1498 967 adulatoria,
1514 933 1545 960 in
1560 932 1678 960 urbium
1701 932 1830 960 maxima

127 976 156 1005 ἐν
173 979 207 1014 τῇ
225 977 340 1015 μεγίστῃ
354 980 408 1005 τῶν
437 977 556 1013 πόλεων,
582 978 626 1006 ὅτε
639 989 682 1010 τις
697 978 853 1015 ιπίτριπτος
869 977 952 1014 κόλαξ

132 1021 218 1058 μυρία
243 1021 389 1058 τολμήσας
414 1022 573 1059 παράσημα,
602 1023 658 1050 εἶτα
684 1024 728 1050 καὶ
757 1023 795 1054 εἰς
811 1025 878 1051 Θεοῦ
894 1024 952 1050 υἱὸν

124 1064 258 1102 ἰνὲγραψε
294 1065 340 1093 τὸν
377 1065 603 1103 κολακευόμενον
644 1067 761 1103 ὁπηνίκα
798 1068 812 1095 ὁ
850 1067 880 1095 ἐκ
901 1070 953 1102 τῆς

127 1109 255 1142 Ἀτοίκος
271 1109 411 1147 λαματήρ,
437 1110 500 1142 τούς
524 1111 740 1150 πατριαρχικοὺς
768 1111 865 1140 ἰθύνων
891 1111 953 1139 οἷά-

121 1164 187 1189 auc,
228 1154 396 1192 ἰπάμφαινεν
433 1154 516 1193 ἄνδρα
550 1155 660 1191 ἐκεῖνον,
701 1157 784 1194 μέγαν
821 1157 868 1193 μὲν
907 1157 950 1184 καὶ

119 1197 188 1234 ἀξίᾳ
216 1199 260 1226 καὶ
290 1199 360 1237 γένει
389 1199 434 1227 καὶ
465 1198 551 1238 λόγῳ,
582 1199 610 1228 εἷ’
633 1211 674 1232 τις
697 1200 755 1228 οἵδε
785 1201 876 1238 μαθὼν
905 1201 951 1229 τὸν

122 1241 213 1270 πάλαι
247 1243 395 1278 Ἰκανάτον,
424 1244 454 1275 8.:
483 1244 529 1272 καὶ
563 1243 676 1277 ἐνταῦθα
703 1246 864 1283 προεκάθισε
893 1244 953 1273 δου-

123 1286 221 1322 κικῶς,
251 1287 416 1324 σμικρόνοῃν
446 1286 494 1322 δὲ,
519 1290 561 1320 οἷς
590 1289 800 1325 θεοποιοῦμενον
829 1289 952 1317 ἰπίστευε

127 1331 174 1358 καὶ
202 1331 363 1366 συνετίθετο,
393 1331 487 1364 ἄλλως
516 1331 544 1360 δὲ
572 1343 603 1370 γε
628 1333 672 1360 καὶ
687 1333 859 1368 ἀναίσθητον,
876 1333 951 1370 εἴπερ

124 1376 370 1413 κατατρωγόμινος
400 1375 508 1411 κόλακι,
537 1377 626 1415 θηρίῳ
655 1377 778 1414 ὑπούλῳ,
796 1378 844 1406 οὑκ
866 1377 950 1415 ᾐσθά-

127 1430 200 1449 νετο.

163 1472 218 1511 λβ’.
247 1473 362 1512 Γράιρειν
401 1473 538 1511 μεθοδεύει
576 1475 590 1502 6
618 1474 701 1511 κόλαξ
731 1476 769 1507 εἷς
810 1475 949 1514 εὐεργέτην

123 1518 172 1545 τὸν
187 1516 305 1556 ἅρπαγα,
333 1518 379 1546 τὸν
412 1517 505 1547 ἔκδικα
531 1518 636 1557 δρῶντα
664 1519 704 1552 είς
728 1519 879 1556 εὐθυδίκην,
903 1521 950 1548 τὸν

125 1561 283 1602 ὁρογλύφον
312 1562 463 1601 προσθὲτην
490 1562 606 1601 γηδίου,
635 1564 682 1592 τὸν
708 1565 879 1603 τοκογλύφον
907 1575 952 1602 με-

1008 979 1175 1015 ρεορδίιιιω,
1191 988 1258 1007 cum
1269 979 1378 1015 aliquis
1401 979 1480 1006 vafer
1504 978 1650 1012 adulator,
1670 980 1828 1014 postquam

1008 1024 1089 1052 mille
1104 1024 1199 1052 fuerat
1213 1032 1305 1052 ausus
1319 1026 1466 1058 extranea,
1482 1024 1663 1059 postremum
1688 1022 1776 1050 etiam
1799 1021 1830 1048 in

1007 1070 1059 1098 Dei
1076 1070 1166 1098 ﬁlium
1183 1069 1335 1106 inscripsit
1349 1069 1513 1101 adulatum,
1529 1070 1598 1095 tunc
1624 1075 1690 1095 cum
1710 1067 1762 1095 illa
1784 1067 1831 1094 fax

1007 1123 1041 1142 ex
1055 1114 1157 1150 Attica,
1175 1114 1367 1150 patriarcbica
1378 1113 1508 1149 dirigens
1523 1111 1831 1148 gubernacula,splen-

1008 1159 1125 1187 descere
1154 1158 1223 1187 fecit
1249 1158 1333 1186 illum
1362 1157 1524 1192 hominem,
1546 1165 1687 1193 magnum
1713 1155 1831 1192 quidem

1007 1204 1161 1240 dignitate,
1177 1211 1282 1239 genere
1296 1205 1325 1231 et
1351 1209 1498 1237 sermone,
1533 1201 1558 1229 si
1587 1203 1654 1237 quis
1677 1200 1832 1236 antiquum

1007 1248 1119 1276 audivit
1134 1248 1320 1281 Hicanatum,
1337 1247 1386 1283 qui
1398 1246 1501 1274 buicce
1517 1245 1636 1273 ducatui
1647 1245 1833 1281 praefuit,pu-

1006 1292 1184 1320 sillanimem
1201 1292 1388 1327 autem,quod
1402 1290 1554 1318 deiﬁcatus
1570 1289 1729 1318 adhibebat
1745 1289 1831 1316 ﬁdem

1006 1337 1197 1365 adulantibus
1213 1339 1241 1364 et
1265 1335 1492 1368 assentiebatur,
1519 1334 1638 1362 aliunde
1661 1341 1728 1361 vero
1745 1332 1830 1360 stoli-

1005 1382 1088 1416 dum,
1105 1381 1252 1417 siquidem
1268 1381 1304 1408 ab
1319 1379 1480 1415 adulatore,
1497 1378 1623 1408 subdola
1642 1379 1713 1414 fera,
1725 1385 1756 1406 se
1779 1385 1829 1405 vo-

1005 1428 1101 1454 ratum
1118 1434 1175 1453 non
1191 1425 1346 1454 sentiebat.

1040 1480 1083 1507 32.
1101 1479 1218 1515 Erigere
1233 1479 1307 1506 solet
1321 1477 1455 1506 adulator
1479 1477 1510 1505 in
1533 1477 1708 1509 beneﬁcum,
1729 1477 1828 1511 rapto-

1005 1532 1077 1559 rem,
1094 1523 1123 1551 in
1137 1524 1264 1559 justum,
1281 1523 1332 1559 qui
1349 1522 1417 1550 facit
1431 1521 1542 1557 iniqua,
1569 1521 1599 1548 in
1626 1521 1827 1556 adjunctorem

1005 1569 1078 1605 agri,
1091 1568 1141 1604 qui
1154 1567 1370 1604 transgreditur
1398 1566 1553 1599 terminos,
1580 1565 1610 1592 in
1640 1572 1827 1600 generosum,

126 1605 308 1657 γαλόδωρον,
329 1607 375 1635 τὸν
402 1605 536 1657 ,ὑϐριστην
561 1608 714 1644 ἐπαινέτην.
744 1610 784 1638 Τὰ
807 1609 859 1637 ὅλα
887 1619 950 1637 συν-

1011 1613 1210 1647 i‘eneratorem,
1226 1612 1255 1639 in
1272 1611 1464 1644 laudatorem,
1481 1610 1531 1646 qui
1547 1609 1679 1645 loquitur
1693 1607 1829 1643 injurias.

123 1651 201 1679 ελοῖν
232 1651 270 1682 είς
295 1650 332 1686 ἓν,
361 1652 429 1690 πρὸς
458 1652 654 1690 ἀντονομασίαν
682 1653 796 1681 ἔκτοπον
829 1652 948 1689 ἕλκεται,

125 1695 164 1723 δι’
196 1696 231 1730 ἧς
260 1697 363 1734 ἀρετῶν
379 1696 508 1733 ὀνόμασιν
539 1698 567 1725 αἱ
602 1698 693 1726 κακίαι
721 1698 895 1735 σεμνόνοιντο
911 1698 951 1725 ἂψ

125 1739 161 1768 οὗ
189 1740 215 1768 τί
240 1751 306 1768 ποτε
335 1740 365 1768 ἃν
394 1739 436 1776 εἷίη
465 1744 572 1779 χεῖρον,
599 1741 654 1780 εἷ’γιι
688 1743 834 1781 ὑπάγονται
859 1743 903 1771 καὶ
928 1743 953 1770 οἱ

127 1787 251 1813 τοιοῦτοι
267 1786 299 1813 τὸ
329 1797 344 1812 ‹‹
360 1785 440 1821 οὗαι;
463 1798 478 1813 ››
509 1786 604 1814 ὁποίου
627 1787 831 1825 κληρονομοῦσι
855 1789 900 1815 καὶ
928 1789 955 1815 οἱ

123 1830 160 1858 τὸ
189 1830 286 1867 πικρὸν
299 1830 343 1858 καὶ
360 1831 388 1858 οἱ
401 1831 433 1858 τὸ
463 1831 558 1863 σκότος
577 1831 687 1871 φαύλως
715 1833 953 1869 ἀντονομάζοντες.

131 1878 168 1902 ’Ὢ
196 1874 268 1902 πόσα
294 1875 339 1902 καὶ
368 1876 413 1902 οἷα
439 1875 485 1903 καί
515 1875 601 1911 ἡλίκα
637 1877 670 1904 τὰ
695 1877 724 1905 ἐκ
749 1879 801 1905 τῶν
830 1877 956 1906 κολάκων

129 1918 225 1948 δεινάι
255 1921 338 1956 Φῦμα
374 1920 437 1958 περὶ
466 1921 511 1948 τὸν
549 1919 778 1958 κολακευόμενον,
804 1922 848 1949 καὶ
875 1921 954 1960 ῥαγὶν

130 1961 234 1991 ὄδωδεν
265 1963 460 2001 ἀποτρόπαιον·
486 1964 530 1992 καὶ
562 1965 576 1992 6
604 1965 688 2001 κόλαξ
715 1965 814 2003 νάρδου
829 1969 956 2000 πιστικῆς

131 2006 204 2042 ὄζειν
219 2008 251 2035 τὸ
277 2007 386 2046 τραῦμά
401 2019 493 2047 φησιν.
509 2009 561 2038 Τὸν
577 2008 690 2047 ἀδρανῆ,
719 2010 764 2037 καὶ
793 2010 850 2038 οἷον
865 2011 957 2047 ἀνέμῳ

128 2051 314 2080 καταπνέοντα
341 2051 510 2087 σκελίζεσθαι
547 2053 584 2084 εἰς
619 2052 728 2091 ἀνδρίαν
758 2054 880 2092 ἐπαίρει·
912 2055 957 2082 καὶ

130 2097 238 2134 ἔποχον
262 2095 340 2133 ῗεππῳ
367 2097 512 2128 ἀναπείσας
530 2097 664 2134 γενέσθαι,
693 2099 751 2125 εἶτα
774 2099 959 2126 καταπεσόντα

132 2141 168 2169 οὐ
199 2141 344 2180 μέμφεται,
371 2140 444 2169 ἀλλὰ
470 2142 520 2176 τὴν
534 2140 676 2180 ἐφεστρίδα
691 2142 807 2170 αἰτιᾶται
823 2145 870 2170 τοῦ
884 2143 958 2170 πτώ-

135 2195 232 2222 ματος.
264 2184 316 2213 Κᾶν
341 2187 450 2222 τραῦμα
475 2184 575 2218 ἐκεῖθεν
614 2186 696 2218 πάθοι
733 2187 764 2214 τὸ
793 2189 883 2223 σῶμα,
912 2187 957 2214 τὸν

133 2232 242 2268 χιτῶνα
271 2230 357 2268 ψέγει,
387 2230 424 2261 ὡς
452 2231 498 2258 οἷα
518 2229 635 2268 τραχὺν,
651 2231 696 2258 καὶ
712 2231 784 2259 οὕτω
808 2231 858 2266 τὴν
875 2231 959 2269 σάρκα

132 2275 276 2313 τρίψαντα·
304 2274 352 2302 κᾶν
390 2275 514 2314 ἀπορρυῇ
552 2276 632 2312 αἷμα,
665 2275 740 2303 τάσιν
781 2275 882 2313 μέλους
919 2276 957 2308 εἰς

139 2320 240 2356 μέμψιν
266 2317 464 2357 προϐάλλεται,
494 2319 529 2348 δι’
555 2320 589 2354 ἧς
603 2318 718 2359 φλεϐίου
747 2320 870 2359 ῥαγέντος
888 2322 959 2358 αἷμα

137 2363 272 2399 ἰξίκυψεν.
309 2364 351 2399 Ἐξ
390 2364 539 2403 ἀνθρώπων
579 2365 593 2392 ὁ
619 2364 702 2400 κόλαξ
729 2365 881 2403 γινόμενος,
909 2366 959 2393 οὐκ

139 2407 178 2438 εἷς
194 2407 290 2444 ἀγαθόν
303 2418 330 2435 τι
347 2411 427 2444 ζῶον,
457 2409 519 2438 ἀλλ’
548 2410 586 2440 είς
614 2410 716 2447 κόρακα
733 2409 957 2447 μεταπλάττεται.

140 2452 175 2480 Ἠ
202 2451 253 2488 γὰρ
282 2451 313 2478 οὐ
341 2453 436 2481 ταυτόν
465 2464 491 2481 τι
520 2454 553 2482 τὰ
582 2453 610 2485 ἃς
638 2453 731 2482 κακίαν
749 2476 757 2490 ,
782 2453 886 2482 κόλακα
912 2455 959 2482 καὶ

138 2495 242 2533 κόρακα
268 2494 365 2531 εἷ’πεῖν,
395 2498 462 2524 κατὰ
476 2498 522 2525 τὸν
546 2498 635 2536 ὀρθῶς
650 2498 736 2527 πάλαι
763 2500 829 2527 ποτὶ
857 2501 961 2536 σκηψά-

140 2550 230 2577 μενον,
255 2540 299 2567 καὶ
317 2539 391 2577 ὀρθῷ
414 2541 590 2579 στραυλισμῷ
616 2543 660 2570 τὸν
686 2543 790 2571 κόλακα
820 2546 895 2583 φωνῇ
917 2544 962 2572 κό-

139 2594 220 2623 ρακος
249 2584 498 2621 ὑποκορισάμενον;
529 2585 624 2621 Πολλή
653 2597 695 2618 τις
729 2587 844 2625 αἰσχύνη
876 2588 960 2626 ῥύπον

141 2629 188 2666 μὲν
219 2628 262 2656 ἐπὶ
287 2629 437 2667 προσώπου
465 2629 579 2668 φανέντα
608 2629 684 2657 ὕδατι
713 2631 890 2668 ἀποπλύνειν,
923 2634 960 2670 μὴ

142 2683 199 2704 πως
228 2674 242 2701 6
271 2673 383 2713 φυσικὸς
408 2673 570 2712 ἁχρειωθείη
601 2676 742 2712 χαρακτὴρ
777 2678 825 2703 τοῦ
857 2675 962 2708 εἴδους·

142 2717 259 2749 κόλακος
289 2716 317 2746 δὲ
345 2719 497 2756 ἀνέχεσθαι,
529 2718 656 2758 ῥυπαρῶς
684 2722 964 2761 παραζωγραφοῦντος

147 2762 177 2790 οὐ
208 2761 289 2799 μόνον
318 2763 364 2791 ⁴τὸν
388 2761 438 2799 ἔξω
467 2762 620 2801 ἄνθρωπον,
643 2761 717 2791 ἀλλὰ
743 2765 789 2792 καὶ
816 2766 861 2794 τὸν
891 2766 965 2798 ἐντός

145 2807 190 2841 Μὴ
220 2806 271 2845 γὰρ
285 2806 335 2836 οὐκ
364 2807 514 2837 ἀπόλλυσιν
540 2807 554 2836 ὁ
578 2806 661 2844 κόλαξ
687 2809 731 2836 καὶ
761 2811 854 2849 ψυχὴν
882 2811 965 2847 αὐτὴν

140 2851 285 2890 ,χρώματα
311 2851 412 2892 τρίϐων
441 2851 555 2894 ἔκφυλα,
589 2853 630 2885 οἷς
658 2853 817 2892 χριομᾶνοις
847 2855 966 2896 ὑπογρα-

1009 1658 1046 1686 Ut
1060 1657 1091 1685 in
1106 1665 1196 1685 unum
1212 1658 1314 1684 cuncta
1329 1655 1475 1691 colligam,
1492 1654 1522 1682 in
1533 1653 1766 1682 antonomasiam
1779 1652 1831 1680 ad-

1009 1702 1126 1730 ducitnr
1140 1701 1386 1736 inusitatam,qua
1396 1699 1538 1727 virtutum
1550 1697 1721 1726 nominibus
1737 1697 1832 1732 pravi-

1008 1750 1083 1776 tates
1100 1746 1272 1774 honoranda;
1290 1745 1394 1773 forent.
1411 1745 1472 1776 Quo
1501 1743 1585 1779 pejus
1610 1742 1681 1778 quid
1711 1741 1846 1780 forsitan.

1009 1794 1097 1825 esset,
1114 1790 1270 1827 siquidem
1286 1791 1315 1817 et
1337 1789 1494 1824 subjacent
1516 1787 1565 1823 qui
1591 1787 1665 1814 tales
1689 1788 1771 1820 sunt,
1790 1785 1834 1812 illi

1009 1845 1051 1865 vae
1063 1836 1077 1863 Ἰ
1093 1835 1178 1870 cujus
1193 1834 1282 1862 etiam
1300 1836 1412 1869 partem
1429 1833 1564 1860 obtinent
1579 1831 1628 1867 qui
1654 1831 1730 1867 quod
1756 1838 1838 1857 ama-

1010 1889 1076 1909 rum
1098 1882 1126 1908 et
1150 1879 1338 1907 tenebrosum
1368 1880 1413 1905 est
1441 1875 1674 1905 antonomastiee
1705 1876 1734 1903 et
1763 1873 1835 1902 falso

1009 1924 1169 1954 vocant.0h
1182 1924 1188 1951 l
1206 1926 1278 1959 quot
1292 1925 1320 1950 et
1331 1921 1429 1958 qualia
1444 1923 1615 1957 quantaque
1627 1919 1706 1948 mala
1715 1919 1837 1947 veniunt

1011 1979 1046 1998 ex
1069 1967 1289 1998 adulatoribus!
1306 1967 1426 1995 Vomica
1451 1974 1540 2002 super
1563 1964 1716 1993 adulatum
1738 1965 1783 1992 est
1806 1965 1835 1991 et

1011 2015 1144 2050 disrupta
1151 2012 1278 2048 graviter
1290 2011 1412 2046 fostet,et
1419 2010 1554 2038 adulator
1561 2009 1696 2046 pisticam
1708 2008 1834 2036 nardum

1012 2058 1120 2086 vulnus
1135 2057 1213 2085 olere
1228 2056 1309 2084 dicit.
1326 2056 1400 2083 Eum
1422 2054 1471 2090 qui
1487 2053 1593 2081 debilis
1608 2055 1653 2081 est
1668 2054 1698 2080 et
1720 2052 1787 2079 talis
1803 2053 1836 2078 ut

1013 2103 1114 2129 contra
1125 2102 1243 2128 ventum
1254 2099 1415 2135 spirantem
1427 2096 1676 2133 supplantetur,in
1683 2095 1837 2122 audaciam

1014 2144 1145 2178 extollit;
1164 2146 1193 2171 et
1218 2146 1374 2179 postquam
1399 2150 1475 2178 equo
1504 2141 1623 2168 firmum
1652 2139 1838 2167 insessurum

1014 2198 1079 2218 esse
1093 2188 1197 2223 suasit,
1213 2187 1314 2223 lapum
1331 2195 1389 2215 non
1405 2185 1565 2221 redarguit,
1586 2185 1638 2213 sed
1654 2183 1839 2219 chlamydem

1014 2235 1050 2262 de
1065 2241 1134 2261 casu
1157 2234 1306 2260 causatur.
1334 2233 1367 2259 Et
1391 2231 1441 2259 ubi
1466 2229 1574 2258 vulnus
1599 2228 1703 2256 exinde
1717 2235 1840 2264 passum

1015 2278 1104 2306 fuerit
1118 2285 1235 2313 corpus,
1251 2276 1381 2304 tunicam
1399 2275 1504 2312 arguit,
1521 2276 1622 2310 utpote
1637 2272 1794 2307 hirsutum,
1811 2273 1840 2299 et

1013 2324 1055 2351 sic
1069 2329 1188 2350 carnem
1203 2323 1401 2349 conterentem
1414 2329 1421 2354 ;
1438 2322 1467 2347 et
1482 2319 1507 2347 si
1536 2318 1657 2353 sanguis
1680 2316 1837 2349 efﬂuxerit,

1011 2367 1175 2395 tensionom
1191 2365 1314 2393 membri
1333 2367 1417 2393 vocat
1432 2364 1461 2392 in
1486 2362 1756 2400 reprehensionem,
1771 2362 1839 2388 tan-

1014 2419 1102 2447 quam
1118 2418 1169 2446 per
1183 2409 1263 2437 illam
1287 2411 1374 2445 rupta
1394 2417 1468 2436 vena
1494 2415 1581 2435 cruor
1605 2406 1716 2434 effusus
1733 2404 1782 2433 sit.
1798 2404 1839 2431 Ex

1014 2455 1185 2484 hominibus
1199 2453 1334 2482 adulator
1348 2456 1508 2487 natus,non
1516 2452 1546 2480 in
1563 2451 1711 2488 quoddam
1727 2447 1838 2478 bonum

1015 2499 1136 2533 animal,
1166 2499 1216 2527 sed
1247 2499 1277 2526 in
1307 2506 1426 2526 corvum
1456 2496 1695 2525 transformatur.
1736 2494 1840 2522 Nonne

1022 2545 1101 2574 enim
1126 2545 1236 2580 pariter
1264 2543 1443 2571 malitiosum
1473 2544 1517 2570 est
1543 2540 1670 2569 colacem
1698 2538 1842 2574 (adulato-

1018 2592 1091 2624 rem)
1105 2592 1134 2617 et
1157 2597 1289 2617 coracem
1317 2589 1425 2621 dicere,
1456 2590 1601 2622 quatenus
1631 2584 1741 2620 aliquis
1771 2583 1842 2611 olim

1018 2635 1089 2663 forte
1118 2636 1195 2662 recte
1225 2634 1338 2669 ﬁngens
1362 2635 1391 2660 et
1421 2633 1498 2659 recte
1532 2629 1701 2657 balbutiens
1729 2636 1744 2656 ο
1772 2635 1842 2655 voce

1019 2679 1129 2707 σοι·οοὶς
1154 2677 1320 2706 blandicule
1351 2675 1509 2705 senuerit?
1525 2677 1661 2710 Magnum
1692 2672 1842 2709 quoddam

1020 2722 1208 2759 opprobrium
1255 2725 1309 2755 est,
1337 2721 1485 2749 maculam
1529 2719 1559 2746 in
1588 2718 1670 2746 vultu
1700 2723 1842 2752 apparen-

1019 2770 1079 2795 tem
1099 2766 1217 2795 abluere
1232 2775 1318 2803 aqua,
1336 2774 1373 2794 ne
1399 2764 1518 2801 physica
1546 2762 1644 2790 vultus
1668 2762 1762 2789 forma
1789 2759 1842 2786 de-

1020 2811 1124 2846 leatur,
1141 2811 1322 2840 adulatorsm
1338 2818 1405 2839 vero
1422 2807 1578 2841 sustinere,
1593 2806 1645 2843 qui
1670 2813 1728 2834 non
1743 2803 1840 2832 solum

1023 2855 1172 2885 hominem
1187 2854 1426 2890 exteriorem,sed
1440 2853 1529 2883 etiam
1539 2851 1709 2881 interiorem
1724 2848 1841 2879 sordide
