2030 3167
148 193 210 223 665

658 195 697 225 ΙΝ
721 195 754 225 S.
779 193 1117 230 QUADRAGESIMAM
1141 193 1285 224 ORATIO
1308 193 1361 223 lIl.

1793 191 1852 220 666

147 256 196 285 ὅτι
223 257 358 292 ποππύζω
386 256 455 295 πρός
482 268 552 293 τινα,
581 259 645 286 ὡσεὶ
680 259 724 286 καὶ
752 258 836 286 ἵππον
867 258 969 296 ἀγριού-

1030 259 1126 293 sibilo,
1143 262 1284 296 tanquam
1300 260 1334 287 ad
1351 266 1458 294 equum
1474 259 1630 293 agrestem,
1641 257 1684 286 vel
1700 257 1792 285 feram
1804 257 1851 285 in-

150 312 245 338 μενον,
261 302 278 336 ἢ
303 302 347 330 καὶ
376 304 488 339 καταψῶ
517 303 611 341 θηρίον
641 303 794 335 ἆτίθασσον·
821 304 861 334 οἷς
892 313 974 340 προσ-

147 345 240 378 θετέον
267 346 312 374 καὶ
337 346 470 381 ἀφύκτους
498 347 625 385 ἐχθροὺς,
657 347 683 374 εἶ’
717 353 798 379 ποθεν
835 347 973 383 κατάσκή-

144 391 236 427 ψαιεν.
253 390 301 418 Καὶ
331 391 383 426 μὴν
410 390 521 428 ἐγὼ(ἧν
548 402 616 419 ποτε
642 392 736 428 καιρὸς
766 391 867 423 ἐκεῖνος
883 392 972 419 ’ἀπευ-

143 437 252 471 κταῖος,
266 435 280 462 ὁ
295 435 362 462 κατὰ
384 436 435 469 τὴν
461 435 664 473 αΐχμαλωσίαν)
688 435 733 463 καί
758 433 860 464 ὤκνουν
885 435 970 464 κολα-

145 479 333 514 κεύειν,καὶὸ
357 480 422 510 Θεὸς
450 478 542 508 ἵστατο
566 481 630 518 παρ’
646 480 706 517 limi
736 481 781 508 καὶ
811 479 855 508 ’διὰ
879 483 970 508 τοῦτο·

146 522 310 561 εὐδοκίμουν
339 525 391 561 γὰρ
426 523 533 560 τάληθῆ
572 523 661 562 λέγων
691 524 858 561 εὐμεθόδως.
885 525 917 553 Εἰ
944 524 973 552 δὲ

144 578 214 596 ποτε
241 568 287 596 καὶ
314 567 404 606 χολήν
432 579 491 596 τινα
518 571 577 600 τοῖς
592 568 734 600 δεσπόταις
749 569 860 600 ἐκείνοις
877 569 971 597 ὑπεκί-

143 622 220 649 νουν,
235 611 308 640 ἀλλὰ
336 613 381 640 καὶ
405 613 498 644 αὐτοῖς
526 613 597 651 ταχὺ
620 614 652 641 τὸ
681 616 734 652 πῦρ
761 611 913 648 ἐσϐέννυτο,
936 615 970 650 τῇ

145 656 246 689 ἄνωθεν
263 656 352 695 δρόσῳ
369 657 579 695 μαραινόμενον.

184 700 236 734 λς’.
251 702 311 729 "En
333 704 538 740 προσιπιζητῶ,
553 702 598 730 καὶ
626 702 727 742 σοφοὺς
759 703 826 730 εἶναι
853 703 898 730 καὶ
922 702 971 739 ἐμὲ

143 745 191 773 καὶ
222 745 302 779 ὑμᾶς.
327 745 462 782 Ἐσόμιθα
490 745 519 774 δὲ
545 748 665 774 τοιοῦτοι
695 746 726 774 ού
754 747 831 783 πόνῳ
859 746 970 783 πολλῷ,

145 790 177 818 οὗ
195 788 311 827 βιϐλίων
339 790 520 826 ἐπελεύσεσιν,
546 791 586 830 ἐφ’
612 792 652 823 οἱς
681 791 821 829 ἀφθαλμοὶ
850 791 968 828 κάμνου-

145 845 199 869 σιν,
212 834 243 862 οὐ
259 833 428 863 διδασκάλων
459 835 628 873 αὖστηρίαις,
645 836 683 863 ὧν
705 836 733 863 αἱ
759 839 850 874 χεῖρες
879 835 969 873 ἀλγει-

142 878 206 910 νοὺς
236 876 384 918 ἰντρίϐουσι
416 879 567 916 μώλωπας,
593 880 647 918 οὐχ
675 880 760 907 ὕπνου
787 880 904 918 άργίαις,
934 879 969 908 δι’

144 924 183 951 ὧν
210 924 255 951 καὶ
285 924 372 951 αὐτῶν
401 924 473 952 πολὺ
498 925 530 952 τὸ
559 927 633 956 σῖνος
656 928 714 956 τοῖς
731 925 922 963 ἀγρυπνοῦσιν,
938 925 968 952 οὐ

142 967 236 996 ποδῶν
253 968 384 1005 καμάτοις
403 968 428 1004 ἐξ
451 968 629 1006 ὁδοιποριῶν,
646 968 677 996 οὐ
699 968 828 1000 δαπάναις
856 972 916 1000 ταῖς
941 980 971 997 τι

148 1011 247 1042 ἄλλαις
277 1020 322 1040 και
350 1012 426 1044 ὅσαις
441 1013 663 1050 ἐκθεραπεὺονται
679 1013 770 1052 λίχνοι
800 1013 970 1048 διδάσκαλοι,

149 1055 201 1082 οὐκ
228 1053 326 1087 ἄλλοις
339 1056 458 1091 τούτοις,
475 1057 512 1084 ὧν
531 1057 632 1093 μυρίων
648 1058 666 1091 ἡ
687 1057 755 1084 κατὰ
779 1056 873 1095 σοφίαν
898 1056 969 1096 ἐφίε-

147 1099 315 1137 ταιάγωγή.
334 1099 422 1128 ’Δλλὰ
445 1101 501 1139 χρή
531 1100 612 1137 μόνον
640 1099 767 1136 ἐθελῆσαι
793 1101 838 1128 καὶ
865 1100 970 1129 ἆπινεῦ-

149 1153 192 1170 σαι
207 1145 293 1181 ἡμᾶς,
307 1144 351 1172 καὶ
366 1144 462 1172 αὐτίκα
477 1144 657 1184 σισοιξιίσμεθα
671 1144 796 1176 ἐντελῶς.

184 1230 235 1266 λζ’.
251 1232 360 1270 Σοφίζει
393 1231 421 1260 δὶ
449 1232 536 1264 οὕτως
560 1234 635 1269 ἡμᾶς
664 1234 845 1271 ἀγαπώμενος
861 1235 875 1261 ὸ
890 1231 970 1271 ἔλεγ-

147 1284 211 1313 χος·
230 1287 243 1301 ‹‹
259 1276 380 1314 Ἔλεγχε
394 1276 456 1315 γὰρ,
486 1289 500 1303 ››
528 1277 605 1316 φησὶ,
619 1290 633 1304 ‹‹
655 1277 748 1314 σοφὰν,
764 1278 808 1305 καὶ
836 1278 969 1316 ἀγαπήσει

148 1330 187 1353 σι,
205 1332 219 1346 ι)
234 1319 361 1358 ἀφορμὴν
378 1321 496 1349 ἐντεῦθεν
513 1319 605 1349 λαϐὼν
619 1324 668 1349 τοῦ
689 1322 734 1349 καί
759 1323 912 1361 σοφώτερος
933 1323 969 1350 εῖ-

146 1374 202 1393 ναι.
227 1365 260 1392 Ὠ
284 1363 446 1396 διδάσκαλος
475 1365 554 1396 οὗτος
583 1365 751 1403 εὐπόριστος,
782 1365 804 1394 ὣ
833 1367 931 1405 σαφὴς,
948 1366 970 1394 ὢ

146 1409 257 1447 γοργὸς,
275 1408 297 1436 ὣ
313 1409 412 1448 δώροις
424 1409 575 1446 ἀνάλωτος,
591 1409 614 1438 ὣ
628 1411 672 1438 καὶ
699 1409 832 1438 διδάσκων
855 1412 911 1448 ἅμα
925 1411 969 1438 καὶ

148 1452 288 1491 ἰατρεύων,
303 1454 335 1482 τὸ
361 1454 420 1491 μὶν,
437 1455 478 1485 οἷς
504 1453 641 1491 μεθοδεύει
670 1456 704 1483 τά
732 1457 864 1493 σωτήρια,
879 1456 910 1483 τὸ
935 1454 969 1491 δ’,

148 1497 190 1525 ὅτι
218 1501 270 1533 τῆς
299 1500 421 1536 ψυχικῆς
450 1499 576 1536 καχεξίας
604 1499 754 1527 ἀποκενοῖ’
784 1500 806 1527 ὣ
830 1500 874 1528 καὶ
903 1500 970 1538 πρὸς

147 1541 217 1580 χάος
244 1540 359 1570 ἄϐυσσον
386 1543 509 1580 κατάγων
545 1544 591 1571 καὶ
619 1544 687 1581 πρὸς
715 1544 829 1581 οὐρανὸν
857 1545 930 1581 ὑψῶν
956 1545 970 1572 ὁ

146 1587 238 1621 αὐτὸς,
267 1588 298 1615 τὸ
323 1590 442 1625 πρῶτον,
468 1588 508 1620 οἷς
531 1591 716 1615 ταπεινοποιιῖ
743 1588 773 1616 ἐκ
801 1588 970 1625 μεταμέλου,

144 1631 178 1659 τὸ
200 1630 335 1669 δεύτερον,
366 1633 406 1663 οἷς
435 1632 528 1670 ἀνάγει
615 1631 645 1660 ἐκ
675 1633 815 1669 μετανοίας
843 1633 969 1671 καθάρσει

145 1676 215 1713 πρὸς
229 1677 275 1704 τὸν
292 1676 402 1713 ὕψιστον
426 1676 534 1715 Κύριον.
552 1677 584 1705 Εἴ
612 1675 641 1704 δέ
669 1688 710 1708 τις
735 1678 894 1715 ἁμαρτάνων
923 1678 968 1705 τὸν

144 1723 270 1748 τοιοῦτον
300 1718 414 1759 ἔλεγχον
450 1721 617 1759 σκορακίζειν
655 1721 752 1749 ἑαυτοῦ
790 1725 925 1759 πειρᾶται,
955 1723 970 1750 ὁ

144 1767 269 1795 τοιοῦτος
297 1765 428 1802 φριξάτω,
454 1762 663 1802 εὐλαϐούμενος,
695 1766 731 1802 μή
761 1776 828 1793 ποτε
854 1766 898 1793 καὶ
923 1765 969 1793 αὐ-

145 1809 192 1840 τὸς
206 1809 338 1844 αἰτιαθείη
355 1808 458 1844 δεινῶς,
476 1809 592 1841 ὡς,τοί›ς
612 1809 731 1841 δικαίους
757 1809 890 1848 ἐλέγχους
914 1811 971 1847 μώ-

147 1852 242 1885 λωπας
257 1854 345 1890 ἑαυτῷ
359 1853 522 1891 ἡγούμενος.

182 1906 236 1942 λη.
253 1907 286 1934 Ὢ
309 1906 474 1944 ἁμαρτωλὸς
496 1907 560 1945 ἐγὼ,
585 1907 629 1935 καὶ
659 1907 686 1936 εἶ’
716 1919 758 1940 τις
795 1906 886 1946 ἕτερος
911 1909 968 1936 κατ’

147 1949 205 1988 ἰμὲ.
234 1951 269 1980 Τ(
298 1949 400 1987 δήποτε
425 1951 685 1989 κεκαυτηριασμένοι
720 1953 770 1987 τὴν
804 1951 967 1988 συνείδησιν,

147 1996 187 2027 οἷς
204 1994 315 2032 οἷ’δαμεν
332 1996 540 2033 ἁμαρτάνοντες,
555 1996 600 2024 τὸν
616 1996 646 2024 ἐκ
658 1998 706 2024 τοῦ
733 1996 820 2034 λόγου
847 2001 970 2035 καυτῆρα

148 2039 364 2077 δυσωπούμεθα;
394 2041 512 2075 Ἐπαινῶ
546 2040 680 2078 καχὲκτας
708 2040 838 2076 ἐκείνους,
868 2042 894 2068 οἳ
923 2041 968 2068 καὶ

145 2087 231 2112 νοσεῖν
262 2084 445 2118 αἰσθάνονται,
474 2084 519 2112 καὶ
547 2084 689 2122 ἀνέχονται
726 2085 869 2121 καιόμενοι
900 2085 968 2122 πρὸς

149 2129 261 2168 ὑγίειαν.
277 2130 308 2158 Ὁ
333 2126 484 2167 στραείζων
507 2129 644 2168 ἐμφανῶς,
661 2129 704 2157 ἐὰν
730 2130 840 2166 ἀκούσῃ,
863 2129 968 2161 εύωπὸς

147 2175 224 2210 εἶναι,
253 2172 383 2212 γελᾶσθαι
411 2173 508 2211 κρίνει,
536 2174 581 2201 καὶ
617 2173 664 2201 τὸν
693 2173 809 2201 ἐπαινεῖν
840 2172 969 2201 δοκοῦντα

149 2219 292 2258 μίμφεται.
314 2218 392 2247 Οὕτω
416 2217 445 2246 δὶ
462 2219 507 2246 καὶ
530 2219 544 2246 ὁ
569 2217 774 2255 κυλλοποδίων,
800 2217 873 2256 ε’ίπερ
903 2218 970 2256 ὀρθὰ

149 2262 266 2298 βαδίζειν
283 2263 400 2302 λέγοιτο.
414 2264 451 2291 Τὸ
468 2261 491 2290 δ’
505 2263 570 2290 αὐτὸ
585 2263 629 2290 καὶ
654 2263 697 2290 ἐπὶ
725 2262 778 2290 τῶν
806 2262 899 2291 ἄλλων
923 2273 970 2290 κα-

147 2309 180 2336 τὰ
212 2310 292 2345 σῶμα
319 2309 481 2346 πηρώσεων.
511 2308 605 2344 Ἡμεῖς
635 2306 674 2344 δὲ,
700 2308 736 2335 ὧν
765 2310 874 2346 πρῶτος
905 2307 968 2346 ἐγὼ,

149 2352 292 2390 ἁμαρτίαις
316 2352 496 2392 ὲζοφωμὲνοι,
524 2353 570 2380 καὶ
600 2353 788 2389 μανθάνοντες,
818 2355 875 2390 φῶς
902 2353 968 2380 εἶναι

147 2395 192 2424 καὶ
221 2396 340 2431 ἡλιῶδες
368 2397 577 2436 ἆπαστράπτειν,
609 2396 679 2425 διατί
710 2397 741 2425 ού
769 2399 896 2434 νοοῦμεν,
926 2397 967 2424 ὅτι

147 2439 310 2479 γιλώμιθα;
327 2441 473 2478 Ἐθὲλομιν
499 2441 528 2469 δὲ
555 2444 676 2480 συνεχῶς
704 2441 769 2470 αὐτὸ
795 2441 901 2469 ἀκούειν
929 2441 967 2473 εἰς

149 2484 267 2513 ἔπαινον.
284 2484 314 2513 Ei
331 2484 360 2512 δὶ
375 2486 388 2512 ὁ
403 2483 558 2523 παραϐλὼψ
572 2487 618 2514 καὶ
639 2486 744 2525 χωλὸς,
761 2486 806 2514 καὶ
830 2486 892 2518 ὅσος
921 2485 968 2514 ἅλ-

148 2529 208 2561 λοις
228 2530 246 2564 ἡ
271 2530 339 2557 κατά
367 2531 446 2566 σῶμα
471 2531 628 2568 ἡμάρτηται
657 2531 767 2567 πλάσις,
796 2531 881 2568 θυμὸν
905 2531 967 2558 ἀνα-

147 2572 340 2611 λαμϐάνουσιν,
371 2573 415 2601 ὅτε
443 2575 509 2602 ποτὶ
537 2575 721 2611 σκώπτονται,
744 2576 789 2603 καί
813 2586 854 2606 τις
883 2574 967 2603 οἵεται

148 2618 191 2646 διὰ
215 2621 307 2653 ταῦτα,
320 2618 365 2646 καὶ
380 2618 426 2646 τὸν
440 2617 621 2656 ἐλεγχόμενον
636 2620 681 2647 καὶ
710 2619 781 2647 οὕτω
796 2619 965 2658 χολούμενον

148 2663 261 2695 δεόντως
286 2663 453 2701 ἀγανακτεῖν,
476 2662 514 2694 ὡς
539 2664 584 2690 οἶα
606 2661 859 2702 περιυϐριζόμενον,
887 2674 967 2701 γινω-

148 2709 232 2736 σκὲτω
247 2708 278 2736 ού
295 2706 388 2738 καλῶς
403 2706 514 2735 ο”ίισθαι.
531 2707 570 2736 Οὐ
593 2708 646 2746 γὰρ
674 2708 770 2735 ταῦτὸν
797 2708 966 2741 σκώπτεσθαι

147 2753 190 2780 γαὶ
212 2751 432 2791 ἑλέγχεσθαι.Τὸ
463 2752 510 2789 μὲν
534 2752 584 2790 γὰρ
613 2755 733 2790 σκῶμμα
759 2752 849 2787 παίζιι
874 2763 966 2791 κυριο-

149 2796 339 2834 λεκτούμενον,
355 2797 370 2824 ὁ
386 2795 415 2824 δὶ
429 2795 546 2834 ἔλεγχος
561 2795 701 2832 ἰπουδάζει
717 2797 762 2825 καὶ
774 2796 891 2834 διορθοῖ.

183 2849 234 2882 λθ’.
250 2849 288 2880 Οὔ
301 2849 391 2878 τοίνυν
407 2848 472 2878 οὐδὲ
498 2850 580 2887 ἡμεῖς
610 2849 809 2882 διδασκαλικῶς
837 2850 965 2890 ἐλέγχον-

1029 304 1169 332 domitam
1187 304 1358 337 demulceo;
1383 303 1490 339 quibus
1515 302 1693 337 adjungendi
1719 305 1789 330 sunt
1804 302 1849 330 in-

1028 349 1196 377 eluctabiles
1218 348 1340 380 inimici.
1365 357 1387 375 BI
1413 347 1548 375 alicunde
1572 346 1695 374 irruant.
1715 347 1749 374 Et
1773 350 1850 375 certe

1028 401 1091 429 ego,
1110 409 1143 414 —-
1159 396 1220 421 erat
1235 393 1303 421 olim
1320 395 1436 428 tempus
1460 391 1533 418 illud
1550 391 1727 426 captivitatis
1741 391 1849 419 abomi-

1028 439 1170 471 nandum,
1187 454 1219 458 —
1234 437 1347 465 adulari
1362 437 1513 473 quondum
1536 435 1681 468 nolebam,
1698 437 1726 462 et
1741 435 1849 463 idcirco

1028 483 1098 510 mihi
1127 483 1202 510 Deus
1226 483 1347 510 aderat:
1365 483 1484 509 amebar
1508 480 1586 508 enim
1612 480 1700 516 plana
1723 480 1768 507 via
1783 488 1850 508 vera

1027 526 1159 563 loquens.
1177 527 1207 555 Si
1223 527 1340 563 quando
1355 534 1421 554 vero
1437 525 1523 553 bilem
1540 524 1774 552 dominatoribus
1790 523 1849 552 illis

1027 579 1184 603 moverem,
1208 579 1274 599 ecce
1298 571 1376 599 brevi
1402 570 1489 606 ignis,
1514 578 1578 598 rore
1603 569 1729 605 desuper
1752 569 1849 596 infuse

1027 616 1274 652 exstinguebatur.

1060 705 1105 732 36.
1122 704 1156 732 Et
1170 704 1266 732 adhuc
1282 712 1328 732 me
1341 706 1370 732 et
1385 712 1435 731 vos
1450 711 1514 732 esse
1530 703 1677 739 sapientes
1692 710 1847 738 praesumo.

1025 748 1111 777 Tales
1125 751 1222 776 autem
1244 749 1355 776 erimus
1379 756 1436 776 non
1453 747 1546 775 multo
1561 746 1670 781 labore,
1684 753 1742 774 non
1758 746 1847 774 libro-

1025 801 1091 821 rum
1115 794 1291 827 accessione,
1316 801 1405 828 super
1433 792 1542 827 quibus
1572 791 1732 827 fatigantur
1759 790 1848 825 oculi,

1025 846 1081 866 non
1097 838 1306 874 magistrorum
1323 836 1504 868 austeritate,
1520 843 1645 871 quorum
1662 843 1768 862 manus
1784 843 1848 862 mo-

1024 881 1113 910 lestas
1146 882 1255 910 vibices
1287 882 1472 917 imprimunt,
1504 888 1561 907 non
1594 879 1762 912 insomniis,
1798 887 1848 914 per

1025 935 1088 962 quae
1118 926 1245 954 multum
1279 926 1454 954 damnorum
1490 925 1610 951 affertur
1645 923 1847 959 vigilantibus,

1025 979 1082 998 non
1109 971 1215 1006 pedum
1239 978 1273 998 ex
1289 970 1443 997 itineribus
1464 969 1613 1001 aerumnis,
1630 976 1688 996 non
1702 967 1847 1003 {expensis

1024 1015 1194 1042 istiusmodi
1215 1015 1323 1050 quibus
1351 1014 1466 1050 cupidis
1493 1012 1643 1048 magistris
1669 1011 1846 1044 deserviunt,

1026 1067 1084 1086 non
1100 1059 1165 1086 aliis
1181 1058 1259 1086 mille
1273 1058 1393 1091 talibus,
1409 1066 1475 1094 quas
1489 1059 1652 1085 secundum
1674 1055 1846 1092 sapientiam

1025 1103 1159 1131 educatio
1176 1103 1313 1138 attingit;
1329 1102 1380 1130 sed
1405 1101 1589 1130 solummodo
1607 1109 1659 1128 nos
1675 1100 1746 1128 velle
1761 1103 1790 1128 et
1804 1108 1848 1127 as.

1025 1147 1128 1176 sentiri
1142 1149 1264 1183 oportet,
1275 1150 1304 1175 et
1317 1147 1417 1175 statim
1432 1154 1549 1174 omnem
1561 1145 1734 1181 sapientiam
1750 1144 1847 1180 acqui-

1024 1192 1191 1220 siveiimus.

1060 1236 1104 1264 37.
1121 1236 1227 1264 Reddit
1241 1238 1338 1264 autem
1356 1235 1395 1263 ita
1406 1244 1458 1263 nos
1473 1234 1621 1270 sapientes
1632 1233 1796 1262 desiderata
1807 1241 1847 1261 re-

1025 1280 1190 1316 prehensio.
1209 1292 1220 1306 ι
1239 1280 1428 1316 Reprehende
1442 1279 1532 1311 enim,
1549 1278 1655 1314 inquit,
1673 1278 1847 1313 sapientem,

1024 1327 1054 1352 et
1069 1324 1179 1352 amabit
1193 1326 1231 1358 te,
1250 1335 1264 1348 η
1280 1324 1462 1352 occasionem
1473 1323 1540 1350 inde
1555 1330 1676 1350 sumens
1692 1324 1724 1350 ut
1734 1321 1848 1357 sapien-

1024 1369 1154 1397 tiorllat.
1179 1369 1200 1397 0
1217 1369 1356 1405 magister
1371 1368 1419 1395 ille
1443 1367 1524 1395 aditu
1547 1366 1657 1395 facilis!
1680 1374 1768 1401 quam
1786 1373 1847 1392 ma—

1026 1413 1159 1446 nifestus,
1177 1422 1265 1449 quam
1281 1413 1396 1446 ardens,
1409 1420 1497 1448 quam
1513 1411 1598 1439 donis
1613 1409 1845 1439 inaccessibilis!

1027 1457 1089 1485 Una
1102 1458 1187 1485 docet
1210 1461 1238 1485 et
1261 1459 1355 1490 sanat,
1372 1457 1450 1484 istud
1477 1456 1593 1491 quidem
1619 1463 1652 1483 eo
1674 1455 1752 1490 quod
1769 1454 1848 1481 salu-

1024 1502 1100 1530 taria
1115 1502 1286 1537 praescribit,
1304 1502 1357 1529 hoc
1370 1504 1468 1528 autem
1493 1509 1525 1528 eo
1542 1500 1618 1535 quod
1635 1499 1737 1526 morbo
1760 1498 1848 1533 spiri-

1024 1546 1076 1574 tali
1093 1545 1215 1582 purgati
1231 1546 1311 1574 Idem
1328 1546 1355 1572 in
1370 1545 1541 1580 profundam
1554 1544 1691 1580 abyssum
1709 1542 1848 1576 demittit,

1025 1593 1054 1618 et
1078 1591 1108 1618 in
1133 1591 1237 1618 caelum
1262 1589 1383 1623 extollit,
1408 1588 1491 1623 illud,
1516 1588 1593 1624 quod
1618 1596 1653 1615 ex
1676 1586 1849 1622 paenitentia

985 1628 1006 1662 C
1026 1635 1174 1668 humiliat,
1205 1635 1269 1669 hoc,
1298 1634 1377 1669 quod
1402 1633 1529 1670 puritate
1553 1641 1588 1660 ex
1616 1630 1788 1668 paenitentia
1812 1630 1848 1657 ad

1025 1680 1204 1708 altissimum
1220 1679 1378 1707 Dominum
1402 1677 1512 1706 elevat!
1536 1677 1567 1705 Si
1583 1677 1650 1712 quis
1675 1683 1740 1704 vero
1756 1673 1849 1702 delin-

1026 1733 1130 1760 quens,
1146 1724 1317 1759 huiusmodi
1341 1722 1597 1759 reprehensionem
1622 1730 1639 1748 a
1663 1729 1693 1749 se
1708 1720 1850 1756 projicere

1025 1771 1130 1802 tentet,
1148 1768 1214 1796 talis
1229 1767 1446 1801 contremiscat,
1463 1766 1585 1799 veritus,
1602 1773 1637 1792 ne
1653 1764 1811 1800 aliquando
1822 1765 1850 1790 et

1024 1814 1088 1850 ipse
1116 1814 1145 1841 in
1175 1813 1445 1843 causa.tremenda
1474 1811 1680 1843 constituatur,
1707 1811 1848 1844 tanquam

1020 1860 1119 1895 justas
1135 1858 1377 1894 reprehensiones
1392 1857 1449 1885 sibi
1463 1856 1572 1884 vibices
1585 1855 1744 1883 aestimans.

1059 1913 1103 1940 38.
1120 1912 1142 1940 Ο
1164 1913 1298 1948 peccator
1321 1919 1384 1947 ego,
1411 1912 1638 1946 peccatoresque
1652 1908 1677 1936 si
1702 1907 1775 1935 forte
1790 1907 1851 1935 sint

1024 1957 1097 1984 mihi
1121 1956 1244 1988 similes,
1265 1963 1317 1983 cur
1337 1955 1456 1983 tandem
1482 1953 1659 1982 conscientia
1684 1952 1847 1983 cauteriati,

1024 2001 1073 2036 qui
1088 2009 1140 2028 nos
1156 2008 1220 2028 esse
1237 2001 1403 2036 peccatores
1425 1998 1545 2031 scimus,
1562 1997 1723 2025 cauterium
1739 2003 1773 2023 ex
1788 2003 1848 2022 ser-

1025 2045 1161 2072 monibus
1189 2052 1265 2080 aegre
1295 2042 1438 2070 ferimus?
1463 2043 1561 2070 Morbo
1584 2041 1751 2068 laborantes
1775 2039 1848 2066 istos

1023 2089 1123 2121 laudo,
1139 2089 1188 2124 qui
1205 2097 1235 2116 se
1250 2088 1381 2115 sentiunt
1403 2089 1542 2122 aegrotare
1557 2084 1847 2117 combustionemque

1024 2133 1172 2161 sustinent
1186 2133 1221 2160 ad
1237 2132 1403 2159 sanitatem.
1420 2131 1473 2162 Qui
1490 2129 1643 2157 manifeste
1658 2127 1775 2156 strabus
1790 2129 1846 2160 est,

1024 2177 1048 2205 si
1064 2177 1141 2213 quod
1157 2177 1231 2204 bene
1245 2177 1283 2204 sit
1307 2176 1399 2203 oculis
1413 2175 1524 2208 audiat,
1547 2173 1663 2201 irrideri
1678 2180 1710 2199 se
1721 2171 1847 2207 judicat,

1023 2226 1050 2250 el
1077 2229 1145 2249 eum
1175 2221 1224 2256 qui
1254 2220 1376 2248 laudare
1405 2219 1519 2246 videtur
1548 2217 1654 2254 arguit.
1685 2215 1732 2244 Sic
1761 2224 1846 2251 porro

1023 2266 1111 2294 etiam
1128 2265 1260 2299 claudus,
1278 2265 1302 2292 si
1318 2266 1395 2292 recte
1406 2263 1673 2291 dicaturincedere.
1690 2261 1770 2288 Idem
1780 2268 1847 2287 vero

984 2309 1009 2342 D
1024 2313 1069 2338 est
1093 2317 1209 2346 quoque
1237 2309 1273 2336 de
1298 2308 1408 2336 steteris
1438 2307 1569 2342 corporis
1598 2305 1768 2333 defectibus.
1789 2304 1847 2332 Nos

1024 2357 1132 2388 autem,
1140 2361 1266 2390 quorum
1274 2361 1342 2389 ergo
1353 2352 1476 2388 primus,
1487 2351 1614 2387 peccatis
1623 2349 1770 2384 obcaecati,
1780 2356 1847 2376 cum

1023 2399 1161 2428 audimus
1182 2406 1247 2426 esse
1271 2397 1371 2425 lumen
1395 2400 1423 2425 et
1451 2396 1526 2424 sicut
1552 2395 1594 2424 sol
1619 2394 1741 2430 fulgere,
1757 2401 1847 2430 quare

1023 2452 1077 2471 nos
1100 2442 1212 2471 irrideri
1235 2451 1293 2470 non
1318 2441 1479 2477 putamus?
1502 2441 1558 2468 Sed
1580 2442 1718 2476 perpetuo
1742 2438 1846 2466 laude-

1020 2487 1131 2516 tionem
1147 2487 1245 2515 audire
1256 2485 1402 2514 volumus.
1414 2485 1441 2513 Si
1456 2493 1522 2513 vero
1533 2485 1653 2513 strahus
1667 2485 1697 2511 et
1710 2483 1845 2516 claudus,

1022 2535 1051 2560 et
1073 2532 1241 2568 quicunque
1266 2530 1317 2558 tali
1332 2530 1464 2566 corporis
1488 2529 1698 2557 deformatione
1721 2527 1844 2561 laborat,

1022 2577 1066 2604 ira
1081 2578 1243 2611 moventur,
1259 2583 1326 2603 cum
1349 2574 1561 2602 cavillationem
1587 2574 1721 2607 audiunt,
1738 2575 1767 2600 et
1781 2572 1845 2598 ideo

1022 2622 1090 2657 quis
1116 2623 1198 2657 putat
1221 2628 1288 2648 eum
1313 2619 1364 2656 qui
1388 2619 1621 2655 reprehenditur,
1646 2626 1713 2645 cum
1729 2617 1772 2644 sic
1787 2616 1844 2642 ira-

1022 2666 1124 2699 scitur,
1138 2663 1545 2700 meritoindignaritanquam
1561 2662 1698 2699 injuriam
1711 2668 1845 2697 passum,

1022 2710 1148 2738 multum
1164 2711 1251 2737 errat.
1276 2710 1338 2736 Non
1362 2708 1440 2736 enim
1456 2708 1533 2736 idem
1558 2706 1772 2736 cavillationem
1788 2705 1843 2733 sub

1021 2756 1063 2783 ire
1078 2757 1107 2782 et
1126 2753 1298 2790 reprehendi
1315 2762 1321 2781 :
1339 2752 1485 2781 cavillatio
1510 2752 1589 2781 enim
1604 2751 1720 2788 proprie
1736 2757 1786 2785 per
1801 2750 1843 2778 lu-

1021 2800 1092 2828 dum
1107 2799 1177 2836 agit,
1202 2797 1389 2834 reprehensio
1405 2805 1471 2825 vero
1493 2797 1568 2826 serio
1583 2796 1644 2832 agit
1667 2797 1695 2823 et
1710 2794 1838 2831 corrigit.

1055 2853 1100 2882 39.
1113 2853 1171 2882 Nec
1185 2852 1276 2889 igitur
1290 2859 1354 2886 nos,
1369 2859 1438 2879 cum
1453 2851 1583 2879 docendo
1598 2847 1839 2886 reprehendimus
