2030 3167
204 181 263 210 667

592 180 801 211 EUSTATHII
823 180 1208 212 THESSALONICENSIS
1232 181 1522 213 METROPOLlTE

1853 179 1914 209 668

204 255 262 274 non
278 246 427 282 probrose,
445 254 539 282 neque
554 246 705 282 injuriose,
729 247 777 274 sed
795 247 830 274 ad
847 246 948 283 lapsus
965 255 1027 275 cor-

1091 256 1137 279 τες,
1154 247 1197 274 καὶ
1224 247 1294 283 μήτε
1319 246 1513 281 ὃνειδιστικῶς,
1540 244 1611 283 μηδὲ
1634 245 1703 284 πρὸς
1732 241 1825 282 ὕϐριν,
1840 243 1917 272 ἀλλὰ

203 291 360 318 rectionem
382 291 650 327 revelationemque
673 300 770 324 casus,
786 291 829 319 vel
845 291 1028 320 cavillatione

202 335 336 370 capimur
358 335 401 363 vel
423 336 646 371 exprobramus.
672 339 708 363 At
724 345 788 364 vero
815 337 891 364 sicut
910 337 959 372 qui
977 337 1025 364 de-

202 381 265 407 vios
280 389 297 408 s.
312 383 390 408 recta
405 381 450 407 via
461 381 604 408 reducunt
619 381 653 408 ad
670 381 762 415 illam,
775 384 804 408 et
819 381 1027 417 impugnantes

204 425 393 457 errationem,
423 427 450 452 et
474 426 551 452 viam
576 425 803 453 directissimam
829 426 907 453 illico
932 428 1027 454 osten-

205 469 318 502 dentes,
335 478 391 497 non
414 469 603 503 invehuntur,
621 479 671 497 nec
695 471 834 505 injuriose
858 473 958 506 agunt,
975 478 1027 497 nec

205 514 421 546 convitiantur;
447 514 488 541 sic
511 523 606 550 neque
630 515 679 550 qui
696 515 914 551 reprehendunt
927 515 956 542 in
979 523 1028 542 ex-

203 557 357 591 hortando,
384 558 539 586 molestum
564 559 635 595 quid
661 559 783 591 faciunt,
803 559 854 586 sed
880 568 955 596 opus
972 560 1027 588 Deo

203 605 321 638 gratum
337 603 501 638 perﬁciunt,
518 603 588 631 dum
614 604 643 631 in
659 604 745 632 rectis
761 604 875 640 legibus
890 606 918 632 et
933 604 962 632 in
978 613 1028 632 ce.-

205 655 315 674 nonum
333 647 505 675 rectitudine
517 648 636 675 ﬁrmant
647 656 697 676 eos
707 648 756 685 qui
772 649 809 676 ab
825 648 883 676 illis
899 648 1028 676 declina-

204 694 318 718 verunt.

242 735 286 762 40.
304 735 345 763 Ad
371 736 442 772 quid
467 736 538 764 mihi
565 737 645 765 ista?
668 738 777 765 Idcirco
793 739 826 765 ut
850 746 908 765 non
928 745 1028 765 omnes

204 787 339 808 moneam
355 779 480 809 invicem
496 782 718 818 reprehendere.
733 785 762 810 et
777 783 812 810 ab
828 783 952 810 invicem
968 781 1027 817 spi-

204 824 349 852 ritualiter
363 827 392 852 et
411 825 536 854 fraterne
560 827 744 862 reprehendi,
759 831 786 855 et
810 827 850 855 ita
866 835 922 854 non
937 835 1028 854 caacos

206 868 358 896 ambulare
383 869 412 896 in
437 869 505 904 vita,
529 872 579 898 sed
609 871 765 907 diligenter
786 871 858 899 illud
883 871 960 908 quod
982 878 1027 898 se-

207 913 336 940 cundum
353 913 444 942 Deum
469 918 523 949 est,
539 915 595 942 iter
609 916 741 952 implere,
757 916 857 952 sicque
881 916 1028 952 sapientes
1044 931 1068 964 Β

206 957 327 985 evadere
349 959 434 993 juxta
458 959 536 987 istud
563 968 570 988 ε
601 971 615 985 α
631 960 772 988 Dominus
800 960 950 988 illuminat
976 968 1030 987 ca-

210 1002 342 1035 cos”;n
367 1003 417 1039 qui
442 1012 512 1032 sane
539 1005 616 1032 velut
632 1006 660 1033 in
685 1006 822 1039 tenebris,
839 1006 868 1034 in
895 1005 949 1033 hac
974 1004 1032 1032 vita

210 1050 425 1081 conversantes,
451 1056 467 1075 a
492 1049 550 1077 Deo
578 1052 654 1077 recte
677 1050 856 1085 diriguntur,
876 1053 905 1078 et
928 1050 1032 1077 itinera

210 1091 366 1126 perﬁciunt
379 1093 413 1120 ad
430 1092 614 1128 splendidam
627 1094 773 1122 luminum
785 1095 888 1128 facem.
905 1102 1031 1130 quorum

209 1135 380 1164 excellentia
395 1139 463 1164 sunt
482 1137 626 1174 ellychnia
641 1139 817 1175 spiritalium
834 1139 1033 1176 reprehensio-

210 1187 281 1208 num
297 1181 468 1217 disciplinas.

247 1224 290 1252 41.
313 1227 436 1261 Insuper
457 1229 486 1253 et
500 1227 535 1254 ad
551 1227 665 1255 virilem
691 1228 874 1256 nobilitatem
899 1228 1034 1256 exhortor

210 1269 260 1304 qui
277 1277 391 1297 mecum
416 1273 487 1298 sunt
506 1272 592 1307 cives,
609 1275 637 1300 et
657 1272 765 1300 induco
791 1273 1032 1305 recordationem,

210 1316 243 1341 ut
258 1314 444 1342 dimittantur
458 1315 512 1342 illa:
529 1316 670 1351 imperitis
687 1325 719 1344 ac
744 1317 918 1353 importunae
936 1316 1032 1350 minae,

211 1358 258 1386 hic
283 1359 414 1386 dentium
441 1359 662 1396 intempestivus
689 1362 803 1395 stridor,
821 1361 850 1389 hi
876 1362 904 1388 in
926 1368 1033 1388 vanum

210 1402 317 1438 lingula
341 1403 470 1437 ardores,
486 1404 515 1431 in
541 1408 636 1432 mente
660 1406 810 1441 proverbio
836 1405 934 1433 habito
956 1405 1032 1441 quod

210 1457 224 1472 ‹‹
241 1447 370 1475 virorum
385 1451 430 1475 est
443 1456 539 1484 agere,
556 1449 713 1478 mulierum
730 1453 828 1478 autem
843 1449 934 1486 loqui.
953 1461 964 1474 ι

247 1537 291 1564 42.
307 1537 366 1573 Ego
384 1537 473 1574 igitur
488 1539 614 1573 extabui,
630 1540 672 1567 sic
689 1540 855 1576 frequenter
879 1539 1033 1568 exterritus

212 1581 313 1616 minis,
328 1582 424 1618 iisque
439 1583 468 1610 in
485 1591 531 1611 me
548 1584 694 1618 maximis,
708 1585 821 1613 fratres.
836 1585 859 1613 Ο
872 1594 932 1616 vos,
944 1593 1032 1617 unus,

212 1626 280 1659 duo,
298 1629 367 1660 tres,
384 1626 492 1663 plures,
509 1629 559 1664 qui
577 1629 666 1656 nimis
681 1630 717 1657 ad
733 1630 806 1657 iram
823 1629 979 1662 ferventes,
996 1629 1032 1657 ad
1048 1615 1070 1649 G

213 1669 381 1698 charitatem
399 1672 509 1707 frigetis
530 1675 558 1700 et
573 1673 608 1700 ad
635 1673 820 1701 dilectionem
838 1675 910 1702 forte
926 1674 1034 1702 mortui

212 1714 292 1748 estis,
309 1715 395 1743 sinite
411 1724 458 1744 me
483 1716 560 1744 brevi
578 1717 672 1744 vivere
699 1720 841 1753 tempore,
865 1727 922 1753 quo
938 1719 1035 1746 victu—

212 1767 263 1786 rus
287 1768 363 1793 sum,
381 1759 423 1787 vel
446 1760 533 1788 citius
557 1761 650 1788 tollite
677 1769 724 1789 me
738 1763 774 1789 de
797 1762 867 1789 vita.
895 1763 1036 1790 Dimittite

213 1803 349 1831 calcaneo
366 1804 437 1831 mihi
463 1804 605 1840 insidiari,
623 1805 758 1838 scientes,
778 1807 955 1842 praecipuum
972 1815 1036 1834 esse

214 1849 250 1875 ad
278 1848 431 1876 interitum
459 1848 601 1876 inhaerere
626 1849 718 1884 cordi,
739 1850 908 1887 visceraque
931 1851 1036 1880 dilace-

214 1899 277 1919 rare
299 1894 328 1918 et
350 1891 479 1920 lambere
503 1901 646 1921 cruorem.
672 1895 812 1931 Cogitate,
834 1895 912 1931 quod
938 1903 988 1924 sex
1009 1898 1038 1924 et

216 1935 315 1963 decem
339 1936 483 1971 annijam
508 1940 589 1971 sunt,
606 1939 714 1973 quibus
740 1939 876 1967 adversos
900 1949 954 1968 nos
969 1941 1037 1968 den-

218 1982 261 2007 tes
277 1979 391 2008 acuitis.
408 1980 565 2017 Usquequo
580 1983 622 2010 sic
642 1982 808 2012 laborantes
833 1985 1038 2013 ustinebitis?

217 2025 299 2058 Ecce,
311 2026 510 2061 postjudicem
521 2027 693 2062 maximum,
702 2029 848 2057 cmlestem
860 2029 934 2063 dico,
945 2029 1038 2057 maxi-

215 2077 283 2097 mus
298 2069 328 2097 in
344 2069 390 2098 his
411 2071 461 2106 qui
476 2074 547 2099 sunt
571 2081 660 2108 super
673 2075 781 2101 terram
799 2082 805 2101 :
822 2073 852 2101 in
867 2082 984 2102 causam
1002 2074 1038 2102 ad

214 2114 299 2142 illum
325 2115 515 2143 adducendus
544 2119 587 2144 est
614 2117 710 2145 malus
739 2118 959 2147 archisacerdos
980 2118 1038 2153 ille,

217 2159 267 2195 qui
293 2167 343 2187 vos
366 2161 501 2195 excoriat,
527 2161 576 2196 qui
601 2161 689 2197 laedit,
715 2162 764 2198 qui
790 2163 958 2198 injuriatur,
989 2163 1040 2198 qui

217 2204 303 2239 rapit,
326 2204 376 2239 qui
401 2206 599 2241 quodcunque
623 2206 733 2234 malum
758 2207 836 2235 facit.
863 2209 897 2234 Et
917 2207 965 2235 ille
979 2216 1041 2235 ma-

217 2256 308 2284 gnum
333 2249 464 2276 scandali
490 2249 618 2286 lapidem
644 2251 765 2284 auferet,
788 2254 816 2279 et
831 2260 882 2279 vos
907 2251 947 2280 ita
963 2254 1040 2280 recte

1081 291 1148 327 πρὸς
1165 289 1310 329 διόρθωσιν
1327 291 1485 331 σφάλματος
1512 291 1556 318 καὶ
1581 290 1718 327 ἀνέγερσιν
1747 290 1912 326 πτώματος,

1081 335 1098 369 ἢ
1115 335 1281 372 ἀλισκόμεθα
1306 337 1484 373 σκώμματος,
1509 336 1526 370 ἢ
1550 334 1730 372 ὀνειδίζομεν.
1749 333 1828 362 Ἀλλ’
1861 334 1914 360 ὧσ-

1081 389 1131 417 περ
1156 381 1181 407 οἱ
1204 381 1267 412 τοὺς
1293 381 1472 418 ὶκτραπέντας
1486 382 1535 414 τῆς
1556 381 1639 418 ὀρθῆς
1670 377 1734 407 δδοῧ
1762 377 1912 415 ἐπανάγον-

1081 434 1124 455 τες
1140 424 1178 455 εἰς
1202 425 1298 460 αὐτὴν,
1311 426 1355 452 καὶ
1381 423 1552 456 διδάσκοντες
1572 425 1621 459 τὴν
1643 422 1849 457 ἀποπλάνησιν,
1866 423 1913 450 καὶ

1081 469 1131 502 τήν
1165 471 1377 506 σκοπιμωτάτην
1413 469 1574 500 ἐνπατικῶς
1614 467 1832 500 ὑποδεικνύντες,
1863 466 1916 494 οὐκ

1082 512 1252 548 ἐπιτίθενται,
1282 513 1340 542 οὐδ’
1382 514 1582 551 ἀτιμάζουσιν,
1611 512 1672 541 οὖδὶ
1719 511 1914 546 ὀνειδίζουσιν

1083 558 1168 589 οὕτως
1197 557 1259 586 οὐδὲ
1283 559 1308 586 οἱ
1334 558 1523 596 ἐξελέγχοντες
1539 559 1608 596 πρὸς
1637 557 1808 595 παραίνεσιν,
1826 555 1918 590 λυπη-

1083 603 1128 640 ρόν
1143 605 1317 637 τιποιοῦσιν,
1333 603 1406 631 ἄλλά
1428 605 1486 639 Θεῷ
1510 602 1622 641 ἀρέσκον
1652 600 1730 639 ἔργον
1758 599 1917 628 ἀποτελοῦ-

1081 657 1118 682 σι,
1134 648 1228 684 νόμοις
1246 647 1338 685 ὀρθοῖς
1361 648 1406 675 καὶ
1428 648 1548 675 κανόνων
1573 646 1715 682 εὐθύτησιν
1750 642 1918 682 ἐμϐιϐάζω·

1081 702 1124 723 τες
1140 691 1204 724 τοὺς
1216 691 1241 727 ἐξ
1256 691 1344 720 αὐτῶν
1359 693 1622 730 παροιστρήσαντας.

1120 737 1154 772 μ’.
1171 736 1240 773 Πρὸς
1267 737 1294 764 τί
1320 747 1365 773 μοι
1391 736 1566 773 ἀποτέλεσμα
1590 734 1755 770 ταῦτα;Εἲς
1781 734 1816 761 τὸ
1845 734 1917 761 πάν-

1081 790 1129 811 τας
1144 782 1217 817 ἡμᾶς
1233 782 1334 818 χρῆναι
1359 779 1500 816 ἀλλήλους
1526 780 1663 818 ἰλέγχειν,
1679 779 1724 807 καὶ
1751 779 1796 806 ὑπ’
1824 777 1918 812 ἀλλή-

1083 823 1138 852 λων
1168 825 1327 863 ἐλέγχεσθαι
1358 827 1549 862 πνευματικῶς
1588 825 1633 852 καὶ
1669 823 1841 861 ἀδελφικῶς,
1867 822 1916 849 καί

1083 868 1153 897 οὕτω
1171 870 1208 906 μή
1222 869 1341 908 τυφλοὺς
1360 872 1517 908 περιπατεῖν
1543 869 1569 897 ἐν
1587 869 1650 907 βίῳ,
1665 867 1728 896 ἀλλ’
1752 864 1915 904 ἐξακριϐοῦ-

1084 914 1144 941 σθαι
1172 915 1205 942 τὰ
1232 915 1300 942 κατὰ
1328 915 1391 942 θεὸν
1428 912 1595 951 διαϐήματα,
1623 914 1667 942 καὶ
1705 912 1778 941 οὕτω
1808 911 1913 951 σοφοὺς

1084 956 1254 986 ἀπεκϐαίνειν
1281 959 1348 987 κατᾶ
1373 959 1415 987 τό·
1436 970 1450 986 ι
1464 959 1562 996 Κύριος
1590 961 1672 996 σοφοῖ
1699 956 1832 996 τυφλούς·
1850 968 1864 982 ι
1887 957 1913 984 οἳ

1085 1002 1192 1038 δηλαδή
1209 1004 1245 1034 ὡς
1261 1003 1286 1031 ἐν
1302 1004 1402 1040 σκότῳ,
1416 1006 1456 1040 τῷ
1482 1003 1534 1041 βίῳ
1553 1003 1653 1039 τούτῳ,
1669 1002 1913 1041 ἀναστρεφόμενοι,

1087 1048 1153 1086 ὀρθὰ
1168 1047 1379 1086 ποδηγετοῦνται
1399 1049 1500 1083 Θεόοεν,
1514 1047 1559 1076 καὶ
1584 1047 1635 1076 ὑπὸ
1659 1047 1756 1086 φώτων
1781 1045 1913 1083 λαμπρο-

1085 1094 1173 1121 τάτων
1198 1093 1336 1129 ἐξανύουσι
1360 1093 1408 1124 τὰς
1432 1093 1554 1130 πορείας,
1581 1092 1616 1120 ὧν
1645 1089 1809 1129 θρυαλλίδες
1837 1090 1915 1126 εὖγε-

1087 1140 1140 1170 νεῖς
1156 1138 1200 1165 καὶ
1225 1138 1252 1165 αἱ
1277 1138 1345 1165 κατὰ
1371 1137 1435 1169 τοὺς
1457 1136 1656 1174 πνευματικοὺς
1673 1135 1807 1174 ίλέγχους
1838 1133 1916 1162 διδα-

1087 1181 1210 1211 σκαλίαι.

1125 1228 1178 1264 μα’.
1196 1226 1256 1256 Ἐπῖ
1290 1225 1324 1261 δὴ
1358 1226 1466 1257 τούτοις
1494 1225 1688 1264 προκαλοῦμαι
1718 1224 1756 1256 εἷς
1785 1223 1917 1262 ἀνδρικήν

1088 1271 1219 1309 εὐγένειαν
1247 1271 1310 1302 τοὺς
1333 1271 1380 1299 σὺν
1403 1271 1463 1308 ἰμοὶ
1495 1269 1623 1305 πολίτας,
1648 1270 1692 1298 καὶ
1722 1269 1824 1307 εἰσάγω
1853 1269 1920 1305 μνή-

1090 1326 1142 1351 μην
1174 1315 1296 1353 ἀφίεσθαι
1322 1318 1377 1343 τῶν
1407 1315 1451 1342 καί
1480 1314 1597 1352 ἀπείρων
1624 1314 1669 1342 καὶ
1690 1313 1811 1351 ἀκαίρων
1841 1314 1917 1340 ἀπει-

1089 1359 1157 1396 λῶν,
1173 1360 1220 1387 τοῦ
1234 1360 1307 1397 παρᾶ
1333 1360 1404 1397 ὥραν
1432 1359 1558 1397 βρυγμοῦ
1581 1361 1635 1386 τῶν
1659 1357 1857 1393 Mdv-raw,th
1887 1357 1916 1385 ἐν

1088 1407 1176 1435 κενοῖς
1197 1403 1408 1442 γλωσσαλγιῶν,
1433 1402 1652 1440 ἐνθυμουμένους
1686 1403 1718 1430 τὸ
1746 1401 1915 1440 περιᾳδόμε-

1087 1460 1144 1483 νον,
1159 1449 1197 1480 ὡς
1213 1461 1227 1475 ‹‹
1243 1447 1347 1487 ἀνδρῶν
1366 1449 1414 1485 μὲν
1428 1449 1460 1476 τὸ
1484 1451 1584 1482 ποιεῖν,
1599 1449 1732 1486 γυναικῶν
1758 1446 1789 1475 δὲ
1810 1447 1842 1474 τὸ
1865 1447 1914 1475 λα-

1089 1493 1145 1521 λεῖν
1151 1515 1157 1522 .
1174 1505 1188 1520 ››

1127 1536 1180 1575 μϐ,
1197 1538 1266 1576 Ἐγὼ
1295 1537 1340 1565 οὗν
1373 1536 1513 1572 ἐκτέτηκα,
1542 1537 1613 1565 οὕτω
1644 1537 1731 1574 συχνᾶ
1767 1533 1915 1574 καταϐρον-

1088 1584 1212 1620 τώμενος
1237 1581 1373 1619 ἀπειλαῖς,
1398 1581 1442 1609 καὶ
1476 1584 1562 1609 ταῦτα
1588 1584 1648 1613 ταῖς
1672 1581 1735 1618 ἐμοὶ
1763 1581 1914 1618 μεγίσταις,

1089 1626 1215 1664 ἀδελφοί.
1230 1627 1260 1655 Ὁ
1275 1628 1323 1661 εἷς,
1340 1627 1366 1654 οἱ
1387 1625 1447 1660 δύο,
1462 1627 1487 1654 οῖ
1509 1629 1594 1664 τρεῖς,
1611 1627 1637 1654 o't
1664 1626 1768 1654 τούτων
1791 1625 1914 1660 πλείους,

1090 1673 1116 1699 οὶ
1132 1672 1204 1709 παρὰ
1217 1672 1248 1699 τὸ
1264 1670 1323 1699 δέον
1340 1671 1436 1709 θερμοὶ
1452 1671 1479 1702 ἐς
1498 1671 1593 1709 ὀργὴν,
1610 1671 1636 1698 οἱ
1659 1671 1693 1698 τὰ
1721 1671 1768 1707 μὶν
1800 1670 1826 1701 ις
1858 1669 1916 1707 ἀγά-

1089 1727 1144 1751 πην
1171 1716 1285 1754 ψυχροὶ,
1310 1716 1344 1743 τὰ
1372 1714 1400 1743 δὲ
1428 1715 1455 1746 ἐς
1482 1715 1574 1754 φιλίαν
1607 1716 1714 1752 μήποτε
1739 1715 1784 1742 καὶ
1815 1714 1914 1751 νεκροί’

1091 1761 1170 1798 δέφετέ
1202 1771 1234 1797 με
1264 1763 1312 1798 ζῇν
1340 1761 1384 1788 τὸν
1417 1760 1520 1798 βραχὺν
1554 1760 1665 1798 χρόνον,
1681 1760 1710 1787 ὃν
1729 1758 1916 1797 βιώσομαι,ἢ

1091 1804 1164 1833 ἀλλὰ
1177 1806 1274 1843 τάχιον
1291 1805 1443 1842 ἀπαγάγιτὶ
1469 1815 1514 1841 με.
1527 1807 1576 1832 τοῦ
1606 1804 1677 1842 βίου.
1694 1807 1797 1842 ’Ἄφετε
1825 1807 1916 1841 τηρεῖν

1094 1860 1140 1886 μοι
1164 1851 1214 1884 τήν
1239 1849 1365 1887 πτέρναν,
1383 1848 1486 1880 εἰδότες
1511 1849 1615 1886 καίριον
1639 1849 1706 1876 εἶναι
1734 1848 1773 1880 είς
1805 1846 1916 1884 ὄλεθρον

1091 1894 1207 1933 ἐμφῦναι
1243 1896 1278 1930 τῇ
1315 1892 1415 1932 καρδιᾳ
1451 1893 1497 1921 καὶ
1535 1893 1667 1931 σπαράξαι
1698 1892 1853 1930 σπλάγχνα,
1876 1892 1918 1919 καὶ

1092 1937 1203 1966 λάπτειν
1220 1937 1344 1975 α’ίματος.
1360 1935 1465 1966 Λάϐετε
1478 1938 1546 1966 κατὰ
1568 1940 1643 1974 νοῦν,
1661 1938 1704 1965 δτι
1785 1936 1841 1972 ἤδη
1867 1947 1918 1964 που

1091 1983 1137 2010 καὶ
1153 1982 1216 2010 δέκα
1230 1982 1359 2016 ἐνιαυτοὶ,
1375 1981 1400 2010 ἐν
1419 1983 1460 2014 οἷς
1487 1983 1545 2010 καθ’
1560 1983 1640 2018 ἡμῶν
1665 1981 1814 2013 ἀκονῶντες
1840 1981 1919 2009 ὁδόν-

1092 2038 1139 2059 τας
1158 2027 1274 2064 ὁξύνετε.
1290 2026 1384 2065 Μέχρι
1409 2027 1483 2059 τίνος
1510 2026 1632 2062 ἀνέξεσθε
1655 2026 1727 2054 οὕτω
1750 2027 1918 2063 κάμνοντες;

1095 2070 1165 2101 Ἰδοὺ
1188 2073 1202 2100 ὁ
1229 2072 1296 2109 μετὰ
1317 2071 1363 2099 τὸν
1390 2071 1516 2108 μέγιστον
1542 2070 1682 2106 δικαστὴν,
1705 2071 1751 2099 τὸν
1781 2070 1918 2109 οὐράνιον,

1097 2116 1222 2154 μέγιστος
1255 2115 1280 2144 ἐν
1307 2119 1366 2147 τοῖς
1392 2115 1436 2143 ἰπὶ
1464 2119 1516 2153 γῆς
1543 2115 1637 2143 ἀκτέον
1665 2116 1728 2152 παρ’
1754 2115 1849 2151 ἐκείνῳ
1876 2115 1918 2142 τὸν

1094 2162 1174 2189 κακὸν
1186 2161 1326 2199 ἀρχιερέα,
1343 2161 1388 2188 τὸν
1416 2159 1571 2188 σκύλλοντα
1589 2160 1670 2197 ὑμᾶς,
1684 2160 1731 2188 τὸν
1754 2159 1920 2198 βλάπτοντα,

1093 2207 1139 2234 τὸν
1180 2204 1335 2241 ἀδικοῦντα,
1371 2205 1418 2232 τὸν
1456 2204 1621 2242 ἁρπάζοντα,
1648 2205 1693 2232 τὸν
1734 2206 1803 2232 ἅπαν
1841 2205 1920 2232 κακὸν

1093 2253 1235 2279 ποιοῦντα.
1264 2249 1312 2278 Καὶ
1343 2249 1444 2281 ἐκεῖνος
1475 2249 1643 2287 ἐξαιρήσεται
1672 2250 1703 2276 τὸ
1739 2249 1806 2287 μέγα
1836 2249 1920 2287 πρόσ-

217 2293 402 2328 gradiemini.
419 2294 485 2322 Esto
501 2295 633 2330 quedam
650 2297 678 2323 et
700 2303 734 2323 ex
748 2296 828 2324 vobis
841 2296 944 2331 gratia,
960 2297 1034 2332 quod

1092 2306 1198 2332 κομμα,
1219 2295 1264 2323 καὶ
1295 2295 1373 2332 ὑμεῖς
1406 2295 1472 2333 ὀρθά
1500 2294 1572 2322 οὕτω
1603 2292 1734 2332 βαδίσετε.
1764 2294 1853 2330 Ἔστω
1881 2303 1920 2324 τις

217 2345 252 2364 ex
278 2338 475 2366 Romanorum
504 2341 582 2367 terra
606 2348 658 2376 per
680 2348 731 2368 vos
753 2340 884 2368 deleatur
907 2341 1041 2370 omnium

218 2384 320 2409 auctor
335 2382 479 2410 malorum
505 2383 685 2411 Eustathius.
711 2384 884 2413 Denuntiate
907 2393 964 2421 me,
981 2386 1042 2413 dis-

219 2425 390 2454 simulatum
414 2427 544 2462 malum;
573 2427 698 2457 revelate
725 2438 783 2463 me,
800 2430 957 2466 perniciem
983 2439 1041 2459 non

221 2471 357 2498 omnibus
391 2472 587 2501 manifestam.
619 2474 776 2502 Invenietis
809 2475 935 2510 gratiam
964 2475 1043 2511 apud

219 2513 311 2542 Deum
327 2517 355 2543 et
376 2516 520 2550 homines,
535 2526 569 2546 ex
584 2517 638 2546 hoc
654 2527 736 2546 sacro
759 2518 831 2555 loco,
854 2519 939 2548 illum
955 2528 1042 2556 quem

220 2567 270 2586 vos
283 2559 421 2588 indicatis
437 2561 637 2594 maledictum,
653 2563 828 2591 auferentes.
841 2566 902 2591 Non
918 2572 968 2592 vos
983 2573 1044 2592 om-

220 2612 282 2640 nes,
308 2604 423 2639 fratres,
450 2606 561 2641 pudoro
585 2607 715 2636 afﬁciens
737 2608 800 2636 haec
824 2609 898 2636 dico.
918 2609 1044 2637 Perfecto

219 2648 329 2686 quippe
345 2649 423 2683 novi,
435 2650 512 2678 sicut
528 2652 726 2680 numerabiles
741 2652 886 2686 inimicos,
898 2653 939 2681 sic
954 2653 1043 2681 etiam

218 2696 337 2723 ceteros
359 2694 409 2730 qui
428 2695 529 2730 Deum,
546 2695 594 2731 qui
618 2696 787 2732 Ecclesiam,
810 2697 861 2733 qui
878 2698 1044 2726 sacerdotes

218 2742 327 2774 amant,
352 2748 410 2768 uno
433 2740 533 2777 verbo,
559 2741 610 2777 qui
633 2741 663 2769 in
688 2741 746 2770 Deo
769 2742 874 2771 fratres
896 2741 1042 2778 diligunt;

255 2847 276 2864 ¹⁷
291 2847 368 2877 Psal.
384 2856 464 2884 αιιν,
480 2851 508 2878 8.

1097 2341 1178 2378 χάρις
1193 2340 1237 2367 καὶ
1252 2338 1278 2375 ἐξ
1297 2340 1372 2376 ὑμῶν
1389 2338 1431 2366 ὅτι
1459 2342 1510 2374 τῆς
1531 2337 1682 2375 Ῥωμαΐδος
1703 2337 1738 2366 δι’
1756 2339 1834 2376 ὑμῶν
1848 2339 1920 2374 daa-

1097 2384 1241 2424 λιφήσεται
1269 2384 1283 2412 ὁ
1307 2386 1414 2412 πάντων
1441 2386 1530 2411 κακῶν
1558 2381 1647 2415 αἶ’τιος
1675 2383 1835 2419 Εὖστάθιος.
1861 2384 1918 2411 Ἐκ-

1097 2430 1197 2468 φήνατέ
1214 2439 1257 2465 με,
1273 2429 1304 2456 τὸ
1326 2427 1446 2456 ὕπουλον
1475 2426 1567 2456 κακόν·
1594 2427 1782 2466 ἁνακαλύψατέ
1811 2438 1857 2465 με,
1877 2429 1917 2455 τὸν

1098 2474 1128 2501 οὐ
1144 2472 1295 2508 πασίδηλον
1312 2471 1436 2510 ὄλεθρον.
1453 2473 1589 2511 Εὑρήσετε
1617 2473 1697 2511 χάριν
1726 2473 1800 2511 παρά
1814 2483 1844 2500 τι
1865 2473 1918 2508 Θεῷ

1097 2517 1142 2544 καὶ
1167 2517 1332 2555 ἀνθρώποις,
1358 2516 1542 2556 ἀπαγαγόντις
1577 2515 1686 2545 τοιοῦδε
1719 2517 1806 2545 τόπου
1825 2552 1827 2554 _
1845 2517 1920 2554 ἁγίου

1098 2563 1143 2590 τὸν
1172 2563 1210 2594 ὡς
1239 2563 1316 2599 ὑμεῖς
1344 2561 1448 2600 κρίνετε
1476 2562 1571 2600 ἐναγῆ.
1602 2561 1660 2591 Οὐκ
1687 2561 1822 2599 ἐντρέπων
1854 2562 1919 2599 ὑμᾶς

1099 2608 1226 2643 ἅπαντας,
1252 2606 1274 2634 ὦ
1299 2605 1424 2646 ἀδελφοὶ,
1446 2608 1531 2634 ταῦτα
1556 2606 1640 2644 λέγω.
1665 2604 1846 2644 Ἥκριϐωκὼς
1873 2607 1920 2643 γὰρ

1099 2650 1169 2690 Ῐχω,
1193 2651 1261 2680 καθὰ
1292 2651 1356 2683 τοὺς
1391 2650 1541 2690 μετρητοὺς
1570 2650 1749 2690 φιλέχθρως,
1781 2651 1852 2679 οὕτω
1880 2650 1920 2678 καὶ

1097 2696 1162 2729 τοὺς
1190 2695 1304 2728 λοιποὺς
1334 2696 1489 2734 φιλοθέους,
1509 2695 1577 2729 ,τοὺς
1612 2695 1837 2735 φιλεκκλησίους,
1861 2695 1919 2726 τοὺς

1099 2740 1287 2782 φιλαργιεριῖς
1307 2741 1338 2770 τὸ
1361 2744 1413 2769 πᾶν
1443 2741 1540 2778 ιῒπεῖν,
1555 2739 1619 2772 τοὺς
1642 2739 1667 2768 έν
1701 2743 1759 2777 Θεῷ
1788 2738 1919 2780 φιλαδέλ-
