1992 3158
131 199 192 230 669

636 198 676 228 IN
699 197 731 228 S.
751 197 1092 234 QUADRAGESIMAM
1116 200 1261 231 ORATIO
1283 201 1336 232 III.

1779 203 1839 233 6Ἰο

131 274 200 303 φους
217 273 223 279 ·
250 263 296 294 οὓς
309 263 355 291 καὶ
378 260 496 290 δυσωπῶ
521 262 682 300 ἐπεύχεσθαι
710 264 744 299 τῇ
769 261 849 290 πόλει
873 262 958 300 ταύτῃ

1019 273 1089 301 quos
1102 266 1272 302 suppliciter
1283 267 1430 301 deprecor,
1445 269 1478 294 ut
1497 269 1634 303 exoptent
1643 268 1711 296 huic
1726 267 1837 297 civitati

131 309 166 335 τὰ
183 307 320 345 βελτίονα,
333 306 379 334 ’ἱνα
396 307 434 343 μὴ
458 307 502 334 καὶ
528 306 641 334 ἐνταυθα
664 309 754 334 κακῶν
784 306 888 344 ἀνδρῶν
902 307 960 335 ὀλι-

131 354 231 392 γίστων
275 353 324 381 οὐκ
361 353 399 384 εἰς
438 353 539 390 ἀγαθὸν
577 352 736 380 ἀπολαύωσι
763 353 798 380 τὰ
825 353 956 389 ἡμέτερα.

132 401 191 434 Θεὲ,
210 410 324 436 παναγιε
341 399 463 437 βασιλιῦ,
483 399 527 426 καὶ
554 397 666 436 βασιλεῦ
695 397 765 430 ἔνθεε
782 408 788 415 ’
806 397 957 436 ιπιϐλίψα-

130 455 161 472 τι
176 444 218 483 ἐφ’
242 445 328 481 ᾐμᾶς,
352 444 396 471 καὶ
418 444 644 479 κατασιιομὲνους
671 443 845 480 στερεώσατι,
868 442 914 470 ἳνα
939 442 957 478 ἤ

131 488 159 516 ἐν
175 487 293 527 ἀσφαλεῖ
315 488 479 523 στησώμεθα
501 487 729 525 προφαινόμενοι,
754 484 861 521 ἤάλλὰ
875 497 957 514 κατα-

131 532 261 563 πεσόντες
284 532 431 568 κιισόμεθα
456 531 494 564 εἷς
521 531 678 570 ἀνάγερτον.
706 534 784 559 Δυοῖν
808 532 859 569 γὰρ
881 531 957 563 θάττ-

132 588 192 616 ρον,
209 577 227 612 ἤ
253 576 345 607 καλῶς
370 578 429 614 ζῇν,
444 575 463 611 ἤ
489 577 612 608 τεθνάναι
637 576 741 610 καλῶς,
765 576 893 614 ὶφιάμεθα
911 576 956 604 καὶ

131 621 227 658 ἡμεῖς,
253 621 291 652 ὡς
313 621 452 658 ἄνθρωποι
477 620 523 648 καὶ
551 620 681 657 ἐμπαθεῖς
714 619 759 647 καὶ
788 620 956 657 περιπαθεῖς.

131 667 226 695 Ταῦτα
251 665 347 700 εἰπὼν,
372 665 412 696 οἷς
437 664 486 693 οὐκ
511 663 542 692 ἃν
569 665 641 692 ιΐποι
660 675 702 697 τις
719 665 756 701 μή
772 664 817 692 καὶ
834 663 958 692 διδασκα-

132 708 193 737 λίαν
220 710 326 744 πυκνὴν
355 708 582 746 παρινεσπάρθαι,
614 709 649 744 ἧς
670 707 757 736 ἕνεκεν
782 708 958 747 ὀφειλετικῶς

131 754 247 782 ἐνταῦθα
276 753 495 791 συνηνέχθημεν,
525 754 674 791 σιγήσομαι
699 755 748 780 τοῖ’)
771 752 882 788 λοιποῦ,
905 751 957 784 ἕως

131 798 162 826 ἄν
177 798 204 836 ἐξ
222 799 298 835 ὑμῶν
329 798 445 835 μάθοιμι
468 798 668 835 ἀποφαντικῶς,
689 797 752 825 ὅποι
778 800 833 825 τῶν
850 801 958 835 ῆρωτη-

134 843 224 880 μενων
264 841 356 869 τόπων
396 841 555 878 κατατάξετι
593 842 678 878 ἡμᾶς,
716 841 780 873 τοὺς
812 839 879 873 ἴσως
909 842 957 878 μὲν

134 887 260 925 χρείους,
289 886 357 914 καθά
370 897 413 917 τις
431 883 481 925 ἔφη
496 886 591 924 σοφὸς,
606 885 672 917 ἴσως
689 884 719 913 δὲ
733 886 872 924 ἀχρείους.
890 885 958 914 Τότε

1014 310 1144 343 meliora,
1162 319 1198 338 ne
1213 311 1259 338 hic
1274 320 1388 347 quoque
1411 320 1445 339 ex
1469 312 1657 348 paucissimis
1680 313 1766 341 malis
1782 313 1836 340 ho-

1014 355 1144 382 minibus
1172 363 1218 383 res
1248 359 1352 383 nostrae
1380 356 1560 392 afﬂigantur.
1592 360 1677 392 Deus,
1707 358 1835 385 sanctis-

1013 400 1088 426 sime
1104 408 1161 431 rex,
1179 403 1206 427 et
1223 409 1273 427 rex
1288 401 1396 435 divine,
1413 401 1442 428 in
1459 410 1512 428 nos
1535 402 1660 437 aspicias
1681 405 1709 429 et
1733 403 1837 430 robora

1013 451 1182 479 concussos,
1199 447 1231 471 ut
1246 445 1289 472 vel
1311 445 1341 472 in
1357 447 1406 473 tuo
1424 445 1570 473 manifesti
1597 449 1776 479 constemus,
1793 446 1837 474 vel

1013 490 1168 524 postquam
1184 489 1420 522 ceciderimus,in
1438 490 1533 525 quiete
1545 491 1754 525 jaceamus.Ex
1768 491 1837 518 duo-

1013 533 1068 559 bus
1093 541 1196 565 unum,
1212 533 1255 560 vel
1282 533 1403 569 pulchre
1427 533 1532 567 vivere,
1547 534 1591 562 vel
1617 534 1737 570 pulchre
1762 534 1835 562 mori

1013 576 1214 604 desideramus
1229 580 1258 605 et
1272 586 1337 611 nos,
1352 580 1493 614 tanquam
1511 579 1646 606 homines
1664 578 1774 606 turbidi
1789 586 1837 606 ve-

1013 621 1220 657 hementerque
1244 622 1393 657 exagitati.
1412 622 1463 650 His
1485 622 1581 657 dictis,
1597 623 1704 658 quibus
1720 631 1777 650 non
1794 623 1837 650 di-

1012 666 1086 693 xerit
1109 665 1215 702 aliquis
1239 675 1295 694 non
1320 667 1441 694 densam
1463 667 1656 695 intermisceri
1673 667 1837 695 doctrinam

1012 712 1131 745 propter
1146 719 1233 746 quam
1252 711 1363 739 utiliter
1377 711 1424 739 hic
1436 719 1538 739 sumus
1553 711 1772 747 congregati,de
1786 719 1838 738 cae-

1011 757 1073 782 tero
1089 763 1167 782 nunc
1190 755 1303 790 tacebo,
1318 756 1410 783 donec
1425 763 1460 782 ex
1482 755 1564 783 vobis
1589 758 1688 791 aperte
1712 755 1837 786 discam,

1012 806 1070 834 quo
1100 799 1316 834 propositorum
1345 800 1476 828 locorum
1505 800 1648 828 ordinatis
1676 808 1741 833 nos,
1765 799 1838 827 forte

1013 843 1131 879 quidem
1147 844 1244 877 utiles,
1261 846 1294 872 ut
1308 845 1373 880 quis
1388 845 1430 872 ait
1443 844 1571 880 sapiens,
1589 845 1662 872 forte
1686 852 1753 872 vero
1768 843 1838 871 inu-

1011 888 1088 916 tiles.
1102 888 1253 924 Postquam
1270 891 1368 916 autem
1385 889 1595 922 audiverimus,
1612 889 1779 924 loquemur,
1795 887 1839 915 vel

125 930 163 959 ’δὶ
190 931 349 962 ἀκούσαντες
373 930 532 967 λαλήσομεν
556 929 575 965 ἤ
596 931 793 968 πιριισμὲνως,
817 929 834 965 ἤ
857 929 960 970 ἀφειδὲ-

1019 940 1111 968 parce,
1126 932 1170 960 vel
1186 933 1285 961 minus
1300 933 1430 961 remisse.

134 986 241 1013 στερον.

174 1031 231 1068 μγ’.
248 1031 296 1066 Τῷ
311 1028 379 1061 τέως
405 1030 434 1058 δὶ
448 1030 581 1069 ἀναφωνῶ
601 1030 723 1065 συνήθως
740 1029 803 1067 ὖμῖν
820 1027 960 1057 διασκευά-

137 1075 230 1109 ζεσθαι
258 1075 326 1112 πρὸς
353 1074 399 1102 τὸν
435 1073 545 1102 ἐπιόντα
581 1077 633 1109 τῆς
658 1074 783 1110 νηστείας
812 1073 958 1112 ἁγιασμόν,

134 1119 196 1146 καθ’
224 1117 299 1150 οἴους
330 1118 449 1156 τρόπους
472 1118 556 1154 κόλαξ
585 1118 719 1155 ὑπιθὲμην
743 1119 818 1155 ὑμῖν,
835 1118 889 1146 Οὐκ
902 1115 960 1156 ἔχω

134 1164 186 1201 γάρ
215 1173 242 1190 τι
272 1162 379 1190 ἐκείνων
416 1163 515 1201 φράσαι
543 1162 658 1191 κάλλιον
691 1161 710 1197 ἤ
746 1160 933 1200 ἀκριϐέστερον
952 1173 959 1180 ·

135 1206 245 1245 ἄρτυμα
272 1206 301 1235 δὲ
325 1205 394 1235 ἔστω
422 1208 485 1244 ὑμῖν
520 1209 568 1235 τοῦ
607 1208 749 1245 θιαρὲστου
774 1207 960 1244 νηστεύματος

139 1252 178 1289 μή
197 1251 281 1289 μόνον
303 1253 321 1287 ἡ
348 1251 502 1290 ὀλιγοσιτία
528 1251 572 1279 καὶ
597 1252 629 1279 τὸ
658 1251 795 1290 ἰγκρατῶς
817 1250 960 1290 αὔταρκες,

134 1296 169 1324 τὰ
192 1299 253 1327 τοῖς
277 1295 400 1323 πλείοσιν
425 1295 540 1334 εὐχερῆ,
558 1295 631 1324 ἀλλὰ
655 1295 700 1323 καὶ
717 1295 834 1333 μάλιστα
856 1297 870 1323 ὁ
892 1297 960 1332 πρὸς

133 1341 200 1372 τοὺς
217 1339 362 1377 δεομένους
378 1339 454 1372 ἔλεος
479 1341 494 1368 ό
519 1340 586 1368 κατᾶ
610 1339 723 1377 δύναμιν
738 1349 746 1358 ·
762 1341 790 1368 ’ὁν
808 1339 865 1368 οὐδ’
880 1341 960 1369 αὐτὸν

135 1386 383 1423 ἀποπροσποιεῖται
408 1386 595 1423 ὁ⁴πάγκοινος
619 1385 745 1422 ἐλεήμων
769 1386 845 1422 Θεὸς,
870 1386 919 1414 οὐκ
934 1386 960 1414 ἐν

134 1432 176 1466 τῷ
197 1428 299 1465 πολλῷ
324 1428 400 1466 μόνῳ
422 1429 454 1456 τὸ
480 1429 548 1466 μέγα
569 1432 621 1464 τῆς
645 1427 834 1466 ἐλεημοσύνης
857 1430 962 1468 τιθέμε-

135 1485 194 1508 νος,
211 1473 286 1501 ἀλλὰ
312 1473 357 1502 καὶ
381 1473 408 1501 ἐν
431 1476 471 1510 τῷ
495 1473 580 1512 ὀλίγῳ
603 1476 643 1510 τῷ
666 1475 733 1501 κατὰ
757 1474 848 1512 ἰσχὺν,
873 1475 918 1502 καὶ
934 1475 960 1504 ἐν

136 1519 211 1555 αὖτῷ
226 1517 255 1546 δὲ
270 1521 310 1555 τῷ
333 1518 477 1556 ὀλιγίστῳ,
502 1518 524 1546 εἰ
549 1518 593 1546 καὶ
627 1518 692 1546 αὐτὸ
722 1518 826 1557 ἷλαρῶς
839 1519 885 1546 καὶ
903 1518 962 1547 δια-

137 1565 268 1602 κριτικῶς
294 1562 409 1592 δίδοται.
430 1564 465 1592 ⁸0
489 1562 518 1591 δὲ
546 1562 571 1591 ἐν
592 1565 651 1594 τοῖς
666 1563 805 1596 τοιούτοις
821 1563 858 1595 εἷς
875 1564 961 1592 νόστι-

139 1619 190 1647 μον
205 1607 275 1640 ἔλας
290 1608 437 1646 λογίζεται,
455 1607 520 1645 μηδ’
535 1609 601 1636 αὐτὸ
614 1607 774 1637 ἐλλειπὲτω.

176 1661 231 1699 μδ’.
261 1663 337 1690 Ἐστι
366 1661 396 1690 δὶ
419 1661 506 1690 ἐκεῖνο
529 1663 546 1697 ἡ
573 1661 674 1700 ἀγάπη,
697 1662 728 1690 τὸ
743 1661 788 1690 καὶ
804 1661 961 1696 εὐπόριστον

138 1707 252 1745 ἀγαθὸν,
281 1705 356 1745 εἷ’περ
385 1706 515 1744 ἐθέλομεν
548 1705 710 1735 ἀναϐλέπειν
744 1707 788 1735 καὶ
822 1706 963 1747 ψηλαφᾷν,

138 1753 183 1780 καὶ
208 1750 398 1789 δυσπόριστον,
428 1749 483 1789 sil-ys
509 1751 683 1788 καταμύομεν
711 1751 756 1778 καὶ
783 1751 962 1789 διερευνώμε-

139 1797 173 1823 Θα
191 1805 197 1812 ·
211 1795 274 1832 περὶ
291 1795 325 1830 ἦς
351 1794 471 1833 μυρίους’
488 1794 567 1827 ὅσους
596 1796 695 1834 Λόγους
715 1795 835 1834 χέαντες,
859 1796 908 1824 οὐκ
923 1796 962 1824 οἴ-

139 1839 183 1876 δα,
199 1839 274 1877 εἴπερ
298 1840 346 1871 τὰς
371 1839 409 1872 εἰς
433 1838 524 1878 φιλίαν
551 1840 692 1878 ἀτέγκτους
722 1840 817 1878 ψμχὰς
848 1840 964 1880 ὑγράνα-

141 1895 202 1922 μεν,
226 1884 272 1912 καὶ
297 1884 335 1916 εἰς
359 1883 495 1924 κάρπιμον
524 1883 706 1922 διηνοίξαμεν.
729 1885 836 1921 Ταύτης
860 1885 965 1914 ἐπιλει-

139 1929 258 1965 πούσης,
303 1930 391 1966 μάτην
434 1930 590 1966 πονήσομεν
627 1930 673 1958 καὶ
709 1930 881 1968 εὐχόμενοι,
919 1931 964 1958 καὶ

141 1974 330 2010 νηστεύοντες,
359 1974 405 2002 καὶ
434 1977 654 2013 γονυπετοῦντες,
682 1975 727 2003 καὶ
755 1976 965 2014 ἀγρυπνοῦντες,

139 2018 186 2047 καὶ
211 2015 287 2047 ἔλεον
308 2015 545 2056 προϐεϐλημένοι,
575 2019 619 2047 καὶ
649 2018 751 2057 δάκρυα
776 2019 940 2058 προχέοντες
956 2030 963 2037 ·

143 2062 175 2091 οὗ
199 2063 252 2102 γὰρ
274 2061 304 2090 ἂν
321 2063 364 2099 εἴη
390 2063 436 2091 τὸν
459 2063 535 2100 Θιδν,
559 2064 609 2099 τήν
640 2063 826 2101 αὖτοαγάπην,
849 2063 964 2102 προσδέ-

142 2107 237 2143 ξασθαί
260 2118 285 2135 τι
312 2107 343 2136 ἐκ
369 2110 423 2136 τῶν
451 2108 500 2142 τήν
533 2108 640 2146 ἀγάπην
670 2107 890 2145 ἐξουθενούντων,
920 2110 965 2136 καὶ

140 2152 214 2181 οὕτω
244 2153 503 2190 κατανωτιζομὲνων
527 2154 572 2181 καὶ
595 2154 645 2188 τὴν
661 2153 688 2189 ἐξ
706 2153 810 2181 ἐκείνου
827 2153 963 2192 βοήθειαν.

141 2197 266 2236 Πονηροὶ
285 2198 311 2225 οἱ
330 2199 371 2235 μὴ
389 2197 553 2236 ¹ἀγαπῶντες
570 2208 576 2214 ·
602 2199 739 2236 πονηροὺς
754 2197 783 2226 δὶ
796 2198 810 2225 ὁ
826 2198 919 2238 φίλιος
934 2198 965 2226 οὐ

140 2241 294 2280 προσίεται.
310 2241 418 2271 Ἀδικοι
435 2243 460 2270 οἳ
487 2243 526 2280 μὴ
549 2243 707 2281 ἀγαπῶντες
725 2252 732 2260 ’
748 2241 853 2275 ἀδίκοις
873 2242 902 2271 δὲ
917 2243 966 2271 οὐκ

140 2286 294 2323 ἐπιλάμπει
315 2287 329 2314 ὁ
355 2290 405 2322 τῆς
431 2286 615 2322 δικαίοιτύν-ης¹
631 2286 723 2322 ἥλιος.
753 2287 836 2317 Οὖδὶν
868 2288 965 2326 ἀγαθὸν

139 2331 217 2369 παρὰ
237 2333 296 2364 τοῖς
323 2331 361 2368 μὴ
388 2332 527 2370 ἀγαπῶσιν
546 2343 552 2349 ·
578 2332 592 2359 ὁ
619 2330 648 2359 δὶ
672 2332 738 2364 Θεὸς
758 2333 864 2371 ἀγαθῶν
881 2333 965 2361 ἀπάθ-

139 2386 195 2404 των
211 2375 310 2407 αἴτιος.
323 2376 458 2404 Κοινωνία
473 2375 519 2404 οὖν
533 2375 647 2413 οὐδεμία
667 2379 725 2408 τοῖς
749 2377 886 2410 τοιούτοις
897 2378 966 2415 πρὸς

138 2421 187 2448 τὸν
214 2420 290 2450 Θεόν.
320 2421 491 2457 Βοηθητικὸν
517 2423 534 2456 ἡ
560 2421 661 2460 ἀγάπη,
683 2421 832 2459 ἐπικουρεῖ,
858 2433 966 2460 συμμα-

140 2467 199 2503 χεῖ,
224 2466 335 2503 θερμῶς
368 2465 521 2505 ὑπερπενεῖ.
557 2469 681 2494 Πονεῖται
719 2466 869 2505 ὁλοψύχως
900 2467 966 2506 ὑπὲρ

139 2512 195 2538 τῶν
212 2510 415 2548 ἀγαπωμένων.
431 2511 475 2539 καὶ
498 2512 549 2546 τὴν
571 2511 664 2550 ψυχὴν
681 2511 763 2540 αὑτοῦ
774 2512 881 2548 τίθησιν
900 2512 966 2551 ὑπὲρ

140 2554 230 2583 adtth
246 2564 252 2572 '
270 2555 357 2583 πάντα
377 2556 488 2594 πάσχει,
514 2555 601 2584 πάντα
625 2559 708 2591 ποιεῖ,
735 2557 824 2585 πάντα
839 2557 966 2595 ὑπομένει

141 2600 156 2627 ὁ
174 2600 297 2638 ἀγαπῶν.

179 2690 230 2726 με’.
244 2689 278 2718 Τί
293 2689 323 2718 ’ἂν
337 2689 460 2730 ὠφελοίη
478 2692 543 2727 ζῶν,
558 2688 577 2726 ἤ
591 2689 634 2722 τίς
653 2690 735 2718 αὐτοῦ
749 2690 830 2729 χρεία
844 2689 869 2718 ἐν
889 2691 941 2729 βίῳ
957 2701 965 2728 ;

141 2735 237 2772 Ὁρᾶτε
252 2734 320 2773 πρὸς
335 2735 366 2763 τὸ
392 2735 438 2763 καὶ
462 2737 571 2774 πρῶτον
595 2735 639 2763 καὶ
670 2735 751 2772 μόνον
776 2736 823 2763 καὶ
838 2736 965 2774 μέγιστον

143 2777 171 2805 ἰν
185 2781 243 2810 τοῖς
261 2777 327 2817 ιᾶρτι
351 2778 539 2818 παράδιιγμα,
564 2779 610 2808 τὸν
638 2779 834 2818 αὐτοκράτορα,
854 2779 883 2811 ’ὸς
898 2779 965 2819 ἄγα.

143 2823 264 2851 πῶνντὸν
278 2823 394 2862 κόσμον,
419 2824 464 2853 οἶα
488 2824 534 2852 καὶ
557 2824 596 2857 εἷς
619 2824 768 2863 θεὸναὸτῷ
783 2824 966 2863 ἰπικεκλημὲ-

145 2877 191 2900 νος
209 2868 287 2906 μετὰ
309 2869 365 2898 τὸνν
390 2869 597 2909 ὑπιρουπάνιον,
637 2869 729 2899 οὐσίαν
759 2869 850 2910 ὥσπερ
879 2870 966 2908 ἑαυτῷ

1050 1031 1094 1058 43.
1113 1031 1270 1067 Hucusque
1294 1039 1360 1059 vero
1385 1031 1420 1059 de
1444 1038 1525 1058 more
1548 1030 1673 1067 praedico
1694 1030 1788 1065 vobis,
1806 1031 1838 1057 ut

1015 1075 1219 1111 praeparamini
1234 1075 1268 1103 ad
1286 1075 1443 1103 instantem
1451 1076 1558 1111 jejunii
1575 1074 1837 1103 sanctificationem

1015 1119 1074 1147 illis
1090 1119 1195 1152 modis,
1211 1120 1294 1155 queis
1308 1119 1391 1147 vobis
1415 1120 1549 1147 adulator
1572 1119 1743 1155 suppositus
1759 1126 1837 1146 sum.

1015 1164 1076 1192 Non
1093 1164 1171 1192 enim
1187 1164 1280 1192 habeo
1295 1164 1390 1192 dicere
1414 1164 1575 1200 quidquam
1590 1163 1650 1192 illis
1672 1163 1778 1191 melius
1793 1162 1839 1190 vel

1015 1209 1181 1244 perfectius.
1198 1208 1241 1236 Sit
1265 1211 1361 1236 autem
1378 1208 1460 1236 vobis
1480 1208 1587 1244 jejunii
1612 1210 1669 1236 Deo
1695 1208 1838 1244 placentis

1015 1253 1236 1281 condimentum
1260 1261 1317 1281 non
1343 1253 1437 1281 solum
1465 1253 1520 1281 cibi
1548 1253 1685 1289 parcitas,
1701 1255 1729 1280 et
1752 1253 1839 1280 ﬂrma

1015 1297 1218 1333 temperantia,
1244 1306 1308 1334 quae
1332 1297 1480 1334 plerisque
1510 1298 1606 1326 facilia
1634 1299 1713 1331 sunt,
1730 1298 1780 1325 sed
1811 1299 1840 1325 et

1016 1341 1142 1370 maxime
1169 1350 1239 1377 erga
1261 1350 1403 1378 pauperes
1431 1342 1631 1370 misericordia
1655 1342 1741 1378 juxta
1764 1342 1839 1370 vires

1016 1386 1159 1421 exercita;
1177 1394 1265 1422 quam
1281 1394 1333 1414 nec
1348 1386 1442 1422 ipsam
1459 1386 1576 1422 abjiciet
1591 1386 1722 1414 omnium
1750 1386 1839 1414 mise-

1017 1433 1096 1459 rator
1112 1434 1196 1466 Deus,
1210 1431 1258 1466 qui
1276 1439 1332 1459 non
1349 1431 1444 1459 solum
1461 1432 1543 1467 ponit
1558 1431 1587 1458 in
1605 1431 1698 1459 multo
1714 1430 1839 1458 eleemo-

1017 1484 1093 1512 synsa
1110 1475 1352 1511 magnitudinem,
1369 1476 1420 1503 sed
1445 1476 1532 1504 etiam
1555 1476 1585 1503 in
1611 1484 1704 1512 pauco
1727 1475 1839 1502 viribus

1016 1520 1220 1555 respondente,
1236 1520 1285 1548 sed
1302 1522 1330 1547 et
1344 1520 1373 1547 in
1394 1519 1458 1556 ipso
1474 1520 1663 1556 paucissimo,
1679 1520 1704 1547 si
1724 1519 1778 1547 hoc
1792 1519 1839 1554 ip-

1017 1573 1082 1592 sum
1100 1564 1230 1592 hilariter
1245 1566 1273 1592 et
1288 1564 1411 1593 discreta
1427 1565 1520 1592 detur.
1539 1565 1620 1598 Quod
1636 1566 1733 1592 autem
1749 1563 1778 1590 in
1792 1563 1838 1590 his

1019 1608 1090 1636 utile
1105 1609 1148 1637 sal
1163 1611 1325 1645 reputatur,
1341 1617 1394 1637 nec
1409 1609 1506 1645 ipsum
1523 1609 1607 1637 desit.

1055 1663 1099 1691 44.
1115 1663 1166 1691 Est
1189 1665 1286 1691 autem
1301 1663 1380 1691 istud
1404 1662 1539 1697 charitas,
1556 1663 1663 1699 adeptu
1680 1661 1764 1690 facile
1788 1662 1840 1690 bo-

1019 1716 1100 1742 num,
1117 1708 1275 1736 dummodo
1288 1707 1412 1735 velimus
1427 1716 1547 1735 sursum
1571 1708 1701 1743 aspicere
1717 1709 1745 1735 et
1760 1715 1841 1743 qum-

1019 1761 1091 1786 rere,
1105 1752 1224 1780 difﬁcile
1247 1761 1315 1781 vero
1337 1752 1457 1780 inventu
1487 1752 1509 1780 si
1539 1752 1712 1780 claudamus
1741 1751 1840 1780 oculos

1019 1800 1048 1825 et
1062 1797 1297 1833 inquiramus,de
1313 1806 1370 1833 qua
1385 1806 1452 1825 cum
1468 1796 1548 1825 mille
1564 1805 1711 1825 sermones
1727 1796 1841 1824 infude-

1019 1842 1122 1875 rimus,
1137 1842 1235 1870 nescio
1262 1851 1298 1870 an
1326 1842 1422 1870 aridas
1448 1842 1484 1870 ad
1513 1841 1698 1870 dilectionem
1728 1840 1841 1868 animas

1020 1887 1274 1922 madefecerimus,
1290 1888 1319 1914 et
1328 1886 1364 1914 ad
1390 1886 1643 1914 fructificationem
1659 1885 1840 1922 aperuimus.

1019 1932 1078 1960 Ista
1090 1931 1406 1968 praetermissaﬂrustra
1416 1931 1616 1959 laborabimus
1629 1932 1746 1959 orantes
1761 1930 1844 1965 etje-

1016 1976 1167 2012 junantes,
1184 1978 1212 2003 et
1226 1975 1467 2012 genuﬂectuntes,
1484 1977 1513 2003 et
1536 1975 1700 2012 vigilantes,
1716 1977 1744 2002 et
1758 1974 1843 2002 mise-

1020 2020 1176 2048 ricordiam
1192 2022 1368 2054 exercentes,
1384 2021 1412 2048 et
1432 2019 1576 2056 lacrymas
1592 2020 1748 2047 fundentes
1764 2027 1770 2046 :
1787 2019 1842 2046 im-

1020 2065 1159 2101 possibile
1185 2065 1263 2092 enim
1279 2067 1333 2099 est,
1350 2065 1427 2100 quod
1443 2065 1531 2098 Deus,
1548 2064 1612 2100 ipsa
1633 2063 1770 2097 charitas,
1786 2063 1842 2091 ali-

1020 2109 1090 2145 quid
1114 2109 1239 2145 accipiat
1253 2117 1285 2137 ex
1295 2109 1341 2136 his
1362 2109 1412 2144 qui
1437 2109 1609 2136 charitatem
1627 2107 1843 2144 parvipendunt

1020 2155 1049 2181 et
1063 2153 1105 2181 sic
1121 2153 1263 2181 auxilium
1288 2161 1322 2180 ex
1338 2153 1386 2181 illo
1402 2155 1604 2181 contemnunt.
1621 2152 1689 2180 Mali
1707 2154 1777 2180 sunt
1792 2151 1842 2187 qui

1021 2206 1078 2225 non
1107 2197 1216 2226 habent
1239 2197 1412 2226 charitatem
1429 2207 1435 2232 ;
1453 2198 1544 2226 malos
1572 2200 1671 2226 autem
1698 2199 1843 2233 protector

1020 2241 1184 2270 dilectionis
1208 2241 1331 2279 benigne
1356 2250 1413 2270 non
1430 2242 1626 2278 prosequitur.
1642 2241 1748 2277 Injusti
1774 2243 1845 2269 sunt

1022 2296 1079 2315 non
1095 2289 1242 2315 amantes:
1257 2287 1378 2323 injustis
1401 2290 1498 2314 autem
1512 2295 1569 2314 non
1585 2285 1729 2314 illucescit
1739 2285 1782 2314 sol
1793 2285 1843 2322 ju-

1022 2331 1117 2360 stitiaa.
1134 2331 1212 2359 Nihil
1235 2332 1305 2360 boni
1327 2331 1406 2359 venit
1427 2340 1444 2359 a
1465 2340 1523 2359 non
1547 2331 1725 2359 habentibus
1749 2330 1844 2358 chari-

1020 2379 1110 2405 tatem
1124 2385 1130 2405 :
1159 2377 1233 2404 Deus
1248 2378 1346 2404 autem
1362 2376 1495 2404 omnium
1517 2376 1661 2404 bonorum
1675 2378 1719 2403 est
1732 2377 1843 2404 auctor.

1021 2421 1207 2458 Nullaigitur
1216 2421 1325 2449 talibus
1336 2422 1373 2449 ad
1397 2421 1489 2449 Deum
1514 2424 1559 2449 est
1574 2420 1767 2457 participatio.
1783 2423 1843 2448 Au-

1022 2466 1149 2495 xiliatrix
1163 2469 1208 2495 est
1222 2466 1359 2500 charitas,
1375 2466 1530 2500 succurrit,
1548 2465 1578 2493 in
1594 2474 1693 2502 pugna
1713 2466 1844 2502 adjuvat,

1022 2512 1164 2540 ferventer
1187 2511 1353 2539 collaborat.
1380 2511 1419 2538 Ex
1441 2510 1539 2539 animo
1565 2511 1703 2546 fatigatur
1728 2513 1846 2547 propter

1022 2556 1143 2585 dilectos
1166 2558 1196 2584 et
1218 2556 1345 2584 animam
1362 2564 1447 2584 suam
1462 2564 1514 2592 pro
1535 2556 1609 2592 ipsis
1625 2556 1706 2592 ponit
1723 2565 1729 2584 :
1746 2556 1845 2584 omnia

1022 2602 1135 2636 suffert,
1157 2601 1256 2629 omnia
1279 2600 1357 2634 facit,
1373 2600 1472 2628 omnia
1496 2601 1623 2629 sustinet
1647 2601 1697 2638 qui
1722 2600 1846 2629 charito-

1021 2649 1080 2676 tem
1095 2647 1191 2675 habet.

1057 2692 1101 2719 45.
1118 2691 1192 2725 Quid
1206 2691 1306 2720 vivens
1322 2692 1485 2727 prodesset,
1499 2692 1544 2720 vel
1560 2693 1639 2728 quod
1661 2691 1743 2718 illius
1768 2690 1846 2717 esset

1020 2737 1050 2765 in
1066 2736 1126 2764 vita
1146 2737 1332 2764 commodum
1345 2736 1360 2764 ?
1381 2737 1537 2765 Intuemini
1562 2736 1690 2773 primum
1704 2736 1733 2762 et
1748 2733 1845 2762 solum

1021 2784 1050 2810 et
1061 2781 1225 2811 maximum
1241 2780 1359 2809 illorum
1375 2781 1426 2818 qui
1442 2790 1520 2810 nunc
1531 2783 1602 2809 sunt
1616 2779 1775 2816 exemplar,
1791 2781 1844 2807 Do-

1021 2827 1135 2855 minum
1147 2826 1391 2863 omnipotentem,
1406 2827 1456 2864 qui
1471 2826 1598 2862 diligens
1613 2824 1768 2859 mundum,
1783 2827 1846 2852 tan-

1021 2879 1110 2908 quam
1136 2872 1201 2908 ipse
1224 2871 1297 2900 deus
1321 2873 1388 2908 post
1412 2869 1651 2908 superomlestem
1676 2869 1847 2906 deputatus,
