1992 3158
213 191 268 220 671

600 188 810 219 EUS’I‘A‘THI!
834 187 883 217 ΤΗ
892 183 1214 216 ESSALONIGENSIS
1237 181 1530 214 METROPOLITE
1827 180 1874 209 612

215 255 300 292 quasi
315 255 510 283 substantiam
525 254 579 282 sibi
597 263 648 290 pro
666 254 749 282 nobis
765 254 880 282 labores
896 251 1034 287 assignat,

1096 249 1153 280 τοὺς
1180 249 1246 287 ὑπὲρ
1272 249 1353 285 ἡμῶν
1377 247 1477 279 πόνους
1503 247 1621 284 ὁρζεται,
1639 244 1682 272 καὶ
1704 243 1740 275 εἲς
1761 245 1829 272 τοῦτο
1841 255 1878 281 γε-

213 304 241 329 et
255 301 290 328 ad
307 299 362 328 hoc
384 307 412 327 se
423 299 538 334 judicat
555 301 668 332 natum,
684 302 712 326 et
733 307 785 334 pro
801 298 910 326 mundo
926 297 1037 324 laboret

212 348 240 372 et
254 345 370 373 labores
396 344 451 372 sibi
476 352 533 371 non
559 343 711 371 obstacula
731 343 840 370 faciant
861 351 912 378 per
935 341 1035 374 vitam,

213 398 308 425 neque
323 390 479 424 die,neque
495 391 588 422 nocte,
606 396 698 423 neque
714 387 933 423 hyeme,ipsum
948 386 1035 414 etiam

212 434 366 461 humorem
381 433 410 460 in
435 433 574 460 membris
590 432 767 460 animalibus
791 431 971 467 congelante,
987 439 1036 458 ne-

214 486 270 513 que
286 480 383 505 aestate
405 480 523 511 urente;
541 477 583 504 ita
599 480 631 504 ut
645 477 764 504 difﬁcile
781 477 818 504 sit
833 477 929 504 videre
952 475 1036 502 illum

214 523 250 550 de
265 522 431 549 actionibus
447 530 498 558 pro
514 522 598 549 nobis
613 521 696 549 factis
712 521 805 548 otium
821 522 1036 556 agentem,nou

215 567 279 594 dico
308 567 343 594 ad
373 567 592 602 quiescendum,
622 566 671 594 sed
700 566 789 593 etiam
818 566 854 592 ad
883 564 1035 600 paululum

213 611 427 647 respirandum.
444 611 514 638 Ecce
537 611 615 638 enim
631 611 718 638 modo
742 619 794 638 nos
814 609 917 646 hyeme
940 608 1036 637 inclu-

214 657 301 684 debat
314 655 342 682 in
369 656 471 683 domos
495 657 637 691 tauquam
666 655 697 682 in
727 654 918 682 latibulorum
942 661 1036 681 reces-

214 709 265 728 sus
293 701 460 736 impellens,
477 703 506 728 et
532 701 747 736 unusquisque,
775 700 853 728 velut
878 700 934 727 sub
964 699 1037 727 Tar-

212 747 276 773 taro
292 747 413 778 stantes,
429 744 518 781 gelidi
533 745 724 781 degebamus,
743 746 771 772 et
786 749 899 780 torpore
915 744 1037 771 vexaba-

215 798 301 822 mur;
316 797 369 817 nos
385 790 472 816 etiam
490 789 604 824 pigebat
618 788 759 816 inclinare
774 791 863 824 caput
877 789 912 816 ad
930 796 1035 822 aerem,

215 836 248 860 ut
262 833 302 860 ita
317 833 424 865 dicam,
445 833 651 866 domesticum,
668 833 718 868 qui
742 832 877 860 circumit
901 832 993 865 atria;
1010 833 1039 859 et

217 879 277 904 arte
293 878 519 905 conﬁciebamus
540 886 651 905 nmmna
668 878 774 913 pedum
795 876 954 910 involucra,
970 884 1036 904 ene-

217 921 368 956 midesque
392 921 568 954 luxuriosas,
584 924 612 949 et
635 922 757 949 vestitus
771 921 928 949 velleribus
952 929 1038 948 onus-
1053 926 1078 959 Β

215 967 270 992 tos.
307 965 388 993 Multi
430 974 496 993 vero
537 965 651 993 dulcem
695 966 882 993 enutriebant
925 965 1034 1001 ignem,

215 1017 267 1045 per
294 1018 379 1044 quem
409 1010 444 1037 ab
474 1010 603 1038 humano
633 1018 753 1046 corpore
782 1008 914 1046 hyemale
944 1009 1036 1045 frigus

216 1054 405 1089 ejiciebatur;
423 1055 538 1082 mollior
561 1057 659 1083 autem
684 1055 720 1082 ad
736 1054 809 1082 tales
835 1054 968 1082 ferendas
984 1054 1038 1081 im-

215 1099 391 1134 pressiones,
412 1099 442 1126 in
473 1099 567 1127 balnei
593 1099 689 1127 calore
714 1100 893 1127 consistebat
920 1099 955 1126 ad
984 1098 1037 1126 fri-

215 1151 271 1180 gus
285 1144 412 1171 exterius
427 1145 639 1172 circumdatum
654 1144 758 1180 mquali
773 1144 799 1172 vi
812 1143 1035 1172 devincendum.

217 1189 250 1216 Et
264 1188 373 1216 talibus
389 1188 508 1224 quidem
523 1189 686 1217 rationibus
702 1189 777 1216 aeris
792 1189 975 1217 severitatem
991 1196 1036 1216 re-

217 1232 409 1268 pellebamus.
441 1233 610 1261 Dominator
639 1237 748 1266 autem,
770 1236 904 1261 assuetus
927 1233 990 1268 jam
1020 1241 1038 1260 a

218 1285 324 1313 magno
350 1280 378 1305 et
393 1286 410 1304 a
425 1286 511 1313 parvo
537 1280 602 1314 post
625 1277 775 1306 inl‘antiles
798 1278 903 1306 fascias
927 1278 1037 1305 talibus

217 1322 367 1350 horrorem
392 1323 640 1358 imprimentibus,
657 1325 694 1356 et,
720 1322 808 1350 veluti
837 1323 903 1358 quis
927 1323 1037 1350 urbane

216 1367 334 1400 diceret,
347 1366 515 1402 jamdulum
534 1368 612 1395 frons
636 1369 698 1403 ipse
712 1370 792 1395 totus
808 1375 872 1395 esse
894 1367 990 1395 sciens
1007 1367 1036 1394 in

216 1411 262 1438 his
278 1420 342 1446 quae
358 1414 490 1447 spectant
505 1413 539 1439 ad
556 1414 738 1439 constantem
754 1412 988 1440 exercitationem
1000 1411 1037 1439 ad

217 1456 404 1490 perferendas
420 1457 491 1484 tales
507 1457 582 1484 aeris
597 1456 851 1492 injurias,quando
866 1456 1036 1483 constantiae

218 1504 331 1535 tempus
345 1501 471 1535 advenit,
487 1501 560 1528 nibil
585 1501 785 1529 circumdatus
805 1503 856 1529 aut
879 1499 1038 1537 prmmuni-

217 1547 275 1580 tus,
293 1547 395 1582 praeter
423 1548 525 1573 aestum
549 1546 584 1574 ad
610 1546 761 1582 quodlibet
788 1555 862 1582 opus
890 1554 941 1582 pro
971 1546 1037 1579 Deo,

216 1590 370 1626 zelumque
393 1599 450 1626 quo
467 1591 594 1619 fervebat
616 1592 651 1618 ad
673 1591 768 1626 illum,
786 1591 856 1618 adeo
881 1593 913 1618 ut
939 1590 1038 1639 incen—
1053 1611 1076 1646 α

217 1635 335 1662 deretur
350 1635 379 1662 in
404 1635 577 1670 injustitiam
594 1636 781 1664 inimicorum
806 1636 888 1671 ejus;
906 1643 957 1671 pro
983 1634 1038 1662 mi-
1054 1634 1059 1658 Ἰ

217 1678 277 1706 hilo
293 1681 431 1715 reputans
447 1680 542 1707 minas
557 1683 585 1707 et
600 1680 710 1716 plagas,
724 1681 824 1715 quales
837 1680 872 1707 ad
888 1686 1040 1707 summum

218 1723 375 1751 extollebat
399 1724 511 1760 byems,
540 1725 743 1752 ardentissime
768 1725 878 1759 currit;
904 1726 932 1751 et
955 1723 1041 1751 irruit

219 1769 335 1796 medius
362 1769 438 1796 inter
459 1768 595 1796 inimicos
610 1769 742 1796 alienatae
770 1769 876 1796 mentis
891 1771 919 1796 et
936 1768 1041 1796 aliena

218 1813 324 1846 linguae
355 1820 551 1848 prospereque
577 1812 706 1848 procedit
735 1813 770 1840 ad
800 1813 1040 1847 extraordinaria,

220 1865 345 1892 quorum
362 1857 449 1884 modo
470 1864 523 1892 per
542 1856 694 1884 ecclesiam
721 1856 894 1893 legebantur
917 1865 1041 1892 evange-

219 1900 270 1935 lia,
286 1900 452 1935 exemplum
467 1903 494 1928 et
509 1900 574 1936 ipsa
597 1901 748 1929 cbaritatis
769 1901 873 1929 exinde
895 1901 1040 1937 proﬂuen-

220 1943 278 1978 tis;
300 1952 351 1980 per
377 1952 440 1980 quas
464 1953 516 1972 nos
543 1945 631 1972 etiam
656 1945 825 1981 hujusmodi
850 1945 1040 1974 festivitatum

221 1988 377 2024 participes
402 1989 527 2017 assumit
542 1988 590 2018 ille
611 1990 660 2025 qui
688 1999 745 2018 non
770 1990 865 2018 solum
889 1990 918 2018 in
941 1990 1041 2026 fugam

222 2036 394 2070 perpetuam
410 2033 545 2062 inimicos
553 2035 640 2062 vertit
654 2037 682 2062 et
697 2035 837 2071 quidquid
853 2035 883 2063 in
899 2035 972 2071 ipsis
983 2043 1042 2063 cer-

221 2079 326 2107 tamini
352 2079 514 2115 proprium,
531 2080 641 2114 evertit,
657 2081 708 2108 sed
726 2081 814 2108 etiam
841 2081 971 2116 ipsorum
988 2083 1044 2108 ter-

223 2133 285 2152 ram
301 2124 518 2153 habitatoribus
530 2125 674 2153 desertam
687 2125 763 2158 fecit,
780 2124 905 2161 illosque
920 2125 1044 2160 subjecit

222 2169 307 2197 nobis
323 2170 350 2197 in
367 2170 675 2205 servitutem,quaipsi
689 2178 754 2198 vere
768 2169 849 2206 digni
865 2173 933 2198 sunt
949 2172 977 2198 et
991 2178 1043 2198 no-

223 2222 290 2243 men
305 2214 342 2242 ad
359 2214 387 2241 id
403 2215 510 2242 ferunt.

258 2324 301 2352 46.
317 2323 400 2352 Tales
425 2323 515 2360 igitur
530 2323 636 2359 regalis
651 2331 720 2359 erga
745 2332 799 2351 nos
820 2323 958 2357 Charitas,
975 2323 1042 2351 talis

222 2371 340 2404 propter
353 2377 405 2396 nos
430 2371 458 2397 et
481 2368 592 2396 similes
616 2368 701 2396 nobis
724 2368 805 2396 zelus
828 2368 1042 2396 dominatorem

223 2412 291 2439 urit.
307 2412 353 2440 Sic
368 2413 416 2441 ille
441 2413 627 2441 sermonibus
650 2413 757 2440 docens
780 2413 900 2449 optima,
917 2421 1043 2448 quorum

223 2458 311 2492 caput
335 2459 379 2484 est
404 2458 542 2494 cbaritas,
558 2458 721 2486 doctrinam
738 2459 766 2486 et
789 2457 926 2493 operibus
950 2457 1044 2485 consi-

222 2503 303 2536 gnat,
319 2501 448 2537 seipsum
463 2502 492 2530 in
508 2503 647 2531 omnibus
664 2502 781 2531 virtutis
796 2503 927 2538 prmbens
943 2503 1042 2530 arche-

221 2547 334 2582 typum.
351 2545 438 2574 Illum
461 2550 490 2574 et
503 2547 560 2580 hic,
577 2549 720 2583 quantum
745 2546 885 2583 possibile
908 2549 961 2579 est,
978 2547 1043 2575 imi-

223 2595 326 2626 temur,
344 2591 482 2626 quoniam
498 2591 547 2620 ille
561 2592 657 2629 imago
679 2592 775 2620 cuncti
800 2591 867 2619 boni
890 2592 1042 2627 ﬁguratus,

222 2636 385 2664 maximum
415 2635 595 2664 Salvatorem
630 2639 763 2665 nostrum
791 2636 821 2663 in
848 2636 1042 2664 imitationem

221 2680 420 2718 imaginaliter
440 2688 616 2716 proponens,
631 2684 660 2709 et
685 2681 844 2718 gratuitam
866 2681 944 2708 illius
970 2689 1045 2708 mor-

222 2729 279 2754 tem
297 2728 416 2763 propter
441 2734 494 2754 nos
519 2725 549 2753 in
565 2728 692 2754 mentem
718 2726 896 2763 exprimens,
913 2725 1044 2762 seipsum

223 2774 341 2807 propter
355 2780 409 2799 nos
433 2770 520 2799 morti
544 2770 643 2799 tradit.
659 2771 725 2799 Ideo
751 2779 870 2807 prorsus
893 2771 1043 2807 gauderet,

223 2816 338 2844 discens
363 2819 391 2845 et
415 2824 469 2845 nos
494 2816 523 2844 in
555 2815 632 2843 bono
657 2815 821 2851 diligentes,
851 2815 989 2852 quoniam
1017 2816 1046 2842 et

223 2860 362 2895 magister
377 2863 405 2889 et
429 2860 527 2889 omnis
553 2859 623 2889 boni
647 2867 758 2896 gnarus
779 2860 939 2890 monarcha
961 2859 1045 2889 nobis

1091 295 1233 332 γεννῆσϐαι
1249 294 1346 332 κρίνει,
1363 293 1395 320 τὸ
1412 293 1476 331 ὑπὲρ
1501 293 1549 319 τοῦ
1573 291 1676 327 κόσμου
1700 290 1878 324 spuicam,le

1089 338 1153 370 τοὺς
1182 339 1285 370 κόπους
1314 338 1387 374 αὐτῷ
1417 338 1454 374 μὴ
1492 335 1664 375 ἐγκόπτεσθαι
1693 333 1735 361 διὰ
1761 333 1822 372 βίον,
1849 335 1879 370 μὴ

1091 383 1207 420 ἡμέρας,
1239 384 1277 419 μὴ
1308 383 1414 417 νυκτὸς,
1447 382 1485 417 μὴ
1516 382 1664 419 χειμῶνος,
1692 378 1828 416 πηγνύντκ
1846 379 1880 405 καί

1091 427 1174 462 αὐτὴν
1199 427 1336 465 ὑγρότητα
1359 428 1408 462 τὴν
1435 425 1461 454 ἓν
1488 425 1580 463 μέλεσι
1611 426 1729 458 ζωϊκοῖς,
1750 423 1784 458 μὴ
1807 422 1882 460 θέρους

1091 471 1264 510 φλέγοντος’
1293 472 1329 502 ὡς
1354 471 1433 510 ἔργον
1461 472 1530 498 εἶναι
1559 468 1659 497 ἰδέσθαι
1693 466 1768 494 αὐτὸν
1795 466 1882 504 σχολὴν

1091 517 1213 554 πράξεων
1229 518 1281 543 τῶν
1302 516 1368 554 ὑπὲρ
1393 514 1473 552 ἡμῶν
1501 513 1611 552 ἄγοντα,
1640 513 1678 550 μὴ
1694 513 1734 539 δτι
1748 522 1776 549 γε
1790 511 1822 542 ὡς
1834 511 1884 538 ἀνα-

1090 560 1252 594 παύσασθαι,
1277 558 1350 587 ἀλλὰ
1375 562 1474 598 μικροῦ
1505 557 1575 596 μηδὲ
1604 557 1642 589 εἷς
1667 555 1754 584 ἄνετον
1777 554 1886 598 ἀναπνεῦ-

1091 614 1146 632 σαι.
1164 602 1233 632 Ἰδοὺ
1258 603 1311 641 γὰρ
1332 603 1377 630 καὶ
1401 605 1447 631 νῦν
1472 603 1545 639 ἡμᾶς
1575 602 1621 638 μὲν
1644 601 1657 628 ὁ
1673 599 1775 638 χειμὼν
1790 597 1885 626 ἐνέκλειε

1091 645 1237 686 παραϐύων
1263 648 1300 679 ὡς
1330 648 1368 679 εἷς
1398 647 1512 686 φωλεῶν
1538 644 1695 676 καταδύσεις
1719 643 1779 675 τοὺς
1795 642 1818 671 tv
1831 643 1884 678 ἡμῖν

1092 691 1240 726 οἷκίσκους,
1269 692 1315 719 καὶ
1345 690 1454 722 ἕκαστος
1483 692 1519 722 ὡς
1549 691 1593 718 οἵα
1626 690 1672 717 καὶ
1703 689 1752 716 ὑπὸ
1775 686 1885 724 ταρτάρου

1092 735 1178 770 ὅντες.
1207 737 1316 774 κρυεροὶ
1344 735 1487 774 διήγομεν,
1521 735 1565 763 καὶ
1597 735 1699 773 νάρκην
1730 732 1885 770 ἐπάσχομεν·

1091 781 1135 808 καὶ
1163 781 1197 815 ἧν
1225 783 1292 818 ἡμῖν
1323 779 1413 814 ὄκνος,
1437 781 1482 808 καὶ
1507 779 1670 819 προκύπτειν
1699 778 1736 809 εἷς
1760 777 1828 814 ἆὲρα,
1852 775 1886 801 τὸν

1092 826 1129 856 ὡς
1151 826 1235 853 εἱπεῖν
1263 824 1440 862 κατοικίδιον,
1463 825 1492 857 ’ὸς
1515 824 1560 852 καὶ
1585 822 1761 862 περικέχυται
1787 821 1828 851 τὰς
1851 820 1886 847 αὖ·

1093 871 1142 902 λάς
1159 881 1165 887 ’
1182 871 1227 898 καὶ
1253 871 1427 910 ἐτεχνώμεθα
1454 870 1546 898 ποδῶν
1570 870 1655 908 ἱλαρὰ
1682 867 1886 907 προκαλύμματα,

1092 916 1136 943 καὶ
1163 915 1298 953 κνημῖδας
1337 917 1492 956 τρυφώσας,
1527 915 1572 943 καὶ
1602 913 1760 952 ἀμπεχόνας
1790 910 1887 948 μαλλοῖς

1095 958 1260 998 βεϐριθυίας.
1277 961 1383 989 Πολλοὶ
1399 960 1428 988 δὲ
1442 971 1511 992 τινες
1526 960 1570 988 καὶ
1583 961 1637 997 πῦρ
1657 958 1775 996 μολακὸν
1790 965 1887 993 περιειρ-

1092 1005 1216 1042 γάζοντο,
1229 1004 1264 1032 δι’
1279 1004 1309 1032 οὗ
1324 1006 1451 1042 σώματος
1475 1004 1645 1042 ἀνθρωπίνου
1667 1005 1755 1040 ψῦχος
1769 999 1887 1039 χειμέριον

1094 1048 1263 1086 ἐκπορίζεται
1281 1059 1287 1066 ·
1316 1051 1329 1078 ὁ
1355 1048 1384 1078 δὲ
1410 1048 1616 1087 μαλακώτερος,
1643 1044 1800 1086 προσϐολὰς
1819 1045 1888 1084 φέρειν

1093 1093 1231 1128 τοιαύτας,
1252 1094 1297 1122 καὶ
1322 1094 1477 1133 λουτρῶνος
1505 1093 1608 1131 ἐγίνετο
1635 1092 1666 1119 ’ἂν
1688 1089 1826 1119 ἀντίπαλον
1837 1088 1890 1125 πρὸς

1094 1138 1125 1165 τὸ
1156 1137 1238 1177 δριμὺ
1266 1141 1314 1167 τοῦ
1342 1139 1392 1174 ἔξω
1416 1138 1607 1176 περιέχοντος.
1634 1136 1689 1165 Καὶ
1703 1134 1831 1165 τοιαύταις
1854 1132 1889 1169 μὶν

1096 1184 1178 1219 ἡμεῖς
1208 1183 1332 1220 μεθόδοις
1356 1185 1387 1212 τὸ
1410 1186 1458 1212 τοῦ
1483 1184 1560 1221 ἀέρος
1578 1182 1684 1210 λυποῦν
1700 1180 1890 1219 ἀπεκρουόμεθα.

1097 1229 1127 1257 Ὀ
1143 1227 1172 1256 δὲ
1195 1229 1379 1268 αὐτοκράτωρ
1405 1229 1466 1262 ἐθὰς
1491 1228 1546 1265 ἤδη
1571 1228 1600 1256 ἔκ
1627 1229 1732 1266 μακροῦ
1754 1226 1796 1254 καὶ
1811 1226 1890 1262 μικροῦ

1099 1274 1166 1311 μετὰ
1191 1276 1225 1303 τὰ
1255 1277 1368 1314 βρεφικὰ
1401 1276 1540 1314 σπάργανα
1577 1276 1633 1302 τῶν
1665 1273 1736 1301 οὕτω
1763 1270 1891 1310 φρικαλὲων

1095 1320 1308 1357 καταστημάτων
1338 1321 1495 1358 γενόμενος,
1532 1319 1589 1354 καὶ,
1628 1319 1643 1346 ὃ
1674 1317 1707 1354 δή
1735 1327 1773 1348 τις
1800 1315 1892 1345 ἀστείως

1097 1362 1159 1402 ἔφη,
1175 1365 1261 1392 πάλαι
1285 1366 1352 1393 ποτὲ
1368 1365 1492 1402 μὲτωπον
1514 1364 1594 1395 αὐτὸς
1619 1363 1687 1394 ὅλος
1712 1363 1776 1390 εἶναι
1789 1359 1892 1398 διαγνοὺς

1095 1410 1128 1436 τά
1143 1420 1172 1447 γε
1202 1410 1240 1441 είς
1262 1411 1423 1448 καρτερικήν
1447 1409 1596 1447 γυμνασίαν
1621 1410 1672 1435 τοῦ
1702 1407 1837 1443 ὑπομένειο
1860 1403 1894 1442 ρᾳ-

1097 1453 1238 1493 διουργίας
1262 1456 1348 1493 ἀέρων
1377 1455 1513 1489 τοιαύτας,
1543 1454 1588 1482 ὅτε
1616 1452 1777 1493 φερεπονίας
1808 1450 1890 1488 καιρὸς.

1096 1497 1331 1536 περιϐεϐλημένος
1356 1499 1374 1535 ἥ
1403 1497 1632 1537 προϐεϐλημένος
1668 1497 1744 1525 οὐδὲν
1780 1494 1892 1534 περιττὸν,

1097 1544 1161 1571 ἀλλ’
1174 1543 1192 1579 ἦ
1207 1545 1256 1579 τὴν
1272 1545 1325 1582 πρὸ
1348 1545 1448 1575 πάντὸς
1470 1543 1551 1582 ἔργου
1577 1543 1645 1580 μετά
1674 1543 1737 1570 Θεὸν
1757 1539 1892 1576 θαλπωρήν,

1095 1588 1139 1616 καὶ
1164 1589 1195 1616 τὸ
1219 1588 1452 1626 διαθερμαίνεσθαι
1478 1588 1516 1619 εἷς
1540 1589 1586 1616 τὸν
1616 1588 1682 1623 ὑπὲρ
1708 1586 1806 1614 ἐκείνου
1827 1582 1892 1618 ζῆλον

1095 1633 1138 1660 καὶ
1155 1633 1192 1664 ὡς
1208 1634 1252 1660 οἷοι
1276 1634 1472 1672 πυρφορεῑσθαι
1494 1632 1579 1669 ταύτῃ
1607 1632 1678 1669 πρὸς
1703 1629 1831 1664 ἐκδίκησιν
1854 1627 1892 1659 τὴν

1094 1677 1163 1705 κατὰ
1185 1680 1239 1705 τῶν
1265 1670 1373 1705 ἐκείνου
1395 1677 1513 1715 ἐχθρῶν,
1537 1676 1600 1713 παρ’
1632 1674 1709 1703 οὐὸὶν
1739 1675 1839 1710 θέμενος
1857 1670 1892 1701 τὰς

1094 1722 1138 1749 καὶ
1168 1721 1283 1753 ἀπειλὰς
1305 1722 1349 1749 καὶ
1376 1721 1471 1760 βολὰς,
1496 1721 1593 1752 ὁποίας
1608 1721 1636 1759 ¹ὁ
1658 1719 1765 1758 χειμὼν
1780 1718 1815 1749 εἰς
1829 1715 1892 1753 ἄκρον

1096 1766 1274 1802 ἐξησκήσατο,
1295 1766 1418 1805 ἐκτρέχει
1444 1765 1512 1794 κατὰ
1527 1764 1650 1800 σπουδήν
1674 1775 1680 1782 -
1696 1763 1741 1792 καὶ
1757 1763 1808 1799 ἅμα
1821 1761 1893 1805 tium?

1097 1810 1129 1847 δᾷ
1142 1814 1200 1843 τοῖς
1215 1803 1437 1850 ἀλλόφροσιηκαὶ
1467 1809 1679 1848 ἀλλογλώσσοις
1698 1807 1843 1844 πολεμίοις,
1858 1803 1892 1850 ςκαξ

1097 1854 1237 1883 εὒοδοῦται
1266 1855 1304 1887 εἷς
1332 1866 1366 1883 τα
1395 1855 1495 1891 ἐξαίσια
1512 1864 1519 1871 '
1560 1855 1596 1882 ὧν
1631 1851 1747 1892 ἔναγχος
1772 1847 1893 1888 εὐαγγέλια

1096 1899 1136 1927 ἐπ’
1164 1899 1313 1936 ἐκκλησίας
1338 1900 1561 1937 ἀνεγινώσκοντο,
1587 1898 1686 1937 δεῖγμα
1710 1897 1754 1925 καὶ
1778 1894 1836 1924 αὐτὰ
1855 1893 1892 1926 τῆς

1096 1944 1195 1977 ἐκεῖθεν
1224 1946 1342 1982 ἀγαπης,
1373 1943 1407 1972 δι’
1437 1945 1473 1972 ὧν
1510 1943 1661 1974 κοικωνοὺς
1690 1944 1764 1979 ἡμᾶς
1789 1939 1891 1968 καὶτῶν

1096 1988 1227 2017 τοιούτων
1252 1988 1433 2027 χαρμοσύνων
1458 1985 1702 2026 προσλαμϐάνεται
1726 1987 1739 2013 ὸ
1769 1985 1804 2022 μὴ
1829 1982 1891 2027 μόνον

1096 2033 1135 2066 είς
1159 2024 1486 2072 φυγὴν-ἆμετάστρεπτον
1514 2033 1577 2063 τοὺς
1603 2031 1721 2070 ἐχθροὺς
1745 2029 1842 2060 κλίνας,
1859 2024 1892 2072 all

1096 2070 1338 2116 καταστρεψαςντὸ
1363 2070 1394 2106 ἐν’
1420 2079 1512 2109 αὐτοῖς
1545 2078 1681 2115 μάχιμον,
1706 2075 1777 2104 ἀλλὰ
1797 2072 1836 2101 καὶ
1855 2070 1892 2116 τὴν

1096 2124 1154 2151 κατ’
1179 2114 1274 2154 αὖτοὺς
1302 2126 1353 2161 γῆν
1378 2123 1524 2162 ἰρημώσας
1545 2114 1781 2158 οἰκητόρων,
1795 2114 1893 2162 καῖ-χὼ·

1098 2178 1146 2205 ρας
1173 2160 1339 2199 ποὶιυτενοῦς
1364 2160 1558 2205 αἰχμαλωσίας
1587 2165 1748 2203 ἀπαγαγὼν,
1774 2162 1813 2190 καὶ
1834 2160 1892 2196 tym-

1096 2213 1232 2248 ταστήσας
1245 2215 1303 2243 τοῖς
1324 2212 1382 2239 καθ’
1396 2204 1482 2249 ipa:
1507 2211 1545 2242 εἷς
1574 2209 1712 2245 δουλείαν,
1736 2208 1769 2243 ἧς
1782 2204 1847 2234 αὐτοὶ
1857 2211 1891 2230 κι-

1096 2258 1183 2294 ταξιοι
1197 2258 1243 2286 καὶ
1258 2257 1408 2294 ἐπώνυμοι.

1135 2324 1186 2358 με’.
1202 2320 1328 2349 Τοίοῦτον
1349 2321 1366 2355 ὴ
1391 2319 1520 2359 βασιλική
1549 2317 1611 2356 περὶ
1637 2319 1712 2354 ἡμᾶς
1739 2316 1831 2354 ἀγάπη,
1848 2320 1890 2359 ξω·

1099 2354 1178 2396 οὗτος
1209 2365 1275 2403 ὑπὲρ
1300 2367 1378 2402 ἡμῶν
1391 2354 1449 2392 ’καὶ
1472 2366 1525 2392 τῶν
1547 2354 1606 2395 καθ’
1627 2364 1703 2399 ἡμᾶς
1719 2354 1890 2403 ἰκκαίειᾼζῇλθς

1098 2411 1143 2438 τὸν
1170 2398 1356 2447 αὐτοκράτορα
1371 2419 1378 2425 -
1403 2407 1490 2440 οὕτως
1511 2408 1612 2439 ἐκεῖνος
1634 2406 1680 2434 καὶ
1703 2404 1792 2443 λόγοις
1817 2398 1889 2428 διδάσ-

1099 2465 1153 2481 κων
1178 2454 1213 2481 τὰ
1238 2446 1375 2492 βέλτιστα,
1400 2453 1437 2480 ὦν
1461 2451 1610 2496 κεφάλαιον
1634 2452 1652 2486 ἡ
1675 2449 1774 2496 ἀγάπη,
1788 2446 1891 2496 tame?!"

1101 2498 1168 2536 γίζει
1195 2486 1245 2534 τὴν
1275 2486 1449 2526 διδασκαλίαν
1489 2486 1534 2524 καὶ
1564 2495 1664 2534 ἔργοις,
1695 2486 1835 2532 ἆρχέτυπογ
1858 2486 1881 2536 ἒξ

1102 2544 1199 2571 ἅπασιν
1228 2543 1325 2581 ἀρετῆς
1354 2542 1447 2570 ἑαυτὸν
1477 2543 1623 2579 προϊστῶν.
1660 2540 1758 2568 Τοῦτον
1784 2529 1890 2581 μιμηξώ·

1103 2594 1170 2625 μεοα
1212 2588 1356 2622 κάνταῦθα,
1400 2585 1461 2615 ὅσον
1502 2584 1625 2622 δύναμις,
1664 2583 1719 2612 ἐπεὶ
1747 2581 1788 2610 καὶ
1810 2579 1890 2606 ἐκεῖνο(

1101 2631 1245 2670 ἐκμαγεῖον
1273 2632 1372 2663 πάντὸς
1406 2631 1508 2669 ἀγαθοῦ
1538 2628 1683 2675 τυπωθεὶς,
1719 2627 1762 2654 τὸν
1789 2624 1889 2675 μέγισῖιξν

1103 2680 1218 2715 Σωτῆρα
1233 2678 1314 2713 ἡμῶν
1335 2676 1373 2708 εἷς
1391 2675 1507 2713 μίμησιν
1524 2674 1663 2704 είκονικῖυς
1686 2672 1888 2715 προησᾴξιενοίι

1099 2722 1145 2749 καὶ
1187 2722 1231 2750 τὸν
1274 2721 1375 2750 ἐκείνου
1431 2719 1532 2759 δωριᾶν
1570 2719 1635 2756 ὑπὲρ
1687 2718 1762 2753 ἡμῶν
1799 2712 1888 2760 Mf“?

1101 2768 1139 2800 είς
1168 2770 1229 2796 νοῦν
1258 2778 1439 2805 τυπουμενος,
1471 2757 1595 2802 θνήσκειν
1625 2763 1715 2792 ἑαυτὸν
1744 2761 1803 2797 ὑπὲρ
1822 2757 1887 2807 illa"

1102 2813 1258 2852 προτίθησι.
1288 2802 1410 2841 ΔιὸἿκαὶ
1439 2811 1534 2850 χαίροι
1573 2809 1602 2837 ἂν
1632 2802 1886 2852 πάντωςιιμξξθίάνων

1103 2844 1132 2886 αἱ
1159 2844 1233 2895 ἡμάς
1260 2844 1460 2896 ἀγαπητικοὺξ
1479 2844 1504 2884 ἐν
1531 2853 1620 2891 καλῷ,
1645 2853 1701 2882 ἐπεὶ
1723 2849 1765 2880 καὶ
1787 2844 1886 2876 διδάσκω
