1992 3158
110 188 170 218 673

614 185 654 216 ΙΝ
675 185 708 216 S.
732 183 1073 221 QUADRAGESIMAM
1096 184 1242 214 ORATIO
1263 185 1316 214 Ill.

1758 187 1817 216 674

111 252 161 284 λος
175 254 247 290 ἡμῖν
261 252 305 280 αὶ
331 252 430 283 παντὸς
458 250 700 288 ἰπιστημονάρχης
726 250 829 288 ἄγοιθοῦ
844 247 935 277 θεὸθεν

1004 249 1170 286 proponitur
1183 259 1200 278 α
1215 253 1282 278 Deo.
1299 250 1436 286 Magister
1451 260 1516 279 vero
1532 260 1589 280 non
1605 253 1633 280 in
1664 253 1721 281 vidi
1749 263 1816 290 pro-

111 295 312 336 προῧιὸληται.
340 295 507 324 Διδασκάλου
523 295 551 324 δὲ
574 295 691 334 ἀφθόνου
718 293 787 322 ἴδιον
817 295 937 333 χαίρειν,

112 343 151 374 οἷς
184 340 378 378 εὐδοκιμοῦσιν
390 341 415 368 οἱ
432 339 632 376 διδασκόμενοι.
662 339 824 369 Τούναντίον
847 339 939 375 μέντοι

113 385 241 416 θλίϐοιτο
257 387 298 422 ἃν,
315 385 390 424 εἶ’περ
407 386 486 417 αὐτὸς
504 387 550 423 μὲν
564 384 710 413 κινδυνεύει
725 385 759 413 δι’
774 386 849 422 ἡμᾶς
864 386 897 412 τὰ
912 384 939 415 ἐς

113 432 249 469 πόλεμον,
265 433 288 468 ᾧ
302 431 347 459 καὶ
362 432 468 458 θάνατοι
483 433 715 469 παρομαρτοῦσιν,
740 431 823 467 ἡμεῖς
839 429 868 457 δὲ
882 430 941 457 κατ’

113 476 249 512 ἀλλήλων
266 476 436 512 ἂνιστώμεθα
462 476 592 514 μάχιμοι,
617 475 662 502 καὶ
686 475 772 506 οὕτως
797 474 835 506 εἰς
862 473 938 502 οὐδὲν

115 521 174 549 δέον
192 520 372 560 βροτολοιγοὶ
388 518 585 557 ἀπεκϐαίνομεν
591 542 597 549 .

152 567 206 603 μζ.
223 565 420 602 Ἐνθυμώμεθα
443 565 511 602 πρὸς
537 564 644 596 τούτοις
668 564 756 592 καὶτὸ
781 564 940 598 κατάντημα

114 614 162 639 τοῦ
184 611 368 648 προκειμένου
391 612 566 645 νηστευτικοῧ
594 608 703 636 σταδίου
718 632 725 644 ,
753 609 803 642 τὴν
832 618 940 644 κοσμο-

113 656 252 692 σωτήριον
274 653 441 692 πασχάλιον,
467 655 517 689 τήν
546 654 677 691 κυριακήν
708 654 862 688 ἀνάστασιν,
889 653 938 687 τήν

111 701 156 728 καὶ
197 699 291 730 ἄλλως
332 699 379 735 μὶν
409 698 578 733 ἐξανάστασιν
607 698 740 734 ἡμετέραν
774 697 804 725 ἐκ
832 707 939 735 παραπ-

112 744 249 781 τωμάτων
265 743 380 771 πολλῶν
407 743 451 770 καὶ
481 745 535 770 τῶν
550 745 600 775 τῆς
613 746 708 777 κοινῆς
738 741 767 770 δὲ
780 741 826 769 καὶ
847 741 940 769 τελευ-

112 789 192 819 ταίας
220 788 264 815 καὶ
294 790 409 827 φρικτῆς
439 786 591 825 προοιμίων
626 787 829 826 ἑπισφράγισμα
858 786 939 823 ἐκφα-

114 835 254 862 νίστατον.
287 830 518 868 Ἀνασκάλλωμεν
547 833 581 868 τῇ
612 830 716 867 διανοίᾳ
741 837 790 865 τήν
816 830 954 858 εὐκταίανν

113 878 217 912 ταύτην
245 876 439 914 κυριώνυμον,
463 876 521 908 καθ’
549 876 579 910 ἢν
610 875 712 907 σκοπὸς
740 877 807 912 ἡμῖν
836 875 941 912 καίριος

114 923 198 950 αὐτὸν
240 921 341 949 ἐκεῖνον
376 920 421 948 τὸν
451 918 627 957 παμϐασιλὲα
655 921 771 958 Σωτῆρα
808 919 941 948 ἐνοικισα-

115 973 178 999 σθαι
193 966 220 997 ἐς
235 966 339 1004 ψυχὴν,
355 965 617 1003 προκαοηραμὲνους
644 964 764 1000 δηλαδὴ,
783 965 829 992 καὶ
845 974 941 1002 συρφε-

112 1012 163 1040 τοῦ
180 1011 279 1043 παντὸς
312 1011 356 1038 τὸν
385 1011 453 1038 κατά
479 1012 541 1038 νοῦν
570 1010 595 1038 ἐν
614 1010 736 1041 ἑκάστοις
751 1010 823 1038 οἶκον
854 1010 942 1047 σαρώ-

115 1067 227 1087 σαντας.

153 1102 212 1137 μη’.
229 1098 481 1137 Προσλογισώμεθα
510 1099 555 1126 καὶ
584 1098 678 1130 ἄλλως
710 1100 769 1136 μὲν,
785 1099 799 1127 ’ὸ
824 1100 868 1126 καὶ
885 1099 942 1126 ἒτέ-

114 1143 315 1183 ρωϐιὲφαμεν,
344 1146 402 1174 πῶς
430 1142 458 1171 ἂν
491 1143 516 1171 ἰν
543 1144 611 1180 ἡμῖν
638 1145 755 1181 χωρήσῃ
773 1144 787 1171 ὁ
814 1144 941 1181 μέγιστος

116 1189 234 1227 ἅρχων.
262 1189 276 1216 ὁ
299 1186 488 1225 παμϐασιλεὺς
510 1188 594 1223 Θεὸς,
625 1188 716 1218 αὐτοῖς
746 1187 859 1219 ὀπαδοῖς
885 1191 943 1219 τοῖς

116 1235 182 1271 περὶ
207 1233 286 1261 αὐτὸν
305 1255 312 1268 ,
340 1232 384 1260 ἐὰν
420 1232 491 1259 οὕτω
528 1231 647 1270 γὲμωσιν
687 1232 763 1269 ὑμῶν
803 1233 830 1259 αἱ
859 1232 942 1260 οἰκίαι

117 1278 234 1317 φαύλων
268 1279 430 1315 περιουσιῶν
467 1277 512 1303 καὶ
541 1278 655 1312 σκευῶν,
683 1277 720 1307 ὡς
752 1278 790 1313 μή
820 1276 944 1304 δεδόσθαι

118 1322 230 1357 οἴκησιν
260 1322 344 1357 αὐτῷ.
376 1321 503 1349 Μάλιστα
531 1319 560 1348 δὲ
585 1322 891 1358 προσεπιλογισώμεθα,
908 1322 944 1353 ὡς

119 1367 144 1394 εἲ
173 1365 219 1393 καί
245 1369 331 1393 πᾶσαν
358 1365 426 1400 ὓλην
468 1365 558 1403 ἑτέραν
590 1365 773 1403 ἀπαγάγωμεν
802 1368 850 1393 τοῦ
878 1367 946 1394 κατὰ

117 1411 215 1449 ψυχὴν
244 1409 332 1444 οἷ’κου,
357 1408 590 1448 φιλοκαλήσαντες
612 1409 722 1440 ἑαυτοὺς
746 1410 943 1447 ἀπειροκάλως,

118 1455 166 1483 καὶ
197 1455 236 1485 εἰς
267 1454 438 1492 ἀρρυπάρους
468 1455 511 1481 καὶ
539 1454 697 1491 καθαρείους
725 1456 944 1491 καταστήσομεν,

119 1498 146 1528 ἕν
162 1498 193 1527 δὲ
221 1499 266 1526 καὶ
296 1496 376 1536 μόνον
391 1497 551 1536 ἐνδομύχως
583 1497 726 1538 ὑφεδρεῦον
745 1499 870 1535 ἐάσομεν,
896 1500 945 1534 τήν

119 1548 171 1579 τῆς
190 1542 296 1574 δικαίας
313 1543 357 1570 καὶ
393 1543 477 1580 ὀρθῆς
501 1543 547 1570 καὶ
571 1543 794 1581 ἀπραγματευτου
813 1544 857 1571 καὶ
885 1543 946 1571 ἀκι-

121 1587 236 1624 δδήλου
250 1588 356 1625 ἀγάπης
381 1586 528 1615 ἀντίπαλον
545 1586 656 1625 ἔχθραν,
686 1590 744 1618 πῶς
767 1587 797 1615 ἂν
820 1588 870 1622 τὴν
897 1588 948 1615 αό-

996 295 1093 331 prium
1121 297 1166 323 est
1193 295 1230 322 iis
1257 296 1394 332 gaudere,
1425 296 1532 331 quibus
1556 297 1693 334 discipuli
1709 298 1815 327 clariﬁ-

995 341 1108 367 cantur.
1121 339 1270 367 Contrarie
1285 348 1370 375 porro
1388 340 1485 368 forsan
1511 340 1699 378 afﬂigeretur,
1724 343 1814 379 siqui-

995 383 1060 411 dem
1076 384 1125 410 ille
1141 393 1192 420 pro
1208 385 1293 412 nobis
1307 385 1431 412 incurrit
1444 385 1573 420 pericula
1588 386 1666 420 belli,
1684 387 1730 414 cui
1742 396 1817 416 mor-

993 430 1038 456 tes
1061 429 1248 463 comitantur,
1264 429 1335 457 dum
1352 438 1404 457 nos
1433 430 1462 457 in
1490 430 1613 458 invicem
1631 431 1812 469 insurgimus

995 476 1168 509 pugnantes,
1184 476 1213 501 et
1228 474 1340 509 absque
1356 482 1445 502 causa
1459 475 1612 503 homicidas
1626 478 1786 506 evadimus.
1805 495 1810 499 -

1030 562 1073 589 47.
1091 562 1295 597 Recogitemus
1310 563 1432 599 insuper
1459 565 1601 600 propositi
1626 566 1819 601 jejunationis

995 606 1082 634 stadii
1098 607 1268 639 terminum,
1284 607 1412 635 salutare
1428 608 1492 636 dico
1509 609 1816 643 Pascha,Dominicum

995 651 1248 686 resurrectionem,
1267 654 1397 680 nostram
1427 652 1545 681 aliunde
1574 656 1816 684 resurrectionem

994 703 1029 723 ex
1045 696 1146 723 multis
1160 695 1303 732 lapsibus,
1320 697 1369 724 sed
1386 699 1414 724 et
1429 698 1635 733 prooemiorum
1652 701 1817 729 communis

995 740 1166 776 ultimaeque
1199 749 1231 768 ac
1264 740 1415 768 horrendae
1450 742 1504 769 dici
1541 743 1816 773 manifestissimum

995 784 1138 821 sigillum.
1159 785 1362 821 Inspectemus
1391 786 1565 822 cogitatione
1593 788 1816 817 desiderabilem

995 829 1071 857 hanc
1086 829 1203 857 Domini
1218 830 1305 864 diem,
1321 839 1378 866 qua
1393 831 1476 859 nobis
1493 833 1537 859 est
1552 835 1734 868 opportunus
1751 834 1818 862 ﬁnis

995 874 1137 908 intentus,
1154 874 1250 910 ipsum
1281 875 1359 902 hunc
1388 884 1484 912 regem
1514 877 1753 912 potentissimum
1785 887 1818 907 ac

995 918 1171 946 Salvator-em
1189 919 1216 946 in
1235 921 1363 947 mentem
1378 919 1563 956 hospitaliter
1573 922 1819 958 accipiendi,sane

997 965 1064 998 post
1077 963 1317 999 praeparationem
1332 967 1360 992 et
1374 965 1410 992 ab
1424 965 1502 992 omni
1519 966 1604 993 sorde
1620 967 1760 1002 spiritalis
1790 969 1819 996 in

999 1016 1176 1044 unoquoque
1192 1009 1298 1036 domus
1313 1009 1559 1044 purificationem.

1033 1096 1077 1123 48.
1094 1096 1318 1125 Cousideremus
1334 1099 1436 1133 praeter
1451 1098 1521 1132 hmo,
1537 1100 1613 1135 quod
1643 1100 1715 1128 alias
1745 1101 1819 1129 dixi-

999 1149 1076 1174 mus,
1092 1141 1237 1177 quomodo
1252 1141 1347 1169 locum
1361 1142 1391 1169 in
1408 1143 1492 1171 nobis
1508 1143 1614 1172 habere
1630 1145 1722 1180 possit
1733 1147 1824 1174 maxi-

999 1194 1066 1213 mus
1081 1186 1149 1219 dux,
1161 1186 1382 1222 potentissimus
1398 1195 1446 1214 rex
1462 1190 1548 1222 Deus,
1562 1197 1629 1216 cum
1645 1190 1732 1218 sociis
1748 1191 1821 1225 suis,

999 1230 1024 1258 si
1039 1231 1144 1257 domus
1173 1233 1274 1257 vestras
1303 1230 1411 1259 vilibus
1437 1232 1614 1260 substantiis
1643 1236 1671 1261 et
1699 1235 1820 1263 vasibus

999 1275 1070 1302 adeo
1086 1274 1263 1310 repleantur,
1282 1277 1314 1302 ut
1329 1275 1384 1311 ipsi
1401 1284 1457 1303 non
1475 1277 1653 1305 concedatur
1666 1278 1820 1308 habitatio.

999 1318 1161 1346 Prmsertim
1178 1321 1276 1346 autem
1293 1321 1480 1348 attendamus
1496 1322 1589 1356 {istud
1607 1332 1613 1350 :
1631 1322 1654 1350 si
1684 1327 1822 1352 cunctam

1000 1363 1118 1399 quidem
1134 1366 1301 1391 extraneum
1318 1365 1469 1393 materiam
1480 1366 1628 1402 espiritali
1643 1368 1729 1396 domo
1744 1369 1823 1405 abje-

1001 1408 1128 1436 cerimus
1143 1416 1201 1443 qua
1221 1409 1417 1445 nosmetipsos
1448 1409 1601 1439 inhoneste
1630 1421 1821 1442 exornavera-

1001 1461 1078 1486 mus,
1095 1461 1206 1488 nosque
1223 1461 1310 1489 puros
1327 1456 1354 1481 et
1370 1458 1543 1490 expurgatus
1570 1457 1821 1490 constituerimus,

1002 1505 1093 1524 unum
1110 1499 1208 1524 autem
1224 1497 1319 1524 solum
1336 1498 1458 1526 interius
1476 1500 1694 1534 permiserimus
1721 1503 1821 1538 sedile,

1001 1542 1197 1569 adversariam
1220 1542 1317 1576 justw,
1334 1545 1362 1569 et
1377 1546 1471 1578 rectas,
1488 1543 1700 1581 iucurioszeque
1716 1555 1746 1573 ac
1763 1548 1822 1574 sin-

1002 1594 1072 1614 ceras
1088 1586 1248 1621 charitatis,
1266 1586 1460 1622 inimicitiam,
1486 1590 1633 1623 quomodo
1653 1590 1824 1618 cbaritatem

121 1634 288 1670 τοαγάπην,
331 1633 376 1660 τὸν
417 1631 539 1670 Κύριον,
577 1632 801 1668 alamus-dipsas;
840 1634 947 1669 Οἶμαι,

1004 1630 1108 1666 ipsam,
1140 1629 1308 1665 Dominum,
1336 1631 1364 1658 in
1394 1631 1555 1668 hospitium
1578 1633 1703 1670 recipere
1718 1636 1825 1672 poteri-

123 1679 176 1706 οὐκ
191 1678 233 1706 ἄν.

163 1733 218 1768 μ.θῖ
246 1730 430 1767 Ἐξελάσωμεν
469 1730 514 1758 οὖν
551 1733 647 1768 πρῶτα
673 1730 719 1757 τὸν
748 1733 797 1758 τοῦ
823 1731 949 1759 τοιούτου

127 1776 264 1814 βασιλέως
296 1775 393 1813 ἐχθρὸν
423 1775 467 1813 ἀφ’
495 1774 631 1811 ἡμῶν,τὸ
647 1774 790 1813 ἀλόγιστον
814 1775 887 1812 λέγω
905 1778 950 1812 μῖ-

126 1831 186 1855 σος,
203 1821 270 1858 πρὸς
299 1818 328 1846 δὲ
355 1830 385 1857 γε
411 1819 456 1847 καὶ
483 1820 533 1853 τὴν
558 1819 642 1846 αὐτοῦ
670 1820 805 1856 στρατιὰν,
825 1820 872 1852 τὰς
890 1820 949 1848 ἐπι-

126 1863 241 1898 ϐουλὰς,
267 1864 314 1894 τὰς
343 1861 528 1897 διαϐολὰς,τὸ
554 1862 594 1902 ἐφ’
606 1865 649 1894 οἷς
676 1864 710 1891 οὐ
734 1864 830 1900 πρέπει
854 1865 951 1902 κρυψί-

124 1911 203 1943 νοῦν,
227 1909 259 1936 τὸ
284 1907 403 1945 ἀγκύλον
432 1908 511 1942 ἦθος,
540 1908 587 1938 τὰς
611 1907 808 1941 πολυελίκτους
827 1910 950 1945 καμπὰς,

123 1954 156 1981 τὸ
171 1951 365 1990 κακόγλωσσον
393 1950 500 1989 ψεῦδος,
529 1952 560 1979 τὸ
589 1952 632 1979 ἐπὶ
661 1952 739 1991 φιλίᾳ
764 1953 950 1991 ὑποκριτικὸν,

123 1998 172 2028 τὰς
214 1995 374 2027 λεοντώὸεις
409 1996 541 2034 ἁρπαγὰς,
575 1997 622 2028 τὰς
660 1996 787 2028 ἀετώδεις
822 1997 950 2036 κλαγγὰς,

125 2042 166 2080 ἐφ’
196 2043 238 2073 οἷς
263 2041 309 2068 καὶ
335 2040 493 2077 ἀδικοῦμεν,
509 2041 539 2068 τὸ
554 2041 621 2069 κατὰ
644 2043 699 2069 τῶν
714 2044 846 2069 ταπεινῶν
872 2041 952 2070 ἀδελ-

126 2089 184 2125 φῶν
201 2086 246 2114 καὶ
276 2085 350 2113 δεινὰ
377 2086 491 2124 βροντᾷν
516 2085 560 2114 καὶ
590 2083 703 2123 ὄλεθρον
730 2084 950 2124 κεραυνοϐολεῖν,

125 2131 159 2158 τὰ
172 2129 248 2157 ἄλλα
275 2130 372 2164 πάντα,
403 2128 438 2157 δι’
461 2130 499 2157 ὧν
526 2129 747 2168 «πρατολογεῖται
777 2133 856 2166 μῖσος
881 2130 951 2158 ἀντί-

125 2175 214 2203 παλον
246 2174 338 2212 ἀγάπῃ
367 2175 401 2211 τῇ
430 2174 498 2201 κατὰ
523 2175 598 2203 Θεόν.
627 2174 729 2202 Τούτου
756 2177 805 2202 τοῦ
833 2175 953 2203 πολυκε-

126 2219 216 2259 φάλου
237 2216 358 2256 βλάϐους
372 2218 551 2256 ἐξαιρεθέντος
572 2219 617 2256 ἀφ’
644 2220 736 2256 ἡμῶν,
767 2220 835 2247 ἅπαν
852 2219 953 2259 ὠφέλιη

129 2275 179 2301 μον
202 2263 441 2291 ἀντεισελεύσεται.
469 2263 556 2302 Νέφος
586 2263 641 2291 ἐστὶ
669 2264 700 2291 τὸ
729 2263 832 2302 φαῦλον
862 2267 951 2300 μῖσος,

1005 1674 1093 1702 mus?
1108 1674 1179 1702 Puto
1194 1675 1255 1702 ﬁeri
1272 1683 1329 1703 non
1345 1683 1440 1711 posse.

1041 1728 1273 1764 49.Expellamus
1287 1729 1377 1764 igitur
1391 1730 1519 1766 primum
1529 1740 1544 1758 ιι
1555 1732 1639 1760 nobis
1655 1733 1828 1768 bujusmodi

1005 1781 1102 1809 regem
1118 1772 1386 1807 inimicum,odium
1404 1774 1468 1802 dico
1481 1775 1827 1814 irrationale,deindeque

1004 1818 1099 1854 ipsius
1114 1817 1286 1852 exercitum,
1302 1819 1436 1854 insidias,
1466 1820 1641 1855 calumnias,
1670 1822 1700 1850 in
1730 1823 1828 1858 rebus,

1005 1862 1112 1897 quibus
1143 1871 1199 1890 non
1230 1863 1320 1896 decet,
1344 1863 1589 1899 dissimulatione,
1607 1868 1767 1895 tortuosam
1785 1868 1829 1895 in-

1006 1907 1113 1941 dolem,
1139 1906 1300 1935 multiﬁdos
1330 1908 1423 1942 sinus,
1454 1918 1547 1945 prava;
1576 1910 1681 1947 linguis
1711 1912 1830 1940 menda-

1006 1952 1095 1986 cium,
1124 1951 1154 1979 in
1179 1952 1309 1980 amicitia
1323 1952 1551 1987 simulationem,
1568 1954 1701 1984 leoninos
1719 1959 1830 1993 raptus,

1007 1996 1153 2032 aquilinos
1168 1996 1310 2024 clamores
1327 1997 1354 2024 in
1377 2006 1427 2026 eos
1453 1999 1560 2034 quibus
1589 2000 1728 2035 injuriam
1759 2001 1832 2029 faci-

1007 2049 1085 2073 mus,
1115 2041 1151 2068 ad
1181 2041 1242 2068 haec
1267 2044 1368 2069 contra
1395 2042 1523 2071 humiles
1554 2045 1658 2072 fratres
1680 2046 1830 2073 tremenda

1006 2085 1137 2113 tonitrua
1151 2085 1296 2113 letbaliter
1312 2086 1507 2122 fulminantis,
1521 2092 1622 2116 caetera
1638 2091 1752 2122 cuncta,
1765 2089 1830 2125 qui-

1006 2129 1063 2157 bus
1079 2130 1198 2165 agmiuu
1212 2131 1363 2166 componit
1373 2131 1473 2158 odium
1487 2132 1622 2160 charitati
1638 2142 1701 2169 quae
1726 2142 1830 2161 secun-

1008 2175 1079 2201 dum
1095 2174 1187 2201 Deum
1203 2177 1248 2202 est
1263 2175 1476 2203 adversarium.
1494 2178 1552 2204 Hoc
1567 2177 1644 2204 enim
1662 2177 1830 2212 multicipiti

1007 2219 1114 2246 damno
1131 2227 1147 2245 a
1163 2219 1248 2245 nobis
1261 2218 1367 2252 ablato,
1386 2220 1548 2255 quodilibet
1563 2222 1748 2249 commodum
1766 2230 1833 2249 δυο-

1008 2263 1099 2290 cedet.
1116 2263 1213 2290 Nubes
1230 2265 1274 2290 est
1289 2271 1411 2298 pravum
1425 2264 1535 2297 odium,
1553 2267 1619 2293 ante
1636 2265 1727 2293 solem
1741 2266 1831 2301 justi-

127 2309 309 2345 ἐπιπροσθοῦν
345 2310 384 2343 τῷ
419 2311 469 2342 τῆς
508 2307 681 2343 δικαιοσύνης
720 2308 804 2345 ἡλίῳ,
839 2310 884 2336 καὶ
915 2311 947 2346 μὶ

1009 2308 1055 2335 tia:
1071 2307 1176 2343 posita,
1193 2316 1251 2335 non
1267 2308 1367 2335 sinens
1383 2308 1479 2344 ipsum
1496 2309 1615 2338 illucere
1639 2310 1733 2338 nobis.
1766 2311 1832 2338 Pro-

126 2354 204 2391 ἀφιὲν
232 2352 312 2380 αὐτὸν
328 2351 491 2389 ἐπιλάμπειν
519 2354 599 2389 ἡμῖν.
631 2353 768 2390 Ἐκνεφίας
798 2353 864 2388 ἐστὶ,
883 2354 953 2390 μᾶλ-

126 2397 176 2426 λον
195 2398 244 2434 μὲν
261 2396 309 2424 οὖν
323 2397 417 2434 Τυφὼν
431 2396 594 2434 βιαιότατος,
614 2397 741 2434 βυσσόθεν
754 2397 953 2436 ἀναμοχλεύων

125 2444 175 2478 τήν
206 2444 256 2470 τοῦ
284 2442 343 2469 καθ’
372 2442 446 2478 ἡμᾶς
476 2441 536 2478 βίου
566 2441 712 2475 θάλασσαν,
737 2442 781 2468 καὶ
809 2443 859 2476 τήν
889 2442 955 2470 κατᾶ

127 2488 192 2516 Θεὸν
208 2485 333 2525 γαλήνην
354 2485 399 2512 καὶ
429 2485 565 2522 εἰρηναίαν
582 2484 721 2523 διαγωγὴν
746 2486 790 2513 καὶ
819 2486 954 2525 ἡσυχαίαν

127 2531 290 2559 κατάστασιν
315 2530 424 2567 ἀπάγων
450 2529 476 2565 ἐξ
500 2531 591 2566 ἡμῶν,
617 2529 766 2567 Τραχύτης
788 2530 869 2567 ἐστὶν,
886 2531 955 2558 ἅπαν

128 2576 280 2614 ἀχριιοῦσιι
295 2574 369 2602 λεῖον
391 2573 437 2601 καὶ
466 2574 551 2607 εύθὲς,
570 2573 604 2601 δι’
620 2574 650 2601 οὗ
676 2575 745 2612 πρὸς
762 2575 827 2602 Θεὸν
848 2574 957 2602 £60806-

130 2627 207 2658 μεθα.
239 2619 344 2657 Εἰρκτή
385 2618 440 2646 ἐστι
469 2618 577 2657 ζοφερὰ,
606 2618 813 2655 κατακλείουσα,
842 2620 880 2651 ὡς
909 2619 957 2647 οὐκ

130 2666 158 2693 ἂν
187 2663 294 2700 εὖξαιτό
322 2674 374 2696 τις,
390 2663 435 2690 καὶ
448 2663 479 2690 οὐ
502 2663 582 2699 μόνον
611 2663 804 2703 ἀποφραγνῦσα
830 2664 875 2691 καὶ
902 2675 957 2691 κω-

131 2709 233 2737 λύουσα
267 2709 343 2746 βιοῦν
360 2707 550 2743 ἀνθρωπίνως,
580 2707 626 2739 οὕς
654 2707 683 2735 ἂν
711 2706 785 2735 ἔνδον
809 2706 956 2744 ἀπολαϐοι,

130 2754 202 2782 ἀλλὰ
216 2754 264 2781 καὶ
293 2752 382 2792 φωτὸς
398 2752 592 2790 inoo-capolim,
611 2752 657 2784 οὕς
674 2752 835 2791 ἐναπείργει.

165 2808 194 2836 ν’.
211 2807 243 2834 τί
264 2805 358 2833 πολλά
382 2804 469 2843 λέγειν
495 2804 533 2836 εἰς
559 2803 721 2843 παραϐολὴν
746 2804 955 2844 αἲνιγματώδη;

130 2852 265 2889 Δαίμονος
291 2848 369 2889 ἔργον
401 2850 432 2878 τὸ
459 2849 631 2878 ἀκανόνιπον
663 2853 752 2889 μῖσος,
782 2851 864 2888 οὗπερ
892 2850 956 2891 ἀφε-

1009 2352 1083 2380 οθιὶα
1111 2355 1174 2386 est,
1205 2354 1255 2379 aut
1283 2355 1315 2379 ut
1343 2353 1449 2380 melius
1478 2354 1573 2381 dicam
1602 2354 1832 2382 violentissimus

1008 2397 1131 2433 typhon,
1148 2399 1252 2424 nostris
1269 2405 1348 2424 mare
1363 2397 1497 2426 funditus
1512 2402 1745 2434 commovens,et
1760 2399 1832 2427 divi-

1010 2450 1076 2469 nam
1095 2441 1337 2477 tranquillitatem
1362 2442 1574 2478 pacificumque
1603 2444 1772 2478 transitum,
1803 2453 1836 2472 ac

1011 2494 1145 2514 securam
1175 2486 1329 2514 stationem
1361 2495 1377 2514 θ.
1407 2487 1491 2515 nobis
1507 2496 1670 2516 remove-ns.
1689 2489 1835 2526 Asperitas

1011 2534 1063 2563 est,
1081 2531 1244 2566 quodilibet
1259 2531 1414 2559 destruens
1429 2532 1551 2567 planum
1576 2542 1608 2560 ac
1629 2536 1750 2568 rectum,
1779 2543 1837 2569 qua

1011 2575 1046 2602 ad
1063 2575 1154 2603 Deum
1172 2575 1294 2602 feliciter
1309 2577 1520 2611 progredimur.
1537 2578 1639 2606 Carcer
1650 2582 1694 2606 est
1708 2579 1838 2606 tenebro-

1012 2628 1074 2654 sus,
1089 2620 1239 2655 claudens,
1256 2622 1288 2646 ut
1304 2628 1390 2647 nemo
1405 2621 1521 2657 gloriari
1540 2625 1649 2658 posset,
1665 2625 1694 2651 et
1708 2632 1762 2651 non
1790 2631 1836 2650 so-

1011 2664 1072 2692 lum
1102 2664 1299 2692 intercludens
1329 2667 1357 2692 et
1381 2673 1439 2693 non
1467 2666 1567 2694 sinens
1583 2667 1712 2695 humane
1730 2667 1835 2699 vivere,

1012 2717 1085 2744 quos
1101 2709 1177 2737 intro
1191 2709 1390 2744 suscepit,sed
1408 2710 1495 2738 etiam
1512 2712 1620 2740 orbans
1636 2712 1836 2746 lumine,quos

1011 2753 1146 2781 includit.

1044 2809 1089 2836 50.
1099 2808 1172 2839 Quid
1185 2808 1279 2836 multa
1289 2807 1386 2835 dicam
1398 2809 1428 2836 in
1441 2809 1580 2845 parabole
1591 2812 1619 2837 et
1629 2810 1656 2836 in
1670 2809 1838 2845 aenigmate?

1011 2853 1155 2881 Damonis
1170 2855 1215 2881 est
1231 2860 1304 2888 opus
1320 2852 1455 2889 iniquum
1472 2854 1584 2887 odium,
1600 2863 1618 2882 ε.
1631 2862 1690 2890 quo
1714 2861 1836 2890 prorsus
