1992 3158
174 171 234 201 675

564 161 777 195 EUSTATHII
797 156 1179 190 THESSALONICENSIS
1202 155 1490 186 METROPOLITJE
1800 159 1848 189 e76

172 236 232 264 illis
247 234 297 272 qui
315 233 362 262 Dei
378 234 448 261 sunt
461 230 668 260 abstinendum
683 226 879 272 est.lniquum
896 225 994 252 autem

1052 221 1111 272 τὲον
1136 221 1244 252 πάντως
1272 220 1336 253 τοὺς
1363 222 1411 248 τοῦ
1423 222 1500 249 Θιοῦ.
1525 220 1705 250 Ἀκινόνιστον
1736 220 1763 250 δὶ
1785 223 1851 259 μίσος

175 270 274 309 odium
290 279 366 313 dico,
382 278 552 305 discernens
572 273 650 303 istud
668 273 703 301 ab
719 271 781 305 illo,
807 270 884 306 quod
909 270 998 296 etiam

175 326 208 353 ad
225 323 430 362 gloriationem
461 320 562 349 Davidi
584 319 745 354 reputatur.
762 315 830 343 Odit
843 313 922 342 enim
939 313 996 348 ille,

175 357 249 406 quos
265 367 356 396 amari
371 375 429 395 non
444 365 595 402 oportebat
611 371 617 390 ε
635 362 665 390 hi
681 369 747 389 vero
763 361 831 388 sunt
858 358 908 394 qui
938 357 998 385 odii

175 401 361 442 sermonibus
377 401 540 443 versantur,
556 410 583 436 et
597 406 688 443 gratis
701 404 778 433 bella
788 404 928 431 inferunt.
940 401 997 429 Nec

174 457 330 486 abscondit
342 454 522 492 ihujusmodi
549 460 632 480 suum
662 452 804 482 mentem,
828 448 878 475 sed
907 446 996 475 etiam

174 490 348 538 cogitatum.
362 490 472 537 psallit,
500 497 659 535 perfectum
689 494 789 522 odium
804 493 915 526 dicens,
931 490 997 519 illos

175 547 283 579 odisse,
299 536 372 581 quos
386 544 475 572 etiam
491 543 521 570 in
537 541 671 570 inimicos
686 538 749 567 fieri
764 537 820 566 sibi
835 536 995 565 asserebat.

174 592 259 620 Esset
272 580 370 618 autem
386 586 557 624 hujusmodi
580 584 752 613 Davidicum
781 582 892 614 odium,
920 580 997 615 quod

173 636 250 663 intra
279 635 398 662 domum
428 635 460 660 ut
488 632 571 659 decet
584 630 613 658 in
626 629 757 657 animam
774 625 951 660 infunditur,
968 626 997 652 et

173 680 299 708 exterius
314 676 608 714 irreprehensibiliter
623 672 830 710 apparetﬂum
843 670 922 698 enim
935 678 999 706 per-

172 725 279 753 fectum
296 726 340 752 est
354 723 384 750 in
398 722 493 756 nobis,
510 720 588 757 quod
606 728 640 747 ex
654 717 809 746 manifesto
825 719 853 743 et
866 723 900 742 ex
913 722 996 742 men-

171 769 209 797 tis
225 767 395 796 abscondito
410 762 732 801 componitur,pulchre
746 761 904 797 perfectum
916 758 996 786 Psal-

175 814 268 841 mistzs
281 811 475 848 explicaretur
487 809 597 842 odium,
614 807 691 843 quod
708 805 789 833 intus
805 805 904 832 manet
918 805 946 831 et
966 803 996 830 in

175 856 368 885 exterioribus
383 854 488 891 prodit,
504 855 532 881 et
547 853 576 880 in
592 854 708 880 tantum
724 857 758 878 ex
781 849 896 877 duobus
920 855 996 875 cres-

176 902 226 936 cit,
241 903 274 929 ut
300 899 486 928 inimicitiam
515 896 733 925 convenientem
763 901 851 930 quam
876 900 994 921 sursum

173 947 262 974 habet
277 944 443 978 Deus,int’ra
456 940 659 977 moveat,quod
673 939 830 967 dicendum
842 938 877 965 de
890 937 993 971 David,

172 991 245 1024 Elia,
263 989 378 1023 Phinee,
396 994 561 1023 magnoque
577 986 724 1021 Moyse,et
739 983 849 1010 caeteris
865 981 994 1009 zelatori-

173 1036 241 1068 bus,
257 1035 395 1062 adversus
412 1032 503 1060 malos
518 1030 656 1059 inimicis.
681 1028 745 1056 Alio
774 1035 840 1055 vero
869 1026 934 1054 odio
964 1025 993 1052 in

171 1080 290 1108 offensis
305 1078 341 1106 ad
356 1077 480 1105 invicem
496 1075 708 1107 abstineamus,
723 1072 748 1100 si
765 1071 923 1100 Christiani
943 1078 993 1098 su-

173 1132 250 1160 mus,
266 1124 415 1152 servantes
430 1121 501 1149 illud
515 1120 654 1148 adversus
669 1117 749 1154 pravi
764 1115 909 1152 serpentis
934 1115 994 1142 dis-

171 1169 284 1206 cipulos
299 1169 327 1196 et
342 1169 530 1204 pugnatores,
547 1171 659 1192 necnon
675 1165 703 1190 et
717 1161 801 1189 illum
817 1161 927 1196 ipsum,
943 1159 994 1194 qui

171 1213 357 1242 inimicitiam
383 1211 522 1239 adversus
551 1209 714 1236 humanum
743 1214 837 1242 genus
861 1212 992 1238 servans,

172 1259 253 1286 illam
269 1257 373 1285 exinde
389 1255 491 1284 merito
506 1254 626 1281 haberet
639 1252 669 1279 in
686 1259 717 1279 se
730 1250 910 1286 replicatam.

204 1303 248 1330 51.
266 1303 344 1330 Hanc
358 1302 498 1329 adversus
515 1301 662 1326 auctorem
678 1294 746 1323 mali
763 1297 790 1322 et
805 1301 922 1329 semper
937 1292 994 1320 ini-

171 1347 280 1375 micum
295 1344 479 1374 inimicitiam
493 1343 569 1370 Deus
584 1341 612 1368 in
629 1340 712 1368 nobis
726 1340 893 1367 constanter
908 1337 996 1364 obfir-

171 1395 240 1425 met,
258 1391 432 1426 roboretque
448 1396 501 1416 nos
516 1387 552 1415 ad
568 1393 685 1421 semper
705 1383 880 1411 vincendum
913 1381 994 1408 illam

170 1435 364 1472 separationis
381 1432 636 1467 maceriam,qunm
648 1427 846 1457 evertentesin
857 1426 990 1454 dilectam

169 1479 346 1508 intrabimus
361 1477 582 1510 habitationem,
598 1483 683 1510 aqua
709 1481 761 1501 nos
789 1471 836 1500 ille
866 1479 991 1506 nequam

170 1524 323 1561 prohibere
351 1530 466 1559 semper
489 1521 550 1549 vult
577 1522 605 1547 et
631 1517 783 1546 annititur.
811 1516 874 1544 Hmo
891 1518 989 1543 autem

169 1571 214 1597 est
229 1569 317 1597 chara
330 1568 481 1601 habitatio,
499 1565 642 1598 omnium,
673 1571 746 1600 quas
774 1562 842 1598 quis
870 1561 994 1595 diceret,

170 1613 354 1645 charissima,
384 1612 414 1639 in
441 1610 575 1648 paradiso
600 1609 669 1642 sita,
698 1607 776 1644 quod
806 1614 910 1634 sumus
926 1613 993 1633 cum
1009 1595 1030 1629 (ἶ

172 1659 228 1694 Deo
244 1659 271 1684 et
286 1657 315 1683 in
332 1659 398 1691 Deo,
415 1656 532 1691 etjuxta
546 1655 638 1682 Deum
653 1661 704 1689 per
718 1651 839 1689 gratiam
857 1649 989 1678 omnium

174 1699 376 1728 dominatricis
392 1699 584 1727 sanctissima;
600 1696 762 1732 Trinitatis,
778 1695 824 1722 cui
840 1694 933 1731 gloria
961 1693 992 1720 in

174 1744 280 1776 saecula
295 1744 479 1773 seculorum.
497 1746 600 1771 Amen.

1052 266 1131 306 ἔφην,
1160 265 1389 302 διαστελλόμινος
1417 265 1482 293 αὐτὸ
1509 268 1558 293 τοῦ
1585 265 1694 303 ἑτέρου,
1721 267 1736 293 ’ὸ
1757 267 1797 294 καὶ
1819 270 1852 304 τῷ

1053 310 1134 339 Aonis
1163 311 1200 342 εἷς
1226 310 1360 348 καύχημα
1381 310 1546 348 ἑπιλὲγεται.
1575 311 1657 339 Μισεῖ
1683 311 1731 349 γὰρ
1757 311 1853 348 ὶκιῖνος,

1052 355 1097 385 οὕς
1128 356 1213 394 ἐχρῆν
1249 355 1287 392 μὴ
1315 356 1486 392 ἀγαπᾶσθαι·
1518 355 1544 382 οἱ
1573 354 1600 383 δε
1629 355 1695 382 εἰσιν
1723 356 1748 382 οἱ
1773 355 1854 393 λόγοις

1053 400 1148 437 μίσους
1172 398 1354 435 κυκλοῦντες,
1381 399 1427 426 καὶ
1455 397 1558 436 δωρεὰν
1583 398 1771 436 πολεμοῦντες,
1799 401 1856 428 οὗτε

1051 445 1162 483 κρύπτει
1188 445 1233 472 τὸν
1260 446 1383 472 τοιοῦτον
1400 444 1482 471 αὐτοῦ
1497 446 1572 480 νοῦν,
1601 444 1674 472 ἀλλὰ
1702 444 1745 471 καὶ
1769 443 1856 480 ψάλλει

1050 489 1082 516 τὸ
1096 488 1198 525 νόημα,
1226 487 1330 516 τέλειον
1365 490 1444 525 μῖσος
1461 487 1547 526 λέγων
1577 491 1665 524 μισιῖν
1696 488 1798 523 αὐτοὺς,
1820 488 1858 519 οὓς

1049 532 1095 561 καὶ
1112 533 1151 564 εἷς
1172 532 1286 571 ἐχθροὺς
1306 532 1379 568 αὖτῷ
1402 533 1533 571 γενέσθαι.
1559 531 1610 567 Εἰ¹η
1638 531 1668 560 δὶ
1691 532 1721 560 ἃν
1749 534 1858 560 τοιοῦτον

1050 576 1192 606 Δαυὲτικὸν
1221 580 1312 614 μῖσος,
1339 577 1354 605 '6
1381 577 1426 605 καὶ
1448 577 1522 608 ὶντὸς
1548 575 1625 604 οἷ’κου
1650 577 1692 615 ῥεῖ
1715 576 1820 608 δεόντως
1838 577 1859 608 ἐς

1050 623 1153 661 ψυχὴν,
1181 621 1226 650 καὶ
1253 621 1328 653 ἐκτὸς
1355 622 1506 659 ἀμέμπτως
1532 621 1723 659 ἐπιφαίνεκαι,
1750 620 1859 649 Τιλειου-

1052 667 1132 704 μένου
1160 667 1212 705 γὰρ
1235 669 1283 695 τοῦ
1299 667 1324 694 ἐν
1341 667 1408 703 ἡμῖν
1423 666 1548 694 συνθέτου
1577 664 1608 694 ἔκ
1637 668 1729 694 τετοῦ
1758 676 1860 704 προφαιι

1050 711 1165 748 νομὲνου
1193 711 1238 739 καὶ
1266 714 1314 739 τοῦ
1342 710 1444 749 νοιρῶς
1471 711 1699 749 κρυμπτομίνου,
1727 710 1814 742 καλῶς
1835 708 1860 737 ἄν

1052 759 1131 793 μῖσος
1158 755 1296 793 ψαλμικὸν
1334 755 1513 793 ἓρμηνεύοιτο
1540 755 1660 790 τέλειον,
1692 755 1722 782 τὸ
1749 756 1792 782 καὶ
1817 753 1860 782 ἔσω

1052 801 1132 837 μένον
1160 801 1204 828 καὶ
1233 800 1259 828 ἰν
1285 803 1343 832 τοῖς
1366 798 1416 836 ἔξω
1444 804 1578 837 προῆκον,
1605 800 1652 828 καὶ
1682 800 1720 831 εἰς
1749 801 1860 827 τοσοῦτον

1049 845 1218 883 παραυξηθὶν
1254 843 1289 872 δι’
1327 845 1450 884 ἀμφοῖν,
1488 844 1533 872 καί
1570 842 1671 882 ἔχθραν
1714 844 1860 879 ὑποκινῆσαι

1049 891 1202 927 πρέπουσαν
1233 890 1288 916 ἄνω
1317 891 1404 923 Θεοῦ,
1434 890 1528 916 ὁποῖον
1553 888 1598 916 καὶ
1629 889 1643 916 6
1665 887 1757 924 Δαυῒδ,
1785 887 1824 916 καὶ
1848 888 1859 914 ὁ

1048 933 1152 970 Ἠλίας,
1180 934 1223 961 καὶ
1255 934 1269 960 ὁ
1295 933 1398 970 Φινεές,
1427 933 1473 961 καὶ
1501 934 1515 961 6
1547 934 1631 972 μέγας
1661 937 1772 968 Μωσῆς,
1786 932 1860 960 καἱοὶ

1048 977 1141 1006 λοιποὶ
1171 977 1303 1013 ζηλωταὶ,
1347 978 1373 1006 οἱ
1410 979 1477 1006 κατὰ
1514 979 1567 1006 τῶν
1608 980 1702 1005 κακῶν
1733 976 1859 1014 πολέμιοι,

1046 1022 1183 1060 Ἐτεροίου
1222 1021 1251 1050 δὲ
1289 1022 1383 1059 μίσους
1422 1021 1648 1060 ἀπαλλαγείημεν
1681 1022 1707 1050 ἐν
1735 1025 1791 1053 τοῖς
1814 1021 1862 1049 κατ’

1047 1067 1180 1102 ἀλλήλων
1209 1070 1362 1107 συρφετοῖς,
1388 1066 1432 1095 ἐὰν
1462 1068 1535 1104 ὦμεν
1567 1066 1741 1106 Χριστιανοὶ,
1762 1068 1862 1103 τηροῦν-

1045 1122 1088 1142 τες
1100 1112 1164 1139 αὐτὸ
1179 1112 1247 1139 κατὰ
1259 1114 1313 1139 τῶν
1330 1114 1378 1139 τοῦ
1395 1114 1518 1150 πονηροῦ
1534 1109 1626 1150 ὄφεως
1644 1112 1777 1148 μαθητῶν
1793 1121 1818 1138 τε
1827 1109 1863 1137 καὶ

1049 1158 1194 1194 μαχητῶν,
1208 1155 1252 1183 καὶ
1269 1156 1350 1183 αὐτοῦ
1364 1155 1397 1191 δή
1414 1156 1530 1192 ἑκείνου,
1547 1157 1577 1186 ὃς
1589 1155 1693 1194 ἔχθραν
1706 1157 1794 1193 ⁵τηρῶν
1805 1153 1863 1182 κατὰ

1046 1202 1094 1227 τοῦ
1110 1200 1280 1238 ἀνθρωπίνου
1295 1200 1460 1237 σπέρματος,
1483 1199 1575 1232 καλῶς
1602 1201 1633 1228 ἃν
1660 1200 1745 1234 αὐτὴν
1777 1199 1861 1226 ἰκεῖθεν

1047 1244 1108 1282 ἔχοι
1137 1245 1196 1273 κατ’
1211 1245 1295 1280 αὐτὴν
1311 1245 1548 1282 ἀνακάμπτουσαν.

1083 1291 1129 1318 να”.
1159 1289 1266 1325 Ταύτην
1290 1290 1339 1324 τὴν
1365 1287 1464 1328 ἔχθραν
1488 1290 1538 1325 τὴν
1567 1291 1639 1317 κατά
1663 1292 1711 1317 τοῦ
1725 1287 1862 1328 ἀρχεκάκου

1048 1334 1090 1362 καὶ
1120 1334 1159 1361 ἀΞῖ
1189 1334 1324 1370 πολεμίου
1352 1334 1487 1373 παγιώσαι
1527 1335 1541 1362 6
1570 1335 1639 1366 Θεὸς
1678 1335 1704 1361 ἐν
1733 1335 1796 1370 ἡμῖν
1820 1343 1862 1359 πα-

1049 1379 1213 1416 ραμόνιμον,
1229 1379 1274 1406 καὶ
1305 1377 1490 1416 ἐνδυναμώσαι
1518 1380 1591 1415 ἡμᾶς
1616 1379 1657 1410 εἰς
1685 1379 1717 1406 τὸ
1733 1380 1806 1413 νικᾷν
1830 1375 1862 1404 ἀεὶ

1049 1423 1162 1458 ἐκεῖνον,
1178 1424 1208 1451 τὸ
1230 1423 1310 1451 κακὸν
1336 1424 1509 1462 μεσότοιχον,
1535 1423 1564 1451 ὅν
1580 1421 1783 1454 καταϐαλόντες
1797 1432 1862 1460 γενη-

1049 1468 1151 1505 σόμεθα
1164 1471 1214 1503 τῆς
1245 1467 1329 1505 φίλης
1346 1468 1489 1504 οἰκήσεως,
1505 1468 1540 1503 ἦς
1564 1467 1759 1506 ἀποτειχίζειν
1774 1465 1862 1502 ἡμᾶςδ

1049 1513 1169 1551 πονηρὸς
1185 1513 1229 1540 καὶ
1247 1511 1373 1550 βούλεται
1390 1513 1434 1540 καὶ
1454 1515 1582 1550 τεχνᾶται
1608 1513 1736 1540 πάντοτε.
1763 1509 1829 1545 Φίλη
1842 1508 1864 1536 δὶ

1050 1556 1169 1592 οἷόιησις,
1197 1558 1304 1584 ἁπασῶν
1333 1556 1460 1595 φιλτάτη,
1491 1557 1529 1584 ὧν
1559 1556 1590 1584 ἂν
1622 1556 1696 1584 εἴποι
1723 1567 1776 1590 τις,
1802 1555 1817 1589 ἢ
1842 1553 1862 1580 ἓν

1050 1602 1214 1641 παραδείσῳ,
1239 1602 1283 1630 διὰ
1305 1604 1353 1629 τοῦ
1378 1602 1423 1630 σὺν
1449 1605 1507 1638 Θεῷ
1531 1602 1575 1630 καὶ
1599 1602 1626 1630 ἐν
1652 1604 1712 1638 Θεῷ
1739 1601 1782 1629 καὶ
1810 1597 1864 1636 μετᾶ

1048 1649 1114 1675 Θεοῦ
1137 1648 1215 1682 εἶναι,
1245 1648 1338 1685 χάριτι
1361 1650 1413 1682 τῆς
1442 1647 1550 1674 πάντων
1581 1647 1764 1686 κυριευούσης
1792 1653 1863 1672 πανα-

1049 1693 1187 1730 γιωτάτης
1201 1691 1326 1730 Τριάδος,
1341 1691 1360 1728 ᾔ
1388 1690 1452 1727 δόξα
1472 1691 1510 1723 εἰς
1524 1691 1588 1724 τοὺς
1614 1691 1717 1722 αἰῶνας
1731 1692 1789 1718 τῶν
1808 1687 1862 1715 αἲώ-

1050 1747 1115 1766 νων.
1131 1737 1233 1774 Ἀμήν.
