1992 3158
90 177 150 207 677

608 174 647 205 ΙΝ
670 174 702 204 8.
727 170 1070 209 QUADRAGESIMAM
1092 171 1236 202 ORATIO
1258 171 1308 201 IV.

1737 175 1797 204 678

734 342 1160 423 EJUSDEM

431 478 488 521 IN
523 477 569 522 S.
599 476 1099 535 QUADRAGESIMAM
1129 475 1352 520 ORATIO
1381 478 1456 522 IV.

149 677 205 704 Τοῦ
221 675 305 702 αὐτοῦ
319 673 402 712 λόγος
416 672 587 712 προεισόδιος
602 676 652 708 τῆς
668 672 743 711 ἁγίας
757 674 857 702 Τεσσα-

430 713 574 747 ρακοστῆς.

124 775 158 801 α’.
188 772 248 802 Οὐκ
275 771 383 809 εὔπορῶ
402 770 527 811 ,συνιδεῖν
545 795 552 808 ,
583 770 605 798 ὦ
634 769 757 810 ἀδελφοὶ,
784 770 859 803 ὅπως
888 772 917 798 ἂν

88 818 154 849 τοὺς
187 817 288 855 λόγους
317 818 385 853 ἡμῖν
415 815 580 853 ἁρμόσωμαι
609 815 738 853 σήμερον.
765 818 853 853 Τριχῆ
868 815 917 852 γὰρ

90 862 242 900 διασχίζων
266 861 298 889 τὸ
326 864 376 895 τῆς
401 861 461 899 ἄρτι
486 859 665 891 συνιλεόσεως
689 858 787 894 αἴτιον,
810 859 859 887 οὐκ
887 859 916 887 ἂν

91 906 192 945 ἐγγύας
209 905 286 940 δοίην
304 904 443 943 ἀσφαλεῖς,
469 903 628 940 δυνήσεσθαι
649 905 718 942 πρὸς
740 905 774 931 τὰ
798 905 862 942 τρία
877 903 917 940 ἐξ-

92 952 230 990 αρκέσειν,
255 950 292 981 ὡς
315 949 368 987 ἐγώ
390 959 418 977 τε
443 949 578 986 ἐπιθυμῶ,
603 950 647 976 καὶ
663 950 700 980 ὡς
723 949 754 977 τὸ
768 951 818 976 τοῦ
833 949 918 986 πράγ-

93 1006 181 1032 ματος
210 994 283 1022 ὅσιον
311 994 429 1021 ἀπαιτεῖ.
447 992 590 1032 Πρόδηλον
619 993 681 1031 γὰρ,
711 994 748 1024 ὡς
777 992 807 1020 οὐ
837 993 918 1029 μόνον

90 1041 179 1078 vixi:
207 1037 295 1067 ἕνεκεν
324 1038 413 1072 ἥκετε,
444 1037 477 1072 ἧς
505 1037 584 1075 χάριν
612 1038 738 1070 ἀνέκαθεν
773 1039 790 1072 ’ἦ
821 1037 916 1074 ἄωροι·

90 1095 132 1115 σις
150 1083 220 1119 αὕτη
246 1081 429 1114 συντελεῖσθαι
455 1081 558 1116 εἴωθεν,
589 1082 627 1113 ὡς
656 1082 686 1109 ἃν
711 1083 742 1109 τὸ
770 1091 917 1118 πνευματι-

88 1129 137 1156 κὸν
165 1126 274 1155 στάδιον
299 1125 456 1161 ἀθλητικῶς
479 1125 657 1162 ἐξανύσαντες,
682 1125 727 1153 καὶ
751 1128 805 1153 τῶν
828 1136 918 1162 σκαμ-

90 1173 188 1209 μάτων
215 1171 368 1209 γεγονότες,
393 1167 484 1208 ἔχοιτε
514 1169 544 1197 οὐ
570 1170 651 1207 μόνον
677 1170 711 1198 τὰ
735 1171 917 1207 νενομισμένα

90 1216 222 1252 ἰξανύειν,
238 1214 301 1243 ἀλλ’
327 1213 354 1242 εἷ’
376 1225 429 1242 που
456 1213 579 1250 δυνατὸν,
595 1214 640 1242 καὶ
670 1214 736 1252 ὑπὲρ
759 1215 793 1243 τὰ
816 1215 918 1252 ἐσκαμ-

93 1262 165 1298 μένα
192 1260 343 1298 ἐκτριχειν,
371 1258 415 1287 καὶ
447 1259 663 1297 ὑπερακοντίζειν
693 1259 835 1296 ἀλλήλους
860 1263 919 1291 τοῖς

89 1307 151 1334 καθ’
182 1302 338 1343 ὑπερϐολὴν
365 1303 423 1340 Θεῷ
447 1302 530 1340 φίλην
561 1304 604 1331 καὶ
635 1304 830 1342 ἀγωνίσμασιν·
860 1304 916 1332 ἐπεὶ

89 1351 137 1378 καὶ
154 1350 170 1377 ὁ
186 1352 259 1382 θεῖος
284 1348 366 1386 λόγος
391 1347 509 1386 φάμενος
523 1347 554 1375 τὸ
570 1359 584 1373 ‹‹
601 1348 643 1376 'Ev
668 1348 763 1379 κόποις
781 1347 918 1386 ὑπερϐαλ-

91 1394 211 1427 λόντως,
229 1406 240 1421 ι
271 1391 401 1427 διδάσκει,
433 1393 471 1428 μὴ
501 1394 586 1419 πᾶσαν
613 1390 780 1429 ὑπερϐολήν,
810 1392 873 1420 ἀλλ’
900 1393 917 1428 ἢ

93 1439 182 1476 μόνην
211 1438 260 1472 τὴν
292 1437 458 1476 ἐφάμαρτον,
487 1436 530 1464 καί
556 1435 670 1465 διἀὖτὸ
696 1438 734 1474 μὴ
750 1437 918 1477 φιλουμένην

91 1486 163 1520 Θεῷ,
185 1482 282 1520 ψόγοις
305 1481 490 1519 ἀποκληροῦν.
517 1480 621 1509 Οὔκουν
644 1481 728 1520 εὐχῆς
755 1480 841 1519 μόνης
863 1481 918 1510 ἓνε-

93 1539 149 1564 κεν,
180 1528 219 1558 ὡς
246 1525 364 1564 ἐρῥέθη,
395 1525 409 1552 ὁ
435 1527 486 1558 τῆς
513 1525 616 1563 ἡμέρας
644 1525 744 1561 ταύτης
771 1525 916 1564 σύλλογος,

91 1572 168 1600 ἀλλά
191 1571 237 1599 καὶ
259 1568 446 1604 διδασκαλίας,
471 1570 504 1604 ἣν
533 1570 558 1596 οἱ
574 1570 707 1598 θειότατοι
729 1570 844 1608 Πατὲρες
860 1573 918 1598 ένο-

94 1617 263 1653 μοθὲτησαν,
278 1614 318 1645 οἶς
333 1614 440 1641 ἐποίουν
457 1613 493 1644 ὡς
507 1613 642 1641 ἑκάστοτε.

131 1661 165 1699 β’.
182 1660 218 1687 Τὸ
234 1658 257 1687 δ’
273 1659 300 1686 ιν
323 1661 381 1690 τοῖς
405 1660 449 1685 νῦν
473 1658 563 1697 τρίτον
588 1657 674 1686 αίίτιον
690 1661 737 1686 τοῦ
767 1658 915 1694 συνελθεῖν,

93 1706 108 1733 ’ὀ
136 1706 234 1742 καιροῦ
261 1702 417 1741 περιπέτειαι
444 1700 548 1740 ἔφηνε,
577 1702 735 1740 παραμυθία
763 1703 807 1731 καὶ
837 1703 919 1742 λόγος

94 1750 267 1787 παρήγορος,
298 1747 391 1785 οὗπερ,
422 1746 458 1778 ὡς
488 1747 584 1783 οἶμαι,
614 1747 659 1774 καὶ
689 1747 770 1775 αὐτοῦ
801 1747 919 1785 μάλιστα

95 1791 270 1830 προσδὲεσθε,
296 1791 319 1819 εἲ
333 1802 359 1819 τι
387 1792 443 1830 χρὴ
471 1794 530 1823 τοῖς
558 1791 636 1828 ἐμοῖς
663 1793 849 1830 τεκμήρασθαι
873 1793 918 1821 καὶ

94 1841 128 1867 τά
144 1838 271 1875 ὑμέτερα.
300 1836 350 1864 Καὶ
372 1836 423 1874 γάρ
443 1847 486 1864 τοι
509 1837 553 1864 καὶ
579 1836 659 1868 αὐτὸς
683 1836 709 1865 ἰν
725 1840 784 1869 τοῖς
806 1840 851 1865 νῦν
867 1838 918 1866 ἅλ-

93 1894 152 1921 γισι
182 1882 229 1910 καὶ
255 1879 363 1909 τοιοῦδε
388 1880 533 1920 φαρμάκου
557 1880 772 1919 προσδεδὲημαι,
797 1883 915 1911 ποτνιώ-

93 1937 175 1965 μενος
202 1926 327 1964 εὑρὲσθαι
355 1925 435 1958 ποθὲν
466 1924 591 1962 μέθοδον,
621 1924 656 1953 δι’
682 1928 715 1961 ἧς
739 1927 769 1954 τὸ
785 1926 918 1965 ἱάτρευμά

93 1983 139 2009 μοι
157 1970 232 2000 ἔσται
247 1971 403 2008 ἠπιώτερον
419 1970 610 2009 φιλανθρωπίᾳ
632 1973 709 2006 Θεοῦ,
726 1971 770 1999 καὶ
793 1973 830 2008 μὴ
848 1973 916 2010 πρὸς

93 2016 193 2051 ὀδύνην
207 2015 239 2044 οὐ
255 2015 390 2055 φορητήν.
406 2015 441 2043 Τί
462 2013 491 2042 δὲ
519 2026 565 2051 μοι
590 2014 690 2053 λέγειν,
708 2016 745 2047 ὡς
760 2017 808 2043 τοῦ
823 2027 915 2055 τριτου

90 2061 134 2088 καὶ
152 2060 238 2097 μόνου
253 2059 307 2097 ἐγὼ
323 2057 430 2096 δέομαι,
453 2057 512 2086 δέον
536 2058 631 2095 εἰπεῖν,
648 2059 689 2087 ὅτι
704 2060 748 2087 καὶ
762 2062 816 2088 τῶν
833 2063 915 2099 τριῶν

89 2103 205 2136 ἒπιδεῶς
236 2102 305 2142 ἔχω,
331 2103 376 2130 καὶ
408 2103 579 2142 ὖπερκαίεταί
605 2115 652 2140 μοι
679 2108 727 2140 τῆς
752 2104 838 2132 αὐτῶν
855 2105 914 2133 ἐπι-

88 2149 186 2187 τυχίας
202 2149 220 2183 ἡ
235 2149 312 2186 ψυχή
331 2161 339 2183 ί
354 2146 448 2186 Εὖχήν
471 2158 500 2175 τε
525 2150 577 2186 γὰρ
602 2148 647 2176 καὶ
663 2149 742 2180 αὐτὸς
763 2149 850 2182 Eos/uo
864 2150 913 2184 τὴν

89 2193 114 2229 ἐξ
132 2194 220 2230 ὑμῶν,
252 2191 326 2230 εἴπερ
356 2192 431 2228 ποτὲ,
460 2192 504 2220 καὶ
533 2191 708 2222 διδασκαλίαν
734 2192 762 2221 δὲ
791 2194 916 2232 καταρτί-

91 2240 197 2273 ζουσαν,
215 2235 256 2276 ἐφ’
272 2237 312 2267 οἷς
337 2235 375 2268 εἲς
401 2237 450 2271 τὴν
477 2237 544 2265 κατὰ
567 2238 632 2266 Θεὸν
656 2239 688 2265 οὐ
713 2238 836 2276 παύομαι
851 2238 913 2268 οδὸν

89 2279 264 2318 σκαμϐεόων,
290 2278 352 2308 οὐδὶ
376 2283 500 2318 κατορθῶ
514 2282 561 2313 τὰς
575 2279 696 2320 τρίϐους,
712 2283 845 2321 χωλεύων
862 2283 915 2322 οὐχ

88 2325 195 2361 ἁπλῶς,
223 2323 288 2352 ἀλλ’
311 2323 352 2352 ἐπ’
381 2324 546 2364 ἀμφοτέραις
574 2325 690 2364 ἲγνύαις,
719 2326 767 2356 εἴτ’
794 2327 839 2356 οὖν
855 2331 915 2361 τοῖς

86 2370 152 2398 κατὰ
167 2369 250 2407 λόγον
276 2368 320 2396 καὶ
343 2369 437 2407 πρᾶξιν
466 2367 643 2408 διαδήμασιν.
669 2375 728 2400 Ἔτι
752 2372 781 2400 δὲ
795 2373 839 2400 καὶ
864 2383 914 2400 πα-

87 2414 219 2453 ραμύθιον
245 2415 437 2451 προσεπιζητῶ
466 2413 506 2448 ἐφ’
536 2415 657 2452 ὁμοίοις,
674 2416 714 2456 ἔφ’
736 2418 777 2449 οἷς
806 2416 913 2454 δηλαδή

85 2460 127 2487 καὶ
144 2459 225 2487 αὐτοὶ
253 2456 435 2496 προκαλεῖσθε
464 2459 542 2496 οἶμαι
565 2460 610 2488 τὸν
637 2462 914 2500 παραμυθησόμενον.

85 2503 135 2532 Καὶ
167 2503 247 2540 ὑμεῖς
277 2502 325 2539 μὶν
356 2503 432 2535 ὅπως
459 2503 560 2536 ἃντοῖς
588 2504 665 2542 ἐμοῖς
683 2506 813 2544 αἰτήμασι
829 2518 914 2545 προσ-

85 2549 274 2586 ενεχθήσεσθε,
303 2546 420 2583 είδοίητε
448 2547 478 2575 ἂν
508 2549 586 2576 αὐτοὶ
603 2572 611 2585 ,
640 2550 685 2578 καὶ
715 2552 767 2589 πρὸ
797 2552 873 2588 ὑμῶν
900 2553 914 2580 ὁ

86 2593 160 2629 θεὸς,
179 2592 193 2620 ὁ
210 2590 375 2628 μεθοδεύσας
391 2591 435 2620 καὶ
456 2592 525 2629 ὑμᾶς
542 2593 580 2624 εἷς
595 2593 628 2621 τὰ
651 2595 715 2633 τρία
738 2594 820 2630 καλὰ,
847 2596 913 2634 ὑπὲρ

87 2635 122 2665 ὧν
137 2636 200 2674 ἐμοὶ
223 2635 270 2672 δέη
276 2646 328 2667 σις.

119 2683 151 2718 γ’.
166 2680 242 2718 Ἐγὼ
258 2679 298 2715 δὲ,
315 2680 380 2716 ὅπερ
407 2678 491 2720 ἔφθην
516 2682 610 2718 εἰπὼν,
637 2683 668 2711 οὐ
694 2684 762 2712 πάνυ
790 2684 912 2723 εὐπόρως

932 674 959 708 Α
974 674 1105 709 Eiusdem
1129 676 1219 703 oratio
1240 678 1442 711 praeparatam:
1467 677 1497 704 in
1521 680 1644 704 sanctam
1669 677 1794 712 Quadra-

1312 713 1453 747 gesimam.

1009 772 1035 800 1.
1061 773 1123 800 Non
1147 773 1232 801 facile
1257 774 1412 809 perspicio,
1430 775 1544 809 lratres,
1571 776 1717 810 quomodo
1741 775 1798 802 bo-

973 817 1108 845 diernum
1133 826 1298 845 sermonem
1327 819 1409 846 vobis
1438 819 1494 846 sim
1524 819 1697 854 adepturus.
1723 820 1795 847 Tres

973 862 1063 896 enim,
1080 861 1155 889 inter
1183 870 1214 889 se
1229 862 1360 895 diversae,
1392 865 1566 898 prmseutem
1596 865 1796 899 congregatio-

974 913 1040 933 nem
1057 908 1251 941 provocarunt
1268 915 1362 934 causa:
1378 916 1384 940 ;
1401 910 1446 934 ast
1462 915 1508 934 me
1524 908 1614 935 lidum
1631 916 1688 935 non
1719 908 1794 936 dabo

973 958 1144 985 sponsorem
1161 950 1287 986 capitum
1305 951 1394 978 trium
1406 951 1446 978 ita
1455 952 1726 986 pertractandorum
1739 952 1794 980 sic-

974 997 1006 1021 ut
1021 994 1155 1022 desidero
1169 994 1233 1030 ipse
1247 997 1276 1022 et
1296 995 1336 1022 rei
1363 995 1488 1031 gravitas
1511 995 1683 1032 expostulat.
1701 996 1794 1023 Mani-

973 1039 1079 1066 festum
1092 1041 1137 1066 est
1152 1039 1294 1071 enim,vos
1306 1039 1362 1066 huc
1373 1040 1489 1067 venisse
1505 1048 1561 1067 non
1574 1042 1692 1076 propter
1702 1040 1796 1068 solam

973 1082 1295 1118 supplicationem,quas
1302 1083 1426 1110 antehac
1433 1083 1531 1111 ﬁdeles
1538 1091 1714 1120 congregare
1725 1084 1798 1112 sole-

973 1127 1034 1162 bat,
1050 1128 1082 1154 ut.
1097 1126 1249 1163 spirituale
1265 1127 1394 1155 stadium
1418 1127 1594 1155 athletarum
1620 1136 1700 1156 more
1728 1137 1797 1164 per-

974 1173 1124 1198 currentes
1139 1170 1248 1199 limites
1259 1179 1345 1199 cursu
1359 1172 1538 1208 attingastis;
1554 1180 1654 1200 verum
1665 1172 1794 1206 etiam,si

973 1215 1035 1243 ﬁeri
1052 1217 1161 1251 posset,
1187 1215 1295 1243 limites
1324 1217 1461 1244 excedere
1491 1217 1616 1245 studetis
1644 1225 1696 1245 vos
1721 1217 1794 1245 invi-

973 1268 1034 1288 cem
1050 1268 1198 1296 superare,
1215 1263 1360 1288 certamen
1379 1263 1524 1289 certantes
1548 1262 1794 1297 superabundans

973 1307 1002 1332 et
1015 1305 1073 1332 Deo
1089 1307 1250 1340 acceptum.
1268 1305 1418 1340 Siquidem
1444 1305 1594 1341 Scriptura
1621 1306 1692 1334 dicit
1708 1315 1714 1334 :
1732 1318 1746 1331 «
1764 1308 1795 1334 ln

933 1360 958 1392 Β
972 1349 1123 1377 laboribus
1138 1350 1338 1377 abundantius
1354 1351 1376 1383 ί,
1392 1361 1406 1375 »
1428 1351 1511 1378 docet
1536 1353 1634 1378 autem
1660 1359 1716 1378 non
1733 1359 1798 1379 om-

976 1402 1041 1421 nem
1057 1394 1268 1421 abundantiam
1283 1397 1396 1429 gratam
1413 1403 1477 1422 esse
1505 1397 1574 1427 Deo,
1590 1395 1641 1422 sed
1666 1403 1728 1422 eam
1746 1404 1795 1423 so-

973 1437 1032 1465 lam
1049 1446 1112 1473 quis
1129 1441 1245 1474 peccato
1268 1441 1366 1466 careat
1394 1441 1423 1466 et
1438 1439 1591 1474 vituperio.
1618 1439 1710 1475 Igitur
1740 1447 1798 1467 non

975 1484 1092 1518 propter
1107 1490 1206 1518 preces
1221 1482 1393 1514 tantum,uti
1408 1483 1520 1510 dictum
1536 1485 1591 1510 est.
1608 1483 1679 1510 bum
1696 1491 1799 1511 conve-

974 1526 1060 1554 nistis
1076 1526 1225 1561 hodie,sed
1238 1527 1526 1562 propterdoctrinam
1539 1535 1628 1562 quam
1637 1527 1728 1555 divini
1740 1530 1796 1555 Pa-

973 1573 1033 1598 tres
1048 1570 1162 1606 legibus
1190 1570 1308 1606 scriptis
1333 1572 1421 1606 atque
1447 1570 1531 1598 factis
1559 1571 1644 1599 nobis
1667 1572 1796 1599 tradide-

974 1618 1053 1642 runt.

1009 1659 1035 1686 2.
1051 1659 1148 1686 Tertia
1171 1659 1262 1694 hujus
1289 1659 1440 1687 concionis
1468 1667 1556 1687 causa
1584 1667 1618 1686 ex
1642 1667 1740 1687 rerum
1771 1660 1800 1687 et

972 1705 1138 1739 temporum
1157 1705 1262 1731 natura
1277 1703 1399 1732 deﬂuit:
1416 1703 1658 1736 consolationem,
1676 1704 1799 1732 verbum

973 1747 1158 1784 permulcens
1167 1747 1257 1776 vultis
1267 1749 1427 1784 percipere,
1435 1756 1492 1784 quo
1500 1748 1618 1784 quidem
1629 1748 1712 1776 vobis
1724 1757 1800 1784 opus

973 1795 1028 1826 est,
1044 1793 1069 1820 si
1084 1793 1121 1820 de
1142 1793 1216 1821 meis
1232 1793 1268 1820 ad
1294 1795 1390 1821 vestra
1419 1793 1568 1829 quandam
1597 1793 1798 1828 conjecturam

973 1837 1101 1873 proferre
1116 1837 1192 1865 licet.
1214 1837 1273 1874 Ego
1288 1838 1366 1866 enim
1383 1838 1456 1873 ipse,
1485 1837 1532 1865 his
1561 1837 1590 1865 in
1619 1837 1797 1866 calamitati-

971 1882 1040 1917 bus,
1055 1881 1151 1910 solatii
1167 1882 1330 1910 remedium
1347 1883 1491 1917 desidero,
1508 1884 1537 1910 et
1561 1882 1638 1910 viam
1654 1882 1797 1916 invenire,

973 1935 1041 1963 qua,
1058 1928 1234 1955 concedente
1250 1927 1319 1960 Deo,
1336 1928 1450 1955 sanatio
1466 1929 1566 1955 nostra
1583 1927 1687 1955 evadat
1711 1927 1797 1956 nobis

973 1971 1085 1999 facilior
1095 1973 1123 1999 et
1139 1980 1196 1999 non
1212 1972 1247 1999 ad
1263 1971 1393 1999 dolorem
1410 1972 1552 2008 perducat
1565 1971 1797 2000 intolerandum.

971 2015 1030 2043 Cur
1044 2018 1142 2043 autem
1159 2015 1223 2043 dico
1238 2016 1368 2048 tertium,
1386 2015 1439 2044 hoc
1455 2015 1528 2043 mihi
1551 2015 1648 2043 solum
1665 2023 1730 2044 esse
1744 2024 1798 2043 ne-

971 2060 1143 2092 cessarium,
1159 2068 1225 2087 cum
1241 2062 1319 2088 esset
1334 2060 1534 2088 confitendum
1557 2067 1604 2087 me
1621 2059 1717 2087 tribus
1734 2059 1800 2088 istis

969 2104 1101 2140 indigere
1115 2106 1144 2131 et
1158 2103 1287 2131 animam
1304 2112 1399 2131 meam
1417 2103 1536 2131 illorum
1551 2103 1713 2139 efﬂagitare
1727 2111 1800 2131 con-

971 2148 1150 2176 secutionem
1165 2148 1179 2175 ‘i
1194 2150 1296 2175 Preces
1320 2148 1398 2175 enim
1424 2150 1536 2176 vestras
1562 2149 1590 2175 et
1615 2148 1677 2183 ipse
1702 2148 1798 2184 magis

971 2201 1060 2229 quam
1075 2195 1162 2220 antes
1175 2192 1300 2228 imploro
1315 2195 1343 2220 et
1358 2192 1537 2220 droctrinam
1561 2193 1797 2220 corroborantem

971 2241 1004 2265 ut
1019 2247 1036 2265 ιι
1058 2237 1113 2266 viis
1138 2236 1254 2265 Domini
1283 2245 1341 2265 non
1370 2237 1530 2270 declinem;
1546 2237 1668 2264 semitas
1699 2239 1798 2264 autem

969 2290 1050 2310 meas
1066 2290 1123 2310 non
1139 2281 1243 2318 dirigo,
1259 2282 1330 2318 quia
1346 2290 1403 2310 non
1420 2289 1478 2309 uno
1494 2281 1626 2309 claudico
1642 2281 1695 2316 ped
1703 2289 1728 2315 e,
1745 2281 1796 2309 sed

971 2327 1114 2356 ambobus
1129 2326 1251 2355 deﬂecte
1267 2327 1404 2363 genibus,
1418 2326 1515 2354 verbis
1531 2325 1643 2353 scilicet
1656 2327 1686 2353 et
1700 2325 1797 2354 factis.

968 2371 1078 2400 Deinde
1092 2372 1230 2400 solatium
1247 2371 1352 2399 iisdem
1368 2370 1504 2407 perquiro
1521 2369 1698 2404 rationibus,
1729 2371 1797 2406 qui-

969 2416 1026 2444 bus
1040 2424 1091 2444 vos
1101 2416 1158 2452 ipsi
1172 2416 1330 2453 implorare
1340 2415 1481 2444 videmini
1493 2414 1717 2443 consolatorem.
1729 2415 1796 2443 Ideo

969 2462 1084 2491 rescitis
1099 2462 1156 2499 ipsi
1167 2462 1314 2498 quomodo
1337 2461 1411 2490 meis
1436 2460 1630 2497 implicemini
1646 2461 1771 2497 negotiis
1786 2470 1793 2496 ;

969 2508 1048 2536 Deus
1062 2511 1160 2536 autem
1170 2509 1252 2544 prius
1264 2516 1325 2536 rem
1334 2510 1425 2536 totam
1437 2507 1648 2543 perspexit,qui
1663 2507 1700 2535 ad
1717 2507 1794 2536 bona.

968 2553 1036 2589 tria,
1052 2561 1116 2589 qua:
1132 2553 1162 2581 in
1178 2553 1253 2581 votis
1271 2553 1343 2581 meis
1357 2554 1436 2587 sunt,
1452 2560 1503 2580 vos
1518 2552 1577 2588 iam
1595 2552 1663 2580 olim
1681 2552 1794 2580 condu-

968 2597 1021 2626 xit.

1004 2687 1031 2715 3.
1048 2687 1201 2723 Equidem,
1217 2687 1294 2716 sicut
1310 2687 1374 2723 jam
1398 2686 1481 2720 dixit,
1497 2694 1557 2715 non
1581 2693 1701 2723 prorsus
1720 2684 1795 2712 bene

88 2722 158 2763 ἔχων
174 2725 242 2763 πρὸς
259 2724 292 2753 τὰ
307 2725 332 2760 ἐξ
349 2724 429 2762 ιμοῢ,
444 2727 485 2754 ὅτι
503 2726 573 2764 μηδὲ
586 2729 637 2764 τὴν
652 2729 749 2768 πρώην
772 2722 910 2767 εὐκαιρίαν

977 2722 1200 2767 ιιὼοοίᾱὶνὶιίω
1217 2722 1364 2766 abierunt,
1382 2739 1434 2760 nec
1447 2732 1510 2767 jam
1534 2731 1565 2758 in
1581 2729 1706 2767 pristina
1722 2736 1792 2756 con-

121 2832 132 2854 ι
148 2831 253 2861 HCor.
272 2840 311 2868 ιι,
327 2831 373 2861 23.
