2030 3167
213 154 272 183 6⁵19

600 151 808 183 EUSTATHII
829 150 1211 183 THESSALONIGENSIS
1233 153 1526 185 METROPOLITE

1857 155 1922 187 680

212 217 321 244 ditione
342 223 420 251 sum,
442 215 477 242 de
491 222 548 250 qua
559 214 678 251 gloriari
703 215 831 249 licebat;
849 215 899 242 sed
927 214 1018 242 menti

1090 213 1213 251 πλουτῶ,
1251 215 1315 244 οὐδὲ
1352 217 1512 245 κατάστασιν
1541 217 1644 253 ἕκαίνην
1675 217 1734 256 ἔχω
1763 218 1827 256 περὶ
1856 217 1921 254 ἐμὲ,

210 259 473 298 cogitationes,imo
480 267 576 287 sermo
588 259 650 296 ipse
658 262 790 288 mutatus
798 260 880 287 estin
893 258 1033 293 deterius,

211 315 244 333 ac
259 313 434 333 numerosus
450 312 513 331 esse
531 303 618 331 desiit
633 312 639 337 ;
656 304 748 332 oratio
762 303 840 332 enim
863 312 920 339 quo
936 303 1034 331 minus

210 350 281 378 ﬂuat
296 357 401 377 mmror
412 347 599 384 impedit.Ubi
613 348 690 375 enim
709 348 772 376 fons
783 348 1035 383 obstruitur,aqua

209 403 295 431 parce
310 393 587 429 ﬂuil,quia.quando
602 393 680 427 origo
689 393 787 420 minus
796 393 867 420 bene
874 393 1033 420 constituta

208 442 263 471 est.
281 438 424 475 quidquid
443 438 509 465 inde
524 437 655 473 provenit
671 437 800 473 languet.
817 437 927 464 Tamen
945 445 1031 473 opor-

205 486 247 512 tet
262 491 352 511 causa
376 485 509 510 cessante
532 482 666 509 elfectum
693 489 810 518 quoque
835 489 960 509 cessare.
982 481 1030 508 Ni-

207 528 368 556 hilominus
385 528 419 554 ad
437 527 616 562 promissum
637 527 858 562 exsequendum
883 526 1030 562 accingor,

205 573 246 600 ita
262 575 357 600 tamen
374 574 406 599 ut
422 572 499 607 quod
517 571 642 598 maxime
655 574 699 599 est
715 571 914 598 necessarium
926 571 954 597 in
972 578 1030 597 me-

204 617 285 644 dium
301 617 458 652 proferam,
474 616 543 651 quia
560 616 646 643 talem
670 615 822 643 materiam
854 614 1028 650 ampliﬁcari

202 661 350 689 auditores
366 660 464 688 minus
480 662 596 696 gratum
613 659 832 687 habent.Pauca
846 659 924 687 enim
941 659 1029 687 verba

201 705 296 734 oranti
308 708 336 733 et
347 705 509 732 orationem
523 704 695 740 suscipienti
709 703 1027 738 sul'ficiuntEjusmodi

200 760 286 787 porro
298 759 398 787 preces
413 751 545 778 omnium
561 749 691 777 locorum
716 752 938 784 actemperum
962 757 1026 776 esse

199 804 286 823 nemo
300 794 485 823 inﬁtiabitur.

1088 259 1147 286 καθ’
1172 260 1203 294 ἣν
1232 259 1409 298 ήγλαῖζόμην
1448 261 1538 299 λέγων
1568 261 1606 293 εἷς
1641 263 1675 290 τὰ
1703 262 1772 290 κατὰ
1802 263 1920 290 σκοπόν

1089 302 1162 331 ἀλλά
1178 311 1228 340 μοι
1242 305 1286 332 καὶ
1312 306 1344 333 τὸ
1358 306 1451 343 νοιρὸν
1479 306 1639 343 κατάστημα
1664 307 1834 344 ἑτεροιοῦται
1848 307 1922 344 πρὸς

1088 348 1121 375 τὰ
1148 349 1295 386 πρότερον,
1323 350 1367 378 καὶ
1394 352 1412 387 ἡ
1441 352 1568 390 προφορὰ
1598 350 1627 378 δὲ
1653 353 1708 378 τῶν
1736 350 1919 387 λαλουμὲνων

1087 397 1306 431 καινοπραγεῖται
1324 417 1331 431 ,
1355 395 1401 422 καὶ
1431 394 1485 433 οὐχ
1508 395 1552 422 οἹα
1576 395 1605 423 τέ
1632 395 1702 423 ἑστιν
1731 395 1891 432 ἐμπλατύνε
1907 412 1920 417 -

1087 443 1146 469 σθαι
1163 438 1201 468 εἷς
1217 436 1364 476 ἁϐρότητα.
1382 439 1432 467 Καὶ
1459 439 1517 477 ἔχει
1540 439 1621 478 λόγον
1648 441 1679 468 τὸ
1705 440 1803 471 πάθος.
1820 443 1921 477 Πηγῆς

1086 482 1137 519 γὰρ
1165 482 1318 521 ἀπορρύτου
1343 484 1587 522 ἐμπεφραγμὲνης,
1617 483 1778 519 ἀκόλουθον,
1808 484 1921 512 ἐπιλεί-

1084 537 1143 553 πειν
1160 527 1204 554 καὶ
1220 528 1269 562 τὴν
1285 527 1394 565 ἐκροήν,
1414 529 1461 555 Καὶ
1478 527 1572 559 ἄλλως
1588 527 1616 556 δὶ
1637 529 1706 566 χρὴ,
1720 531 1768 556 τοῦ
1792 531 1920 566 γεννῶν-

1082 581 1129 601 τος
1158 570 1286 607 ἐξιτήλου
1309 573 1468 610 γενομένου,
1501 572 1571 609 μηδὲ
1594 573 1628 600 τὰ
1651 573 1811 610 γεννώμενα
1830 574 1919 607 τίθη·

1084 615 1170 644 λέναι.
1201 616 1250 643 Καὶ
1275 617 1351 653 ὅμως
1377 618 1604 655 προεκτιθέμενος
1633 617 1842 655 ὑπισχνοῦμαι,
1875 618 1918 649 ὡς

1083 659 1166 697 εὐχὴν
1199 660 1246 696 μὲν
1276 660 1424 688 ἀποδοῦναι
1453 662 1524 689 πάνυ
1551 673 1577 689 τι
1605 662 1839 699 ἀναγκαιότατον,
1866 663 1917 689 καὶ

1082 702 1144 731 οὐδὲ
1159 703 1317 739 διεξοδικὸν,
1344 705 1385 733 ὅτι
1406 704 1474 742 μηδέ
1503 705 1678 744 λιχνεύονται
1697 707 1730 733 τά
1753 717 1783 743 γε
1798 709 1918 734 τοιαῦτα

1081 749 1107 776 οἱ
1137 749 1265 786 ἀκροαταὶ
1295 750 1334 782 εἷς
1362 750 1449 778 πολὺν
1483 750 1644 787 πλατυσμόν
1661 773 1667 779 .
1699 751 1830 788 ’Δρκοῦσι
1857 752 1915 789 γὰρ

1079 793 1124 820 καὶ
1149 794 1253 831 βραχέα
1279 794 1399 832 ῥήματα,
1429 795 1478 829 τήν
1508 794 1654 832 ὲπιθυμίαν
1683 794 1846 828 ἀποπλῆσαι
1871 798 1915 832 τῷ

199 839 345 877 εὖχομὲνῳ
359 849 388 866 τε
407 838 451 865 καὶ
470 840 510 874 τῷ
529 836 726 875 ὑποδεχομίνῳ
745 837 778 864 τὰ
793 840 843 872 τῆς
860 837 959 875 εὐχῆς,
975 837 1019 864 καὶ
1039 836 1088 865 οὐκ
1107 836 1137 865 ἃν
1151 838 1257 876 γένοιτό
1271 849 1338 867 ποτε
1356 839 1416 867 κίαν
1438 838 1659 878 πραγματιιῶόες
1679 840 1711 868 τὸ
1731 839 1757 867 ἐν
1771 841 1914 872 τοιούτοις

198 882 336 922 εὔχεσθαι.

230 940 258 967 6.
274 940 343 971 Qua
357 938 394 966 ad
409 937 570 965 orationem
587 937 743 972 pertinent,
762 936 864 972 paucis
875 936 938 972 jam
955 943 1018 971 per-

1109 934 1140 965 δ¹.
1158 936 1206 964 Καὶ
1223 937 1294 964 οὕτω
1321 938 1367 974 μὶν
1393 937 1650 976 προκεφαλαιοῖιμαι
1671 938 1704 965 τά
1718 948 1750 976 γε
1764 937 1805 968 εἷς
1822 937 1908 975 χάριν

199 984 304 1012 strinxi
319 992 325 1017 ;
353 982 486 1010 doctrina
501 981 693 1017 subsequitur
707 986 736 1009 et
757 981 822 1017 ipsa
837 980 952 1016 triplex.
969 981 1022 1008 Ast

197 1029 228 1056 in
245 1026 370 1063 singulis
379 1026 487 1054 eadem
499 1028 569 1053 sunt
584 1025 886 1053 difﬁcultatce.Primo
903 1024 1021 1061 quidem

196 1073 352 1100 verborum
360 1071 482 1107 penuria
489 1079 534 1098 me
546 1070 692 1106 vexat,qui
700 1071 735 1098 ab
743 1069 931 1098 incunabulis
938 1068 1023 1097 aliter

197 1118 317 1146 edoctus
325 1116 376 1150 fui;
384 1116 490 1143 deinde
498 1116 535 1142 ab
544 1115 673 1150 antiquis
683 1114 864 1150 temporibus
871 1122 1022 1142 sacrorum

198 1162 295 1190 cultus
310 1163 338 1188 et
353 1161 486 1188 doctrina
501 1160 655 1187 nobiscum
676 1162 744 1187 nata
769 1159 933 1187 consenuit.
950 1159 1021 1186 Pro-

198 1209 297 1242 pterea
315 1205 422 1241 plures,
440 1207 519 1240 puto,
546 1212 696 1231 sermones
721 1204 872 1231 hortantes
896 1203 930 1229 ad
944 1202 1021 1237 jeju-

197 1250 442 1286 nium,optimam
458 1251 621 1276 tractarunt
637 1248 789 1275 materiam
804 1269 810 1281 ,
828 1248 868 1274 ita
883 1246 1021 1274 onerarias

198 1303 296 1328 naves,
314 1293 415 1321 multis
430 1293 556 1328 gravidae
574 1292 728 1324 mercibus,
738 1299 818 1318 mare
832 1292 1019 1326 trajecerant.

199 1338 396 1366 Novissimam
422 1337 526 1364 dicunt
551 1337 727 1364 cantilenam
760 1344 824 1363 esse
856 1337 1020 1371 pergratam

201 1382 387 1415 hominibus;
402 1390 502 1409 verum
520 1381 569 1408 ubi
586 1389 700 1408 carmen
723 1389 798 1416 saepe
813 1381 920 1416 saepius
936 1380 1022 1407 fuerit

199 1430 361 1460 cantatum,
378 1426 403 1454 si
420 1426 527 1453 mentis
543 1433 612 1461 ager
626 1425 714 1452 fuerit
735 1425 854 1452 omnino
878 1424 1019 1458 sulcatus,

197 1480 297 1499 vereor
311 1471 347 1498 ad
364 1478 482 1506 operam
504 1470 650 1498 accedere.
676 1469 866 1504 Eloquentem
897 1477 1021 1504 praever-

196 1519 264 1544 tunt
277 1517 427 1544 auditores
442 1519 470 1543 et
485 1516 590 1542 rubore
605 1514 789 1549 suffundunt,
807 1515 876 1542 dum
894 1514 1021 1550 peregri-

198 1564 306 1589 nantur
321 1560 529 1588 aures.Natura
545 1559 623 1587 enim
640 1559 681 1586 ita
695 1567 798 1586 sumus
815 1559 1022 1594 comparati,ut

199 1606 372 1642 plerumque
388 1605 513 1632 assuetis
525 1604 612 1632 rebus
628 1612 714 1631 aures
730 1603 1021 1638 occludamus,atque
1038 1617 1059 1651 α

184 1650 371 1678 recedamus
386 1658 420 1676 ex
435 1649 557 1677 ecclesia
572 1649 601 1676 in
625 1657 682 1684 qua
699 1649 784 1676 nobis
810 1651 937 1684 pernota:
953 1657 1021 1684 pro-

199 1697 348 1731 ponuntur
363 1694 502 1727 materiae,
518 1694 647 1721 dicentes
665 1701 671 1720 :
689 1693 805 1721 Scimus
830 1693 890 1720 haec
910 1692 1018 1725 omnia,

197 1742 226 1767 et
241 1739 286 1767 his
301 1739 489 1767 sermonibus
505 1738 643 1765 nolumus
671 1737 835 1772 defetigari.
863 1736 936 1769 Quid
954 1737 1020 1764 inde

196 1783 351 1820 sequitur?
367 1783 397 1811 In
413 1790 522 1810 vanum
534 1782 647 1809 laborat
658 1784 755 1808 orator
772 1784 803 1808 ut
814 1781 1021 1809 suosincantet

196 1828 346 1856 auditores
357 1837 365 1860 ;
376 1826 506 1862 loquitur
517 1825 595 1853 enim
608 1826 684 1853 sicut
694 1824 862 1860 cymbalum
878 1825 1018 1853 tinniens.

196 1872 260 1899 Haac
294 1871 366 1898 mihi
398 1871 527 1898 secunda
560 1877 649 1897 causa
681 1872 726 1897 est
760 1878 812 1897 cur
853 1877 1019 1897 sermonem

196 1915 428 1951 perhorrescam.

1077 980 1172 1018 εὐχῆς·
1191 980 1294 1017 διδάξαι
1309 981 1337 1009 δὲ
1350 983 1419 1018 ὑμᾶς
1431 999 1463 1004 -
1474 981 1547 1010 ἀλλὰ
1557 986 1641 1020 τριχῆ
1653 982 1699 1009 καὶ
1712 982 1910 1019 αὖτό.Ἒμοιγ’

1077 1024 1123 1052 οὖν
1163 1024 1265 1062 ἄπορον
1303 1026 1443 1066 φαίνεται’
1474 1027 1518 1054 καὶ
1552 1029 1648 1064 πρῶτα
1683 1027 1730 1064 μὲν
1759 1029 1830 1054 κατὰ
1857 1028 1907 1061 τὴν

1076 1070 1136 1107 περὶ
1164 1069 1263 1108 λόγους
1293 1071 1395 1107 πενίαν,
1424 1072 1455 1105 ἢν
1485 1070 1589 1108 δαψιλῆ
1619 1071 1743 1105 πλουτῶ,
1814 1071 1907 1098 συντί-

1077 1119 1211 1152 θραμμαι·
1244 1116 1297 1143 εῖνα
1325 1117 1368 1143 καὶ
1398 1115 1440 1143 ὅτι
1468 1115 1580 1146 αἰώνιος
1609 1115 1701 1152 ἰξότου
1736 1117 1841 1154 χρόνος

1075 1160 1134 1191 καθ’
1171 1161 1245 1196 ἡμᾶς
1272 1159 1405 1198 ἱερωτάτη
1435 1160 1564 1198 θρησκείᾳ
1593 1159 1706 1196 τοιαύτη
1742 1163 1792 1188 τοῦ
1822 1159 1905 1198 λόγον

1076 1202 1131 1231 ἰδία
1159 1204 1204 1231 καὶ
1234 1204 1428 1242 συγγεγένηται
1453 1204 1498 1232 καὶ
1527 1205 1758 1242 παρεκτειναμένη
1791 1215 1877 1242 συγγε
1894 1221 1905 1226 -

1074 1249 1187 1285 γήρακε.
1205 1249 1250 1276 Διὸ
1274 1249 1318 1276 καὶ
1342 1247 1476 1285 πλείονες,
1507 1249 1595 1285 οἶμαι,
1621 1247 1698 1286 λόγοι
1722 1249 1752 1276 τὸ
1777 1251 1904 1276 τοιοῦτον

1075 1292 1172 1329 ἀγαθὸν
1203 1291 1324 1331 ἔτριψαν,
1352 1293 1384 1321 τὰ
1412 1294 1573 1328 νηστευτικὶ
1599 1292 1855 1330 παραγγέλλοντες,
1885 1294 1903 1328 ἧ

1075 1347 1124 1374 περ
1140 1340 1277 1376 φορτηγῑοί
1302 1341 1365 1373 νῆες
1391 1338 1498 1375 ἀγαθῶν
1526 1337 1681 1373 πλήθουσαι
1699 1339 1749 1373 τὴν
1767 1337 1902 1365 θάλασσαν

1075 1379 1181 1417 ἔτεμον.
1199 1382 1277 1410 "Ost
1306 1381 1444 1416 νεωτάτης
1473 1382 1520 1418 μὶν
1549 1382 1589 1408 ἀεὶ
1619 1380 1789 1419 φιλουμένης
1815 1380 1903 1418 ᾠδῆς,

1075 1425 1181 1459 ἀπάσης
1199 1424 1227 1453 δὶ
1247 1427 1378 1461 τοιαύτης
1397 1425 1499 1456 ἐννοίας
1522 1425 1657 1458 κάνταῦθα
1671 1425 1810 1457 πολλάκις
1828 1427 1903 1463 ἁμα-

1076 1470 1222 1505 ξευθείσης,
1239 1470 1253 1497 ὃ
1277 1469 1310 1504 δὴ
1337 1469 1456 1508 λέγεται,
1484 1470 1528 1497 καὶ
1552 1469 1688 1507 μηδεμιᾶς
1704 1470 1838 1508 ἀτρίπτου
1854 1481 1903 1498 πε-

1076 1513 1302 1552 ριλελειμμένης,
1321 1512 1399 1541 ὄκνον
1423 1512 1543 1551 ἕλλογον
1568 1513 1625 1552 ἔχω
1651 1513 1757 1550 λαλεῖν,
1782 1515 1850 1552 ἅπερ
1874 1515 1903 1542 οἱ

1076 1559 1247 1595 ἀκροώμενοι
1278 1558 1498 1597 προαρπάζοντες
1528 1559 1577 1596 ἑμὶ
1605 1559 1651 1596 μὲν
1675 1557 1900 1595 καταιδέσουσιν,

1077 1602 1155 1629 αὐτοὶ
1180 1601 1209 1629 δὲ
1230 1602 1437 1629 ἀποκναίσονται
1467 1603 1535 1640 πρὸς
1562 1603 1612 1637 τήν
1638 1600 1733 1630 διόλου
1758 1603 1899 1640 ἀκρόασιν

1077 1647 1133 1674 ἐπεὶ
1157 1647 1202 1674 καὶ
1229 1647 1306 1686 φύσει
1329 1649 1410 1675 τοῦτο
1434 1648 1577 1685 πάσχομεν
1603 1646 1752 1684 ἅνθρωποι,
1777 1648 1814 1678 ὡς
1840 1647 1899 1674 im-

1074 1691 1145 1720 πολὺ
1162 1691 1294 1723 κλείοντες
1311 1691 1338 1719 ἐν
1358 1694 1416 1722 τοῖς
1436 1692 1572 1723 τοιούτοις
1599 1691 1646 1723 τὰς
1669 1692 1762 1727 ἀκοὰς,
1785 1691 1832 1719 καί
1847 1703 1900 1719 που

1073 1736 1118 1764 καὶ
1148 1735 1341 1772 ἀποπηδῶντες
1367 1740 1418 1771 τῆς
1447 1736 1578 1772 συνάξεως
1603 1735 1628 1764 ἐν
1655 1735 1695 1772 τῷ
1715 1737 1898 1774 κατηχεῖσθαι

1073 1782 1107 1808 τὰ
1119 1782 1255 1820 γνώριμα,
1282 1781 1327 1808 καὶ
1352 1782 1566 1820 ἁναφωνοῦντες,
1590 1780 1628 1812 ὡς
1649 1793 1663 1806 ‹‹
1680 1779 1800 1815 Οἴδαμεν
1815 1783 1899 1808 ταῦτα

1074 1825 1169 1861 πάντα,
1185 1825 1230 1853 καὶ
1246 1825 1278 1853 οὐ
1303 1824 1420 1862 δεόμεθα
1441 1824 1648 1863 ἑνασχολεῖσθαι
1662 1825 1799 1856 τοιούτοις
1815 1825 1898 1853 ἁκού-

1074 1879 1182 1907 σμασιν’
1200 1882 1214 1895 ››
1232 1870 1269 1900 ὡς
1293 1869 1412 1902 ἐντεῦθεν
1439 1870 1484 1897 τὸν
1509 1868 1669 1897 διδάσκοντα
1695 1870 1782 1906 μάτην
1803 1869 1900 1907 περιᾴ-

1075 1914 1129 1943 δειν
1144 1915 1176 1942 τὸ
1190 1913 1391 1950 διδασκαλεῖον,
1414 1913 1458 1942 καὶ
1481 1915 1518 1946 ὠς
1544 1913 1582 1945 εἰς
1601 1911 1744 1951 κύμϐαλον
1759 1913 1896 1949 ἀλαλάζον

199 1958 365 1997 λογίζεσθαι.
387 1958 475 1986 Τοῦτό
497 1969 542 1995 μοι
558 1957 602 1985 καὶ
618 1957 648 1985 τὸ
662 1956 785 1995 δεύτερον
798 1957 885 1985 αἴτιον
901 1959 948 1985 τοῦ
965 1957 1137 1992 εὐλαϐεῖσθαι
1152 1959 1200 1993 τὴν
1218 1958 1328 1987 λαλιάν.

230 2013 258 2041 5.
275 2012 371 2040 Tertia
387 2015 495 2044 autem,
512 2021 603 2048 eaque
624 2013 718 2048 major
732 2014 761 2040 et
775 2012 890 2049 gravior
918 2022 1017 2046 causa,

194 2059 224 2086 in
240 2057 371 2086 solatorii
387 2057 502 2094 generis
517 2057 580 2093 lege
595 2059 624 2084 et
638 2065 772 2085 sermone
784 2057 926 2085 consistit.
942 2059 1019 2090 Quo-

195 2103 282 2131 modo
299 2103 377 2130 enim
394 2102 544 2130 solaturus
559 2110 626 2129 sum
642 2102 724 2134 alios,
743 2104 794 2138 qui
823 2103 858 2129 ad
894 2105 1018 2129 mortem

194 2147 288 2174 tristis
312 2155 377 2174 sum
404 2147 434 2173 in
461 2148 560 2174 anima
584 2146 672 2174 mea?
688 2147 839 2179 Quomodo
867 2154 966 2174 vocem
982 2147 1018 2174 ad

194 2191 296 2219 dulces
311 2192 465 2220 solationis
482 2192 618 2219 modulos
635 2190 845 2226 inclinabo,qui
858 2200 916 2226 prae
930 2191 1020 2226 gemi-

194 2237 275 2264 tibus
296 2236 385 2264 verba
413 2244 523 2270 nequeo
549 2235 705 2271 proloqui?
719 2236 870 2268 Quomodo
893 2235 1019 2263 afﬂictus

195 2281 259 2316 ipse
273 2281 397 2308 aliorum
409 2279 560 2308 doloribus
576 2280 694 2307 ati‘eram
718 2280 881 2307 remedium
894 2282 904 2306 ξ
919 2280 1020 2307 Nonne

195 2325 301 2353 merito
316 2325 388 2352 illud
407 2325 563 2352 auditurus
577 2332 642 2351 sum
661 2332 667 2351 :
685 2335 698 2348 ‹‹
714 2325 832 2357 Medice,
850 2332 920 2351 cura
944 2323 1021 2360 teip-

196 2377 263 2396 sum
274 2369 288 2396 ?
304 2380 318 2393 »
335 2370 392 2396 Ista
407 2372 450 2396 est
466 2377 556 2396 causa
569 2368 665 2395 tertia.
682 2368 801 2404 Triplici
819 2368 910 2403 igitur
934 2376 1019 2395 coan-

195 2415 333 2449 gustatus
348 2414 463 2441 vinculo
493 2413 528 2440 ad
558 2412 708 2440 silentium
739 2413 873 2448 redigor;
890 2414 1019 2440 attamen

197 2465 253 2484 non
279 2458 349 2485 cedo
367 2466 373 2485 :
390 2457 490 2485 multis
514 2457 591 2485 enim
615 2458 650 2485 de
674 2465 790 2485 recessu
816 2457 969 2493 perpensis
985 2458 1021 2484 ad

195 2501 272 2529 hanc
281 2510 402 2538 propero
411 2501 740 2538 concionem.Aliegatas
749 2502 886 2529 materias
895 2501 1022 2529 maxima

1110 2013 1139 2041 ε’,
1156 2013 1191 2039 Τὸ
1214 2011 1242 2039 δὲ
1265 2022 1297 2049 γι
1321 2013 1412 2050 τριτον
1441 2014 1488 2039 καῖ
1520 2014 1611 2048 μεῖζον
1640 2011 1686 2039 καὶ
1716 2011 1868 2049 βιαιότερον
1884 2011 1898 2038 ὁ

1073 2057 1299 2095 παρηγορητικὸς
1327 2056 1372 2084 καὶ
1402 2056 1485 2092 νόμος
1513 2056 1559 2083 καὶ
1589 2055 1682 2094 λόγος.
1699 2056 1761 2086 Πῶς
1791 2055 1843 2092 γὰρ
1869 2055 1899 2082 ἂν

1073 2102 1119 2129 καὶ
1135 2100 1381 2139 παρηγορησαίμην
1403 2099 1505 2131 ἄλλους
1530 2101 1544 2128 ὁ
1558 2101 1607 2134 τὴν
1628 2100 1720 2138 ψυχὴν
1747 2099 1900 2138 περίλυπος

1072 2144 1125 2176 ἕως
1157 2147 1255 2182 μικροῦ
1282 2145 1326 2172 καὶ
1356 2144 1393 2176 εἰς
1417 2144 1528 2171 θάνατον
1545 2154 1551 2179 ς
1568 2146 1629 2175 Πῶς
1645 2143 1674 2171 δὲ
1687 2143 1716 2171 ἃν
1737 2142 1899 2182 διαρθρώσω

1075 2190 1167 2228 φωνὴν
1195 2189 1239 2216 ἐπὶ
1266 2188 1526 2227 παραμυθίᾳὸτοῖς
1553 2191 1715 2226 στεναγμοῖς
1743 2188 1775 2215 τὸ
1804 2186 1897 2215 λαλεῖν

1076 2234 1298 2272 ἐγκοπτόμενος;
1327 2235 1389 2264 Πῶς
1404 2231 1427 2260 δ⁸
1456 2232 1486 2260 ἂν
1517 2233 1530 2260 ὁ
1559 2233 1712 2271 περιπαθὴς
1738 2231 1841 2269 ἑτέροις
1857 2231 1900 2259 ἐπὶ

1074 2279 1169 2310 πάθεσι
1200 2276 1341 2315 θεραπείαν
1363 2277 1548 2315 τεχνώμενος,
1566 2277 1618 2304 οὐκ
1643 2276 1803 2313 ἀκούσωμαί
1818 2281 1897 2307 ποθεν

1075 2324 1222 2362 πρυσφυῶς
1234 2321 1276 2350 τό.
1295 2334 1309 2348 ‹‹
1326 2321 1421 2358 Ἰατρὶ,
1446 2322 1608 2360 θεράπευσον
1630 2320 1740 2348 σεαυτόν
1758 2331 1765 2355 ;
1783 2333 1797 2346 ›)
1814 2317 1899 2348 Τοῦτό

1078 2379 1124 2404 μοι
1148 2367 1192 2394 καὶ
1220 2367 1251 2394 τὸ
1275 2366 1377 2401 τρίτον,
1405 2364 1506 2393 οὐκοῦν
1531 2365 1570 2397 ὡς
1587 2367 1632 2393 οἷα
1654 2365 1799 2403 τριπλόκῳ
1811 2364 1898 2400 τούτῳ

1076 2411 1191 2450 σχοινίῳ
1215 2411 1381 2448 ἀγχόμενος,
1408 2410 1537 2448 βιάζομαι
1565 2412 1655 2448 σιγᾷν,
1682 2409 1704 2438 εἶ
1720 2409 1765 2437 καὶ
1788 2410 1827 2446 μή
1843 2408 1899 2436 πεί-

1077 2458 1170 2492 θομαι·
1198 2466 1243 2483 και
1269 2454 1362 2483 πολλὰ
1391 2454 1570 2493 λογισάμενος
1597 2454 1637 2486 εἲς
1665 2453 1895 2489 ἀποδυσπέτησιν,

1077 2500 1137 2528 ἴδοὺ
1149 2500 1260 2538 γίνομαι
1288 2502 1339 2534 τῆς
1354 2497 1545 2535 συνιλεύσεως,
1571 2498 1616 2526 καὶ
1639 2499 1766 2536 ὁσιοῦμαι
1790 2498 1825 2525 τὰ
1836 2507 1899 2535 προ-

195 2553 359 2582 prosequor
382 2547 553 2580 reverentia,
579 2547 665 2574 sicuti
691 2547 774 2574 decet
797 2548 909 2582 patrem
934 2555 1018 2574 sene-

1078 2544 1225 2582 τεθειμένα,
1241 2544 1278 2575 ὡς
1308 2543 1379 2574 εἰκὸς
1407 2545 1520 2575 ποιῆσαι
1548 2542 1661 2581 γέροντα
1687 2545 1812 2577 παππᾶν,
1829 2541 1898 2569 οὕτω

195 2594 325 2619 scentem
343 2600 350 2624 ;
367 2591 541 2619 necessitate
555 2599 621 2619 vero
637 2594 765 2625 coactus,
791 2591 848 2618 tria
872 2591 1020 2626 proposita

195 2635 290 2672 capita
306 2635 420 2669 metior,
438 2636 466 2663 in
482 2638 624 2671 quantum
641 2635 826 2670 profuturum
844 2635 883 2663 sit
899 2644 905 2663 :
923 2635 1021 2662 multi-

193 2680 295 2717 loquia
311 2680 389 2708 enim
406 2683 434 2708 et
452 2681 607 2708 verborum
631 2680 798 2708 resonantia
822 2680 877 2708 hoc
902 2679 932 2707 in
958 2679 1020 2707 loco

193 2725 268 2753 nihil
286 2725 481 2762 prosunt.Res
496 2725 576 2760 ipsas
592 2725 790 2760 dispositurus
800 2733 866 2752 sum
880 2732 930 2760 per
944 2724 1020 2752 viam

193 2769 309 2797 facilem
325 2771 353 2796 et
368 2769 634 2804 expeditam,atque
648 2768 691 2796 sic
706 2769 741 2797 ad
759 2769 846 2797 ﬁnem
860 2771 1020 2797 conventus

194 2820 316 2848 pergam
331 2822 337 2847 ;
351 2813 472 2842 initium
488 2820 556 2840 vero
571 2821 688 2841 sumam
704 2821 719 2841 e
735 2822 834 2841 rerum
850 2815 965 2841 natura.

1075 2589 1254 2626 διακείμενον.
1285 2589 1411 2625 Χωρήσω
1440 2587 1484 2615 οὖν
1512 2588 1661 2625 ἀναγκαίως
1692 2586 1736 2615 διὰ
1753 2589 1807 2614 τῶν
1824 2586 1897 2614 ἐκτε-

1075 2635 1204 2670 θειμὲνιυν
1227 2635 1308 2670 τριῶν
1335 2632 1502 2672 κεφαλαίων,
1527 2632 1565 2663 εἷς
1582 2633 1643 2660 ὅσον
1668 2632 1834 2668 σύμμετρον·
1849 2641 1899 2657 πο-

1075 2678 1192 2717 λυλογίᾳ
1206 2678 1255 2715 γὰρ
1283 2677 1445 2716 ἑγκροαίνειν
1473 2674 1632 2714 ἀϐρότερον,
1650 2676 1712 2704 οὔτε
1737 2675 1820 2711 ἔστιν,
1837 2673 1899 2702 οὔτε

1074 2721 1159 2759 ἔξεστι
1175 2731 1181 2738 ·
1211 2722 1256 2749 καὶ
1285 2721 1433 2759 ἀναμιγνὺς
1452 2721 1519 2749 αὐτὰ
1539 2721 1588 2748 οὐκ
1611 2720 1752 2758 άμεθόόως
1771 2743 1778 2755 ,
1797 2719 1843 2747 καὶ
1863 2717 1899 2746 δι’

1075 2766 1207 2803 ἀλλήλων
1228 2764 1299 2804 ἄγων
1315 2787 1322 2801 ,
1349 2765 1539 2803 περαιώσομαι
1557 2766 1603 2793 τὸν
1625 2765 1726 2793 σκοπὸν
1746 2768 1795 2799 τῆς
1817 2763 1896 2790 συνά-

1075 2813 1150 2848 ξεως,
1171 2811 1331 2850 ἁρξαμενος,
1348 2811 1406 2838 ὅθεν
1420 2809 1569 2848 εὐλογητὸν
1583 2809 1722 2848 ἄρχεσθαι.
1859 2820 1871 2835 λ
