1992 3158
59 191 116 222 681

567 193 607 223 XN
630 194 663 224 S.
687 191 1026 229 QUADRAGESIMAM
1051 192 1195 224 ORATIO
1217 194 1270 225 ιν.

1710 196 1771 226 682

96 261 128 290 ς’.
145 258 177 286 Ὁ
200 258 275 292 Θεὸς,
293 259 307 285 ὁ
335 257 389 294 πρὸ
416 257 524 286 αἲώνων
549 259 594 286 καὶ
624 258 689 297 ὑπὲρ
716 258 825 295 αἰῶνας,
847 257 889 286 ὅτι

981 259 1008 286 6.
1026 259 1110 294 Deus,
1126 260 1175 296 qui
1191 262 1235 287 est
1256 262 1324 288 ante
1338 262 1366 289 et
1380 269 1468 296 super
1482 261 1581 289 omnia
1604 261 1720 295 saecula,
1737 269 1772 289 eo

61 302 105 330 καὶ
120 303 245 337 ποιητὴς
258 302 363 330 αἰώνων
380 303 423 340 (οὐ
442 303 473 330 τὸ
498 302 617 342 ἄναρχον
646 303 692 331 καῖ
715 304 890 341 προάναρχον

62 347 147 375 ιῐπεῖν
165 348 213 384 μὲν
233 345 287 375 ἔστι
311 348 378 374 κατὰ
406 349 468 375 νοῦν
500 348 588 385 ὀρθὸν,
604 348 649 375 καὶ
682 346 891 386 βεϐαιώσασθαι,

61 393 104 420 καὶ
131 391 231 430 καρδίᾳ
254 392 300 420 καὶ
326 391 440 429 στόματι
456 391 722 430 ἀνομολογήσασθαι,
738 396 833 427 νοῆσαι
864 392 892 419 δὲ

61 437 130 474 πρὸς
157 434 297 474 ἀκρίϐειαν
322 437 366 464 καὶ
391 435 551 474 ἐμϐαθῦναι,
568 436 768 475 δυσμήχανον),
784 438 817 471 ἦν
843 437 890 473 μὶν

63 482 113 516 ἀεὶ,
132 482 225 520 ὥσπερ
240 481 286 508 καὶ
310 480 365 509 ἔστι
397 482 442 509 καὶ
471 479 564 509 ἔσται·
590 481 651 509 οὔτε
680 480 709 509 δὲ
735 484 788 509 τῶν
818 492 891 512 τινος

61 526 207 563 ἡμετέρων
238 525 328 562 δέησιν
359 523 423 564 ἔσχε
451 526 527 560 ποτὲ,
545 525 607 554 οὔτι
632 525 766 561 δεῆσιται.
782 526 814 554 Εἰ
840 526 892 563 γὰρ

62 570 162 606 ἐδέετο,
180 570 307 606 ἐποίησεν
323 569 353 598 ἂν
369 571 443 607 ἡμᾶς
472 570 551 609 ἐγγὺς
575 587 607 592 —-
633 571 815 608 προαιωνίους
845 571 891 607 μὶν

63 614 173 649 οὔκουν,
191 615 286 643 ταύτὸν
304 614 332 643 δὲ
348 615 438 654 φάναι,
456 614 642 651 συναιωνίους,
659 615 733 650 πλὴν
754 614 818 642 οὐδὲ
844 617 893 642 τοῦ

63 660 183 698 ἔσχατοι)
204 660 315 694 αἰῶνος,
329 659 402 688 ἀλλὰ
426 660 479 698 πρὸ
503 659 617 687 πολλῶν
643 659 760 687 αίώνων.
777 659 893 697 Ἀρκού-

64 715 146 741 μενος
162 703 192 732 δὲ
206 707 240 741 τῇ
256 704 343 740 οἰκείᾳ
362 704 451 740 οὐσίᾳ,
468 705 511 732 καὶ
541 705 572 731 τὸ
602 704 788 741 πληρέστατον
817 705 893 731 ἄπει-

63 760 109 786 ρον
126 748 200 787 ἔχων
218 749 256 781 είς
283 748 414 783 ἀνενδεὲς,
431 749 476 776 καὶ
503 747 621 785 μηδενὸς
647 748 811 785 λειπόμενος
837 751 891 776 τῶν

62 795 113 821 ὅσα
128 795 175 821 καὶ
204 792 304 831 ἔπρεπε
332 795 400 821 Θεοῦ
423 793 580 830 ἀγαοότητι,
597 793 641 820 καὶ
670 797 734 821 πᾶσι
756 796 894 824 τοιοῦτοις

64 838 273 875 ὗπερπλουτὼν,
299 838 409 876 ὕστερον
433 836 523 866 εἴλιτο
547 838 596 872 τήν
621 839 755 876 ἡμετέραν
781 838 892 872 πλάσιν,

63 883 93 910 οὗ
109 882 145 910 δι’
160 883 267 917 ἑαυτὸν,
284 882 356 910 ἀλλὰ
380 881 414 910 δι’
435 883 509 919 ἡμᾶς
532 881 697 916 αὖτοὺς,’ίνα
722 881 794 909 οὕτω
819 882 893 916 πλη-

64 929 149 962 θυνεῖ,
166 927 204 958 ὡς
230 927 327 962 εἰπεῖν,
344 927 463 963 θεότητι,
487 927 686 965 προστεθέντων
708 928 788 964 ἡμῶν
817 926 893 964 λόγῳ

65 972 164 1004 δέσεως
179 974 218 1009 τῷ
233 971 301 1000 κατὰ
314 971 391 1011 φύσιν
408 973 475 1007 Θεῷ.

101 1063 131 1095 ζ’.
151 1061 227 1089 Ἐπεὶ
257 1059 286 1088 δὶ
313 1061 331 1095 ἡ
362 1061 454 1098 μήτηρ
486 1063 522 1097 γῆ
551 1059 692 1092 καθέλκειν
721 1059 760 1090 sic
797 1059 893 1094 ἑαυτὴν

66 1106 137 1143 εἶχεν
176 1107 262 1141 ἡμᾶς,
292 1105 436 1136 ὀκνοῦντας
475 1105 685 1143 ἀνωφορεῖσθαι,
721 1105 892 1142 προϋπεστή-

66 1159 130 1177 σατο
145 1150 191 1177 καὶ
210 1149 332 1188 φύλακας
350 1150 419 1186 ἡμῖν
441 1149 505 1181 τοὺς
532 1149 694 1186 ἀσωμάτους
717 1149 811 1186 ἁγίους
839 1159 893 1186 χο-

66 1193 142 1230 ροὺς,
169 1195 247 1232 φῶτα
275 1192 392 1224 ἐκείνους
420 1191 541 1230 δεύτερα,
570 1192 738 1230 πυρσεύοντα
765 1193 832 1228 ἡμῖν
862 1193 893 1220 τὸ

66 1238 215 1273 σωτήριον·
232 1237 277 1264 καὶ
292 1237 439 1272 έπαύξοντα
464 1236 499 1274 τῇ
527 1239 600 1275 σφῶν
618 1236 741 1272 διακονίᾳ
753 1238 804 1271 τὴν
820 1237 893 1268 θείαν

65 1281 217 1318 ἔλλαμψιν,
233 1282 264 1308 οὗ
288 1282 370 1318 χάριν
393 1281 438 1309 καὶ
467 1281 590 1319 ζώπυρον
619 1282 689 1317 ἡμῖν
716 1281 829 1315 ἐνέθετο,
846 1292 894 1309 πε-

65 1327 151 1364 ουκὸς
180 1325 316 1362 Πνεύματι
341 1326 407 1362 θείῳ
428 1326 578 1363 ῥιπίζεσθαι
593 1325 639 1352 καὶ
668 1326 829 1358 ἀνάπτεσθαι
855 1324 894 1357 εἴς

65 1382 92 1398 τε
107 1371 139 1398 τὸ
157 1370 269 1407 λάμπον
285 1371 311 1398 έν
326 1370 433 1406 κόσμῳ,
448 1370 493 1397 καὶ
513 1370 551 1401 εἷς
575 1370 607 1398 τὸ
631 1370 676 1397 καὶ
707 1370 813 1406 θύματα
827 1372 894 1398 Θεοῦ

66 1416 110 1443 καὶ
137 1416 222 1447 θύτας
250 1416 324 1451 ἡμᾶς
354 1414 451 1446 αὐτοὺς
479 1413 633 1450 ἀποτελεῖν,
658 1414 703 1442 καὶ
732 1415 769 1446 ὡς
800 1416 896 1451 θυμιά-

69 1471 140 1495 ματα
155 1458 186 1487 δὲ
200 1459 405 1491 κατευθύνεσθαι
421 1458 458 1490 εἷς
475 1458 566 1487 αὐτόν.

102 1514 137 1549 η’.
153 1513 228 1541 Ἐπιῖ
256 1511 284 1540 δὶ
305 1513 337 1540 τὸ
360 1511 544 1549 ἀντικείμενον
570 1514 676 1549 πνεῦμα
704 1511 893 1549 έπιπωμάζον,

67 1558 184 1595 καὶμὴν
210 1558 255 1585 καὶ
278 1557 430 1591 ἀντιπνέον,
450 1557 517 1585 ποτὶ
546 1557 593 1594 μὲν
623 1556 761 1595 μαραίνειν
789 1557 820 1584 τὸ
845 1559 894 1584 τοῦ

67 1603 141 1635 θείου
168 1603 255 1641 πυρὸς
285 1601 410 1640 ἐπειρᾶτο
440 1603 558 1639 σπέρμα,
588 1601 633 1628 καὶ
675 1601 779 1641 ἀφιέναι
823 1600 894 1637 μηδὲ

67 1647 286 1685 ὖποσμύχεσθαι,
309 1647 374 1674 ποτὶ
403 1645 431 1674 δὲ
463 1646 508 1674 καὶ
537 1646 645 1685 ἐξαφθὲν
671 1646 716 1673 καὶ
744 1648 893 1684 πυρσιιῦσαν

66 1690 241 1726 ἀπεσϐέννυε,
273 1691 341 1730 βαρὺ
379 1691 539 1725 καταπνέον,
568 1691 706 1718 κάντεῦθεν
747 1691 816 1729 χάος
849 1691 894 1718 καὶ

67 1735 162 1774 ἔρεϐος
192 1739 243 1764 τοῦ
267 1738 325 1764 κατ’
341 1735 483 1774 ἄνθρωπον
513 1735 619 1773 κόσμου
634 1738 834 1773 κατεκαυχᾶτο,
849 1736 893 1763 καὶ

68 1782 203 1813 σκότωσις
222 1781 316 1820 βαθεῖά
343 1792 373 1809 τε
393 1781 439 1808 καὶ
463 1783 564 1818 παχεῖα
591 1780 640 1816 ὅση
670 1780 894 1818 ἐπαρῥησιάζετο·

68 1829 164 1864 πρῶτα
192 1827 240 1863 μὲν
275 1825 300 1861 ἐξ
331 1826 447 1863 ἀνάγκης
475 1826 506 1853 τὸ
532 1824 697 1862 ἀπαύγασμα
724 1827 772 1852 τοῦ
796 1825 896 1862 πατρὸς

68 1875 121 1900 τῶν
150 1871 291 1909 φώτων,ὁ
314 1874 364 1905 τῆς
389 1869 562 1905 δικαιοσύνης
590 1868 671 1904 ἥλιος
700 1869 738 1901 εἷς
767 1873 818 1908 γῆν
848 1869 899 1897 ἐνε-

69 1916 155 1954 χθεὶς,
171 1915 218 1943 καὶ
248 1915 386 1953 ἀστραπὰς
414 1915 567 1950 πληθύνας,
594 1914 639 1942 καὶ
666 1914 827 1952 συνταράξας
851 1914 898 1941 τὸν

70 1961 192 1999 ἄρχοντα
216 1962 266 1988 τοῦ
297 1961 357 1988 καθ’
371 1960 451 1996 ἡμῶν
477 1959 575 1992 κακοῦ,
589 1959 688 1986 ἐκεῖνον
718 1959 765 1996 μὲν
791 1959 829 1989 ὡς
848 1959 898 1993 τήν

69 2008 117 2033 τοῦ
147 2004 290 2043 ὶωσφόρου
319 2005 364 2032 καί
393 2003 492 2038 κλῆσιν
522 2003 567 2030 καὶ
604 2004 699 2040 πρᾶξιν
729 2003 898 2039 ἀποθέμενον

72 2049 268 2087 ἀπεκλήρωσεν
292 2048 333 2080 οἷς
348 2048 446 2086 ἐχρῆν,
461 2048 493 2075 τὸ
522 2048 607 2086 βίαιον
629 2047 731 2075 ἐκείνου
755 2047 900 2085 ἀπαγαγὼν

73 2095 95 2131 ἒξ
124 2096 207 2131 ἡμῶν
233 2096 288 2121 τῶν
317 2092 438 2131 λογικῶν
467 2092 505 2125 είς
519 2094 661 2126 τοσοῦτον,
677 2092 714 2123 ὡς
740 2093 777 2128 μή
801 2091 842 2118 ὅτι
870 2102 900 2128 γε

77 2141 144 2176 ἡμῖν
176 2139 215 2176 μή
247 2136 316 2165 ἔχειν
342 2137 510 2177 ἐπιφύεσθαι,
526 2135 600 2164 ἀλλὰ
629 2135 699 2173 μηδὲ
713 2137 822 2174 χοίροις
836 2138 900 2174 γοῦν

74 2183 252 2220 ἱπεμπίπτειν
269 2182 314 2210 καὶ
331 2182 368 2214 εἰς
385 2180 497 2219 ὄλεθρον
512 2180 576 2220 δίχα
590 2191 620 2218 γε
632 2180 792 2212 κελεύσεως.

109 2238 140 2269 θ’.
155 2235 233 2266 Ἐπεὶ
250 2235 279 2264 ’ὁὶ
294 2235 434 2274 μοχθηρία
450 2236 467 2270 ἡ
488 2235 555 2262 κατὰ
575 2234 743 2272 προαίρεσιν,
759 2236 793 2269 ἧς
818 2235 900 2271 ἡμεῖς

76 2282 213 2320 ἐλάχομεν
241 2281 307 2308 εἶναι
336 2280 439 2318 κύριοι,
463 2280 552 2317 ὥσπερ
581 2279 682 2306 ἐκεῖνον
709 2280 753 2306 τὸν
783 2279 902 2316 πονηρὸν

75 2327 117 2354 τὸν
144 2328 280 2361 Σατανᾶν,
304 2325 375 2352 οὕτω
400 2324 446 2352 καὶ
471 2325 546 2361 ἡμᾶς
576 2324 626 2351 citat
653 2323 736 2358 ἀνῆκε
765 2323 832 2360 μετὰ
854 2324 905 2358 τὴν

76 2373 121 2398 τοῦ
148 2374 282 2408 Σωτῆρος
307 2370 452 2407 ἀνάληψιν,
483 2368 642 2396 ἀνασείουσα
670 2367 708 2399 εἰς
738 2369 903 2395 ἀποστατικᾶ

78 2415 149 2454 ἔργα,
167 2414 204 2443 δι’
219 2415 257 2442 ὧν
283 2415 298 2442 ὁ
322 2412 511 2451 παμϐασιλεὺς
541 2413 605 2444 Θεὸς
629 2413 832 2451 παροργίζεται,
857 2423 904 2448 τη-

78 2464 188 2488 νικαῦτα
217 2461 277 2488 ὅσοι
307 2461 465 2500 φρονήσεως
490 2459 519 2486 εὖ
552 2458 676 2496 εἴχομεν,
693 2459 812 2497 αἴροντες
840 2458 903 2490 τοὺς

80 2507 156 2541 ἡμῶν
179 2504 341 2544 ὀφθαλμοὺς
371 2505 408 2535 εἲς
437 2502 500 2542 ὅρος
529 2503 615 2531 έκεῖνο
638 2504 668 2530 τὸ
697 2503 818 2542 ὕψιστον,
847 2503 906 2536 ὅθεν

81 2551 144 2586 ἡμῖν
172 2550 231 2585 ἥξει
256 2550 379 2588 βοήθεια,
400 2547 628 2586 προεκαλοΰμεθιι
655 2548 723 2575 κατὰ
743 2551 791 2575 τοῦ
821 2559 907 2576 κατω-

81 2595 148 2632 τέρω
162 2595 208 2622 καὶ
223 2594 254 2622 ἐκ
268 2593 403 2622 πεδιάδων
421 2592 558 2630 πολεμίου
586 2593 631 2620 τὸν
658 2593 688 2620 ὲκ
710 2595 760 2625 τῆς
778 2593 906 2620 ἀνωτάτω

82 2638 258 2675 ἀκροπόλεως
282 2640 363 2675 ἡμῶν
387 2638 622 2676 ἀρχιστράτηγον.
641 2638 672 2666 '0
689 2636 717 2665 δὲ
745 2638 791 2664 καὶ
821 2636 907 2668 ἄλλας

85 2684 130 2718 μὶν
148 2683 305 2720 ἰπικουρίας
329 2682 540 2720 ἐξιστειλεν,ὧν
570 2681 620 2709 οὐκ
648 2681 678 2708 ἂν
708 2680 833 2717 αἴσθησις
862 2682 907 2709 ἀν-

84 2725 242 2756 τιλάϐοιτο·
272 2728 297 2756 έν
327 2727 356 2756 δὲ
388 2727 503 2758 ἐκείναις
531 2727 576 2754 καὶ
611 2727 658 2758 τὰς
684 2726 757 2764 ἱερὰς
783 2725 909 2765 διφθέρας

87 2772 228 2809 παρέδοτο,
245 2771 279 2800 δι’
306 2772 342 2801 ὧν
373 2773 420 2800 ὅσα
447 2772 492 2800 καὶ
519 2770 638 2799 ἀσπίδων
669 2771 833 2810 στερεμνίων
862 2772 909 2802 τὰς

86 2819 133 2844 τοῖν
148 2817 282 2853 πολεμίου
305 2818 388 2856 βολὰς
414 2816 648 2854 ἀποκρουσόμεϐα.
666 2818 752 2855 "Ec/01)
779 2816 829 2854 γὰρ
859 2816 909 2843 αὖ-

88 2864 146 2893 τιῖς
171 2863 388 2901 προσεπιγράψαι
412 2863 443 2890 τὸ
468 2862 564 2889 ἑαυτοῦ
584 2859 669 2898 ὄνομα
696 2861 734 2892 εἰς
762 2861 908 2898 ἐπίσημον,

250 2928 378 2958 Ριτκοι..
403 2927 457 2958 Ga.
480 2924 628 2958 CXXXV.

947 303 1024 338 quod
1042 303 1108 331 fecit
1133 306 1161 332 et
1185 304 1302 338 saecula,
1319 305 1429 340 absque
1453 305 1536 333 initio
1562 307 1628 333 ante
1652 305 1770 334 initium

947 347 1100 381 dicendus,
1122 352 1219 376 mente
1241 352 1321 377 recta
1344 349 1562 385 concipiendus,
1578 350 1663 378 corde
1678 352 1706 378 et
1722 359 1771 379 ore

947 400 1020 428 puro
1051 393 1284 429 benedicendus,
1312 393 1462 422 intellectu
1493 396 1591 422 autem
1620 395 1770 430 adsequate

947 437 1155 472 comprehendi
1172 438 1288 473 nequit;
1306 438 1369 473 ipse
1387 440 1450 466 erat
1475 446 1590 474 semper
1613 438 1700 466 sicuti
1716 441 1771 473 est,

948 483 1036 516 atque
1060 482 1125 516 erit,
1143 490 1194 510 nec
1220 482 1309 510 ullam
1336 483 1426 510 nostri
1451 483 1643 519 indigentiam
1667 483 1772 511 habuit

947 534 1042 562 neque
1057 527 1186 554 habebit.
1198 527 1311 554 Etenim
1329 527 1353 554 si
1370 535 1456 563 quam
1474 527 1626 555 habuisset
1640 527 1774 564 indigen-

947 570 1030 602 tiam,
1048 571 1246 607 nosmetipsos
1267 572 1449 600 eﬂ'ormasset
1471 572 1601 608 propius,
1619 581 1676 600 non
1707 575 1774 601 ante

948 615 1063 648 steculu,
1076 616 1126 643 sed
1143 624 1211 643 cum
1226 616 1356 649 sarculis;
1373 616 1501 652 profecto
1518 624 1573 643 non
1588 617 1704 645 fecisset
1719 624 1774 645 nos

948 659 1051 686 ultimo
1073 660 1189 693 saeculo,
1206 661 1255 688 sed
1280 660 1382 688 multis
1406 663 1490 688 antea
1511 660 1635 688 saeculis.
1652 661 1774 696 Propria

948 704 1116 732 substantia
1137 704 1193 732 sibi
1217 705 1336 738 sufficit,
1353 701 1525 732 thesaurum
1542 705 1570 732 in
1587 713 1618 732 se
1642 705 1774 740 possidet

948 747 1095 776 infinitum
1117 751 1204 785 atque
1229 749 1447 784 inexhaustum,
1464 749 1545 776 nulla
1561 757 1590 776 re
1605 751 1686 777 caret
1710 757 1772 784 qum

948 793 1052 820 divinae
1082 794 1258 821 conveniunt
1287 794 1421 828 bonitati,
1446 796 1475 822 et
1503 794 1641 821 omnibus
1670 802 1773 830 super«

949 837 1079 864 abundat
1112 837 1241 872 divitiis;
1268 837 1414 874 posterius
1448 840 1579 866 nostram
1610 838 1775 873 assumpsit

949 882 1083 916 formam,
1111 890 1168 909 non
1198 884 1316 918 propter
1345 881 1548 918 semetipsum,
1575 882 1626 909 sed
1655 884 1776 918 propter

949 935 1012 960 nos,
1030 929 1061 954 ut
1077 935 1130 955 nos
1152 927 1368 963 quodammodo
1384 935 1438 955 sua
1458 927 1595 963 impleret
1609 927 1774 961 divinitate,

948 979 1015 999 eum
1042 979 1096 999 nos
1120 971 1276 1008 adoptione
1304 971 1348 999 illi
1377 971 1571 1007 conjunxerit,
1589 971 1639 1007 qui
1669 973 1775 999 natura

948 1016 1025 1043 Deus
1039 1017 1094 1044 est.

981 1061 1009 1087 7.
1027 1062 1101 1088 Dum
1118 1059 1279 1096 possideret
1291 1062 1320 1088 et
1335 1060 1496 1088 attraheret
1515 1061 1609 1088 mater
1623 1063 1700 1088 terra
1719 1059 1774 1087 ho-

949 1105 1054 1139 mines,
1067 1105 1115 1140 qui
1133 1105 1251 1140 segnius
1268 1105 1302 1132 ad
1319 1104 1424 1132 caelum
1439 1105 1608 1138 tondebant,
1623 1104 1775 1141 proposuit

949 1150 1033 1177 nobis
1051 1150 1126 1177 Deus
1147 1150 1294 1182 custodes,
1311 1149 1444 1177 videlicet
1465 1149 1703 1185 inoorporeorum
1719 1157 1771 1177 an-

949 1194 1079 1230 gelorum
1093 1193 1209 1226 choros.
1223 1196 1254 1221 ut
1270 1193 1427 1222 luminaria
1440 1193 1491 1221 illa
1506 1193 1680 1222 secundaria
1693 1193 1769 1221 viam

948 1239 1053 1266 salutis
1068 1238 1269 1266 illuminarent
1288 1241 1317 1266 et
1336 1238 1452 1266 servitio
1467 1247 1521 1266 suo
1536 1238 1669 1266 divinum
1685 1246 1772 1273 auge—

950 1285 1014 1311 rent
1038 1283 1192 1319 fulgorem.
1208 1283 1298 1310 Nobis
1323 1282 1434 1310 inditus
1459 1285 1503 1310 est
1527 1282 1604 1318 ignis
1619 1283 1702 1310 vivus
1722 1283 1774 1319 qui

949 1330 1055 1355 natura
1070 1336 1123 1356 sua
1143 1327 1261 1355 accendi
1287 1329 1383 1363 potest
1397 1329 1425 1354 et
1440 1327 1616 1355 inﬂammari
1642 1327 1678 1354 ad
1703 1326 1774 1354 illu-

949 1372 1141 1399 minationem
1156 1372 1266 1406 mundi,
1283 1371 1333 1408 qui
1349 1380 1403 1399 nos
1418 1372 1556 1408 perficere
1580 1373 1676 1407 potest
1690 1371 1776 1400 victi-

951 1425 1014 1444 mas
1030 1416 1144 1444 divinas
1167 1418 1255 1452 atque
1270 1416 1493 1450 sacriﬁcatores,
1509 1418 1538 1444 et
1551 1416 1675 1452 dirigere
1699 1416 1776 1444 sicut

950 1462 1103 1489 incensum
1119 1461 1149 1489 in
1168 1461 1215 1489 Dei
1231 1461 1382 1489 honorem.

985 1515 1011 1542 8.
1028 1514 1153 1550 Spiritus
1169 1515 1267 1542 autem
1283 1513 1469 1541 adversarius
1492 1514 1569 1542 hunc
1592 1514 1690 1550 ignem
1714 1514 1777 1542 vult

950 1559 1161 1594 comprimere;
1178 1559 1264 1586 modo
1280 1558 1381 1586 sufﬂat
1395 1567 1410 1585 θ
1426 1558 1580 1586 contrariis
1606 1560 1638 1586 ut
1660 1558 1775 1586 scintil-

950 1602 994 1630 las
1017 1603 1140 1631 flammte
1157 1603 1259 1630 divinas
1285 1603 1445 1638 dispergat,
1461 1603 1548 1630 modo
1572 1603 1691 1630 accendi
1716 1611 1775 1631 non

951 1647 1038 1682 sinit;
1056 1648 1102 1675 hic
1119 1649 1299 1675 cremantem
1324 1649 1352 1675 et
1376 1646 1592 1675 illuminantem
1616 1647 1777 1684 exstinguit

951 1693 1059 1729 ignem,
1076 1692 1164 1728 spirat
1186 1692 1264 1720 enim
1286 1691 1473 1720 vehementer
1497 1699 1512 1719 e
1536 1691 1598 1720 loco
1613 1692 1642 1720 in
1659 1701 1716 1728 quo
1731 1695 1777 1722 est

951 1738 1038 1765 chaos
1053 1739 1082 1765 et
1097 1739 1225 1765 tartarus
1241 1739 1342 1764 contra
1361 1737 1504 1764 mundum
1522 1737 1714 1773 superiorem,
1726 1738 1777 1766 ubi

953 1782 1102 1817 profundae
1132 1781 1271 1817 caligines
1299 1783 1327 1808 et
1356 1781 1496 1817 frigorum
1527 1781 1614 1818 rigor.
1636 1782 1779 1818 Splendor

951 1834 1019 1854 vero
1036 1826 1129 1854 Patris
1144 1825 1302 1860 luminum,
1320 1825 1362 1854 sol
1379 1825 1490 1853 scilicet
1501 1826 1633 1861 justitias,
1650 1826 1698 1854 ubi
1717 1826 1780 1863 pri-

954 1879 1036 1898 mum
1066 1871 1203 1907 apparuit
1234 1870 1263 1898 in
1295 1870 1392 1904 terris,
1409 1872 1436 1898 et
1459 1870 1556 1898 radios
1573 1879 1642 1898 suos
1669 1871 1779 1907 emisit,

955 1916 1055 1943 statim
1072 1915 1256 1943 conturbavit
1277 1917 1424 1943 auctorem
1452 1915 1632 1944 infelicitatis
1656 1918 1780 1951 nostras;

955 1960 1042 1988 sicuti
1065 1960 1148 1996 prius
1174 1959 1352 1994 Luciferum,
1373 1959 1491 1987 nomine
1515 1962 1543 1986 et
1569 1960 1674 1988 virtute
1696 1969 1782 1990 voca-

955 2007 1029 2037 tum,
1053 2004 1203 2040 expulerat
1227 2006 1256 2031 et
1285 2004 1513 2039 proprietatibus
1538 2004 1725 2039 despoliaret,
1742 2006 1784 2034 ita

955 2048 1114 2076 violentum
1131 2048 1268 2082 spiritum
1286 2056 1302 2075 a
1315 2048 1399 2075 nobis
1411 2048 1603 2076 rationalibus
1618 2049 1647 2076 in
1663 2050 1780 2077 tantum

955 2093 1086 2126 abduxit,
1104 2095 1136 2119 ut
1151 2101 1204 2120 nos
1229 2092 1404 2120 immundus
1429 2093 1564 2120 invadere
1587 2101 1645 2120 non
1670 2095 1779 2129 posset,

956 2138 1006 2165 sed
1023 2145 1059 2164 ne
1079 2137 1107 2164 in
1134 2145 1237 2172 porcos
1262 2136 1382 2173 quidem
1408 2137 1444 2164 ad
1473 2136 1590 2164 illorum
1621 2138 1781 2173 perniciem

957 2181 1082 2210 transire
1096 2180 1160 2209 sine
1172 2182 1270 2216 jussu.

991 2236 1017 2262 9.
1035 2236 1088 2262 Ast
1104 2234 1154 2262 ubi
1166 2234 1329 2262 voluntaria
1345 2234 1531 2271 perversitas,
1542 2243 1631 2271 quam
1647 2235 1782 2273 subigere

958 2282 1091 2308 nostrum
1108 2281 1179 2311 erat,
1190 2279 1266 2307 sicut
1283 2281 1422 2307 Satanam
1439 2279 1507 2308 olim
1529 2280 1569 2308 ita
1584 2288 1638 2308 nos
1654 2281 1689 2308 ad
1706 2281 1784 2310 mala

960 2333 1047 2362 opera
1074 2325 1118 2352 vel
1148 2327 1214 2360 post
1242 2326 1442 2361 recuperatam
1473 2325 1596 2352 salutem
1631 2326 1783 2362 protrusit,

959 2370 1066 2406 quibus
1083 2369 1142 2398 Rex
1158 2377 1278 2406 regnum
1298 2371 1373 2397 Deus
1388 2369 1532 2404 irritatur,
1548 2371 1629 2406 tunc,
1641 2373 1785 2408 quotquot

959 2424 1016 2443 non
1041 2414 1126 2450 plane
1154 2417 1251 2442 mente
1279 2415 1356 2450 capti
1385 2422 1513 2449 eramus,
1531 2414 1654 2444 sublalis
1681 2424 1783 2445 versus

960 2462 1101 2492 montem,
1118 2460 1195 2487 unde
1221 2459 1301 2487 salus
1325 2460 1426 2486 nostra
1441 2458 1545 2492 veniet,
1561 2459 1666 2495 oculis,
1681 2464 1784 2491 contra

960 2504 1111 2532 inimicum
1133 2507 1299 2532 terrestrem
1323 2506 1351 2532 et
1371 2504 1530 2539 abjectum,
1547 2511 1562 2531 e
1577 2512 1696 2534 summa
1719 2515 1784 2535 arce

961 2549 1064 2576 ducem
1088 2549 1116 2576 in
1143 2548 1286 2577 auxilium
1308 2547 1530 2584 appellavimus.
1548 2549 1601 2582 Qui
1626 2558 1694 2578 cum
1718 2551 1784 2580 aliis

961 2593 1128 2621 caelestibus
1153 2593 1344 2621 auxiliaribus
1368 2593 1486 2620 advenit
1509 2595 1536 2621 et
1561 2593 1660 2623 Libros
1685 2604 1784 2624 sacros

961 2638 1092 2671 tradidit,
1109 2639 1214 2674 quibus
1230 2641 1261 2665 ut
1277 2638 1368 2666 scutis
1392 2638 1515 2665 fortibus
1531 2638 1589 2673 usi,
1605 2639 1640 2667 ab
1656 2640 1786 2668 hostium

963 2683 1079 2715 sagittis
1088 2691 1140 2710 nos
1149 2683 1305 2710 defendere
1317 2683 1534 2718 possumus.1is
1543 2692 1669 2720 namque
1680 2693 1787 2713 nomen

963 2736 1050 2755 suum
1068 2728 1144 2764 quod
1161 2727 1198 2755 ab
1213 2727 1388 2755 adversariis
1405 2727 1483 2755 cerni
1504 2731 1613 2764 posset,
1624 2729 1658 2756 ad
1676 2731 1786 2757 metum

964 2771 1150 2800 inferendum
1179 2772 1347 2808 insculpsit,
1367 2771 1474 2800 additis
1498 2773 1620 2809 insuper
1643 2774 1789 2803 mandatis

965 2817 1193 2852 divinis,quibus
1205 2816 1334 2852 prolatis,
1342 2824 1413 2852 gens
1423 2818 1531 2853 perfida
1542 2817 1653 2846 utservi
1663 2826 1788 2855 nequam

966 2864 994 2890 et
1022 2862 1091 2890 mali
1122 2863 1270 2890 demones
1296 2861 1436 2898 aufugero
1465 2865 1688 2891 consueverunt.
1717 2864 1790 2893 Sunt

1590 2927 1629 2956 22
