1992 3158
218 170 279 201 683

603 169 814 201 USTA’I‘HII
836 169 1220 200 THESSALONIGENSIS
1244 169 1539 200 METROPOLITE

1837 172 1884 202 6M

220 239 318 266 autem
335 235 386 264 illa
407 235 605 272 apostolorum
623 240 852 272 ceterorumque
873 235 1043 263 nuntiorum

1108 235 1136 265 bc
1155 233 1300 272 βλέπεσθαι
1321 236 1382 265 τοῖς
1410 234 1531 272 ἐχθροῖς,
1560 234 1604 262 καὶ
1632 234 1725 273 φρίκην
1748 235 1825 267 αὐτοῖς
1849 237 1886 274 ἰμ-

221 281 327 318 spiritu
344 281 441 308 divino
457 281 625 309 inﬂatorum
642 283 794 317 pracepta,
813 281 920 316 quibus
936 281 1046 308 auditis

220 327 270 355 Dei
287 325 397 353 milites
423 325 544 353 animati
561 326 708 353 daemones
724 325 816 352 adorti
842 325 961 359 feriunt,
978 333 1045 361 pro-

221 370 352 408 pellunt,
381 369 549 397 istiusmodi
585 370 676 397 armis
705 369 839 397 cominus
869 377 902 397 ac
930 370 1047 397 eminus

223 417 350 443 utentes.

1100 282 1211 306 ποιεῖν·
1243 279 1464 316 προσεπιγράψαι
1495 278 1524 306 δὲ
1550 279 1595 306 καὶ
1621 279 1677 306 θεῖα
1713 281 1886 318 προστάγματα,

1101 324 1137 350 ὧν
1152 323 1354 359 ἐξακουομένων
1370 324 1396 350 οἱ
1411 323 1559 351 ἀποστάται
1585 324 1661 351 κακοὶ
1685 323 1887 362 δοῦλοιίδαίμονες

1102 367 1304 405 δραπετεύουσι.
1335 368 1375 396 Τὰ
1403 366 1432 395 δέ
1466 368 1532 395 εἰσιν
1562 369 1589 395 αὶ
1615 371 1668 396 τῶν
1692 369 1834 397 ἀποστόλων
1854 371 1888 397 καὶ

1100 415 1153 440 τῶν
1182 411 1276 444 ἄλλως
1294 411 1323 439 δὲ
1343 412 1469 448 κηρύκων
1487 413 1517 440 ἐκ
1536 413 1606 445 θείας
1636 412 1766 444 ἰπιπνοίας
1789 412 1890 441 διδασκα-

221 458 341 493 λίαι,ὦν
370 458 561 495 ἐξηχουμὲνων
590 457 767 496 θαρῥύνονται
797 458 823 484 οἱ
848 456 896 485 τοῦ
925 459 991 485 Θεοῦ
1011 455 1134 491 ὁπλῖται,
1147 457 1192 484 καὶ
1216 459 1274 488 τοῖς
1301 456 1455 493 ’δαιμονίοις
1482 456 1727 494 ἐπεμπηδῶσι,καί
1752 457 1891 493 πλήττουσι,

223 504 268 531 καὶ
287 503 419 542 ῥίπτουσι,
436 503 575 541 χρώμενοι
593 505 651 533 τοῖς
668 502 749 530 αὑτοῦ
765 503 796 530 οὐ
814 503 895 540 μόνον
913 501 1032 530 ἀσπίδων
1049 500 1138 535 δίκην,
1152 501 1226 530 ἀλλᾶ
1239 504 1284 529 καί
1301 502 1389 529 ὅπλου
1405 502 1514 534 παντός.

262 559 305 586 10.
321 558 351 585 Si
366 557 454 593 igitur
468 557 529 585 hinc
544 557 584 585 ita
603 565 634 585 se
657 557 768 585 habent
780 560 821 592 (ut
835 565 901 585 vere
917 557 1048 593 habent),

225 603 307 630 vobis
324 602 372 630 Dei
389 601 533 629 militibus
554 604 656 630 auctor
678 610 744 630 sum
770 606 801 629 ut
823 610 858 629 ex
882 602 937 629 isto
951 610 1047 629 arma-

226 647 391 681 mentario,
420 646 580 683 Scripturis
613 646 704 674 sacris
733 647 815 680 dico,
845 654 879 674 ea
907 647 1051 682 promotis

226 700 306 720 arma
323 699 386 727 quas
403 691 578 727 cognitionis
593 690 791 718 instrumenta
801 693 881 724 sunt,
891 691 998 727 quibus
1014 691 1048 718 ad

225 738 352 764 vestram
368 735 582 763 institutionem
601 736 645 762 usi
666 735 746 769 estis,
763 738 792 762 et
807 744 932 771 quorum
949 743 1002 771 ope
1018 743 1052 763 ex

225 780 362 808 hostibus
377 779 530 807 hominum
543 779 678 807 osoribus
693 787 769 815 saepe
781 779 888 815 saepius
901 780 1050 807 victoriam

228 824 412 860 reportastis.
429 824 485 852 Sed
502 824 565 859 jam
590 824 664 852 satis
679 824 733 852 hac
755 825 790 852 de
814 833 845 852 re
869 825 979 852 dictum
996 827 1050 852 est.

228 871 324 897 Sacra)
348 868 426 896 enim
455 868 566 905 paginas
590 877 640 896 vos
670 868 832 896 edocebunt
851 871 880 896 et
900 868 1052 896 certamini

230 913 380 947 favebunt,
396 921 454 949 quo
479 913 608 941 stadium
634 913 766 949 spiritale
788 913 912 942 victores
935 922 1053 950 percur-

231 958 313 986 retis.

269 1048 311 1075 11.
329 1047 376 1075 Sic
403 1047 493 1082 igitur
516 1048 551 1075 ad
576 1055 700 1083 magnos
727 1047 796 1075 belli
824 1048 914 1075 duces
942 1047 1055 1084 ablego,

231 1100 358 1128 quorum
381 1091 487 1119 militia
502 1091 664 1128 spiritualis
689 1094 716 1119 et
739 1091 779 1119 rei
806 1091 913 1120 bellicas
938 1100 1056 1119 summa

230 1137 344 1173 peritia.
357 1145 483 1172 quorum
498 1136 575 1164 tubae
589 1145 690 1164 muros
706 1136 873 1172 projiciunt,
886 1145 960 1172 quos
975 1136 1056 1164 mali-

227 1181 348 1218 gnitatis
363 1181 514 1209 architecti
532 1189 582 1217 per
595 1189 648 1209 nos
658 1183 873 1214 exstruxerunt,
884 1184 1056 1217 cooperante

225 1226 343 1254 malitiae
358 1227 476 1254 doctore
487 1228 584 1254 autem
601 1226 630 1253 in
644 1225 770 1253 nihilum
783 1226 1054 1261 redegerunt.Quod

226 1271 250 1299 si
266 1271 373 1298 horum
393 1270 521 1306 inopiam
549 1279 605 1297 non
629 1270 755 1304 habetis,
774 1272 902 1298 attamen
927 1270 956 1297 in
982 1279 1053 1306 prae-

226 1316 302 1344 senti
314 1323 411 1344 rerum
423 1315 594 1343 discrimine
606 1314 694 1342 aliam
708 1314 852 1350 capessite
861 1317 1053 1342 armaturam.

226 1361 269 1388 Ad
285 1369 339 1389 nos
355 1360 484 1388 accedite
499 1362 531 1387 ut
546 1367 695 1387 armorum
713 1359 880 1394 fabros,qui
895 1359 1002 1394 quibus
1018 1360 1054 1387 ad

227 1406 283 1434 hoc
308 1407 456 1434 certamen
486 1412 559 1440 opus
589 1404 714 1437 habetis,
729 1404 811 1431 vobis
839 1404 1053 1439 impertiemus.

227 1450 371 1486 Equidem
388 1448 460 1477 nihil
478 1449 629 1483 recusabo,
645 1448 704 1476 imo
719 1450 860 1484 quantum
878 1456 1010 1484 possum,
1025 1449 1055 1477 id

230 1495 355 1523 monebo
372 1502 408 1522 ne
431 1494 467 1521 ad
490 1495 650 1529 apparatus
665 1493 805 1529 pristinos
820 1501 871 1520 vos
887 1493 1053 1529 accingatis.

229 1539 281 1568 Ubi
298 1539 377 1567 enim
392 1538 558 1566 linothorax
573 1537 706 1574 clypeum
726 1537 824 1565 induit
839 1540 868 1565 et
884 1537 971 1574 gladii
988 1538 1054 1565 hor-

226 1584 311 1612 rendi
333 1584 396 1612 loco
413 1584 520 1611 framea
538 1592 568 1611 se
583 1583 716 1617 accinxit,
733 1585 810 1610 certe
825 1591 841 1610 a
856 1582 1051 1618 cataphractis

1141 556 1166 584 ι’.
1182 555 1212 583 Εἰ
1227 554 1317 582 τοίνυν
1333 556 1407 587 ταῦθ’
1428 555 1514 586 οὕτως
1538 553 1594 593 ἔχει
1618 555 1731 593 (πάντως
1758 555 1784 583 δὲ
1808 555 1848 583 οὔκ
1871 556 1892 583 ἂν

1104 599 1219 637 ἄλλως),
1238 599 1418 636 ἐπιτέλλομαι
1445 601 1509 636 ὑμῖν
1533 603 1590 631 τοῖς
1619 602 1667 628 τοῦ
1692 603 1755 628 Θεοῦ
1783 601 1894 635 ὁπλίταις,

1105 645 1143 676 εἷς
1167 645 1197 672 τὸ
1212 647 1336 672 τοιοῦτον
1364 646 1512 683 θωρακεῖον
1538 644 1660 683 δραμεῖν,
1678 645 1720 672 καὶ
1749 645 1895 681 ἀναλέξασθαι

1103 691 1137 717 τὰ
1164 691 1306 729 πρόσφορα
1335 689 1408 717 ὅπλα
1435 690 1468 717 τὰ
1497 689 1526 717 ἐκ
1552 692 1605 717 τῶν
1647 690 1722 722 θείων
1752 691 1859 729 Γραῳῶν,
1876 691 1895 717 οἳ

1105 734 1260 770 πρόκεινται
1291 733 1329 765 εἱς
1357 734 1515 772 ἀνάγνωσιν,
1532 733 1562 766 ἃς
1591 731 1679 772 ἔχετε,
1703 733 1738 761 ὧν
1765 735 1897 771 πεπείρασθε

1107 778 1143 810 εἲς
1170 779 1335 816 ἐπιστήμην,
1359 780 1401 809 αῖς
1430 778 1565 809 πολλάκις
1593 779 1773 816 περιεγένεσθε
1798 782 1844 806 τῶν
1862 790 1896 816 pt-

1107 822 1274 861 σανθρώπων
1304 823 1481 861 ἆντιμάχων·
1511 824 1555 851 καὶ
1588 823 1675 855 οὕτως
1704 823 1811 860 ἐμαυτὸν
1831 824 1898 851 ἀπαλ-

1108 868 1198 896 λάττω
1213 870 1261 896 τοῦ
1276 867 1364 895 πλείω
1381 867 1478 906 λέγειν.
1497 868 1580 896 Δῦταὶ
1596 869 1649 906 γὰρ
1676 869 1703 896 αἱ
1733 871 1797 900 θεῖαι
1820 868 1898 896 συλλα-

1110 911 1156 940 ϐαὶ
1185 911 1334 948 διδάξουσιν
1367 913 1446 949 ὑμᾶς,
1461 912 1506 940 καὶ
1529 913 1716 950 συλλήψονται
1729 914 1819 944 παντὸς
1831 913 1899 951 ἔργον,

1111 956 1146 984 δι’
1175 957 1206 985 οὗ
1225 960 1428 989 κατευθυνεῖσθε
1455 957 1493 988 εἷς
1520 957 1551 985 τὸ
1580 958 1785 996 προτεθειμένον
1807 968 1901 994 πνευμα-

1109 1001 1184 1030 τικὸν
1198 1001 1317 1031 στάδιον.

1148 1049 1189 1074 ια’.
1208 1046 1255 1073 Καὶ
1271 1045 1342 1073 οὕτω
1360 1047 1407 1083 μὲν
1423 1045 1476 1084 ἐγὼ
1500 1047 1601 1084 πὲμπω
1628 1047 1698 1083 ὑμᾶς
1726 1047 1761 1078 εἷς
1787 1046 1843 1078 τοὺς
1869 1057 1901 1083 μι-

1108 1090 1208 1129 γάλους
1231 1090 1438 1130 πολεμάρχους,
1463 1092 1500 1118 ὦν
1526 1092 1560 1119 τὰ
1585 1092 1654 1119 κατὰ
1679 1093 1781 1128 πνεῦμα
1805 1091 1902 1126 τακτικὰ,

1110 1135 1146 1162 ὧν
1167 1136 1194 1163 αἱ
1215 1136 1283 1163 θεῖαι
1312 1136 1490 1173 στρατηγικαὶ
1523 1134 1647 1172 μέθοόοι,
1669 1136 1706 1163 ὧν
1734 1136 1759 1163 αἱ
1787 1135 1903 1172 σάλπιγγες

1109 1181 1187 1218 τείχη
1203 1179 1442 1218 καταρῥιπτοῦσιν,
1459 1180 1526 1218 ἅπερ
1543 1181 1567 1207 οἱ
1596 1183 1647 1216 τῆς
1673 1180 1766 1212 κακίας
1789 1179 1903 1216 οἰκοδόμοι

1110 1224 1144 1252 δι’
1157 1226 1236 1261 ἡμῶν
1267 1224 1508 1260 ἐπλινθοποίησαν,
1524 1223 1561 1251 ὦν
1577 1225 1605 1251 αἱ
1622 1224 1763 1256 ξλεπόλεις
1779 1225 1828 1261 ἅμα
1842 1224 1905 1261 προῦ-

1110 1269 1242 1308 φάνησαν,
1257 1269 1301 1296 καὶ
1331 1269 1463 1306 πῦργους,
1485 1268 1532 1300 οὒς
1562 1270 1575 1296 ὁ
1607 1270 1738 1308 σοφιστῆς
1762 1273 1808 1303 τῆς
1831 1268 1904 1298 κακίας

1109 1313 1264 1349 ἀνέστησεν,
1293 1314 1332 1345 εἷς
1360 1316 1428 1352 χοῢν
1468 1313 1627 1342 ἐλέπτυναν.
1654 1315 1719 1343 "Ore
1745 1313 1772 1341 δὶ
1797 1314 1843 1341 τῶν
1870 1313 1904 1350 μὲν

1109 1358 1239 1386 τοιούτων
1268 1358 1408 1396 αὐτάρκως
1432 1356 1519 1396 ἔχετε,
1534 1357 1578 1386 διὰ
1608 1357 1637 1386 δὲ
1666 1359 1697 1386 τὸ
1722 1359 1856 1396 πρόχειρον
1872 1357 1904 1384 καὶ

1110 1403 1268 1440 εὐπόριστον
1297 1404 1356 1430 κατ’
1372 1401 1441 1430 ἰδίαν
1472 1403 1539 1430 αὐτὰ
1562 1402 1684 1440 Θὲμενοι,
1709 1403 1853 1441 λιχνεύεσθι
1874 1402 1906 1429 καὶ

1110 1448 1148 1479 εἲς
1166 1447 1283 1485 ἑτεροῖον
1301 1447 1449 1484 ὁπλισμὸν,
1465 1447 1509 1475 καὶ
1539 1449 1576 1480 ὡς
1591 1448 1636 1475 ἐπὶ
1667 1448 1829 1480 ὁπλοποιοὺς
1852 1448 1906 1483 ἡμᾶς

1109 1493 1189 1528 ἥκετε
1202 1492 1413 1530 χορηγησοντάς
1426 1503 1452 1520 τι
1468 1493 1536 1530 πρὸς
1566 1493 1662 1530 μάχην
1683 1494 1732 1527 τήν
1753 1492 1809 1531 ἄρτι
1822 1502 1906 1530 προχει-

1113 1538 1194 1575 μένην
1219 1535 1384 1572 ἐπιτήδειον⁸
1401 1535 1528 1564 ἐπιδώσω
1554 1537 1601 1573 μὶν
1629 1537 1655 1573 ἐξ
1681 1537 1806 1576 ἀνάγκης,
1819 1546 1907 1574 προφω-

1110 1583 1227 1619 νήσομαι
1244 1581 1283 1616 δὲ,
1302 1582 1339 1618 μὴ
1356 1581 1386 1609 ἂν
1407 1580 1481 1620 ἔχειν
1509 1583 1583 1618 ἡμᾶς
1608 1584 1724 1610 τοιαῦτα
1751 1581 1906 1614 medentia,

226 1629 355 1656 immane
374 1630 516 1664 quantum
537 1627 699 1656 distabunt.
717 1628 809 1661 Quam
835 1627 925 1664 igitur
940 1635 992 1663 ego
1007 1636 1049 1655 ar-

1113 1627 1194 1654 ὁποῖα
1221 1626 1255 1654 τὰ
1280 1625 1394 1662 παλαιὰ,
1412 1624 1543 1663 οὕμενουν
1574 1625 1638 1654 οὐδὲ
1659 1624 1744 1665 ’ἐγγὺς
1772 1626 1863 1654 ἐκείνων
1880 1624 1906 1653 εἷς

225 1676 372 1701 maturam
389 1680 538 1708 nuncupo,
554 1680 604 1708 pro
628 1671 686 1699 tela
710 1680 822 1699 araneas
838 1671 995 1700 habebitur
1017 1672 1053 1699 ab

224 1718 262 1746 iis
278 1717 328 1754 qui
354 1726 435 1745 arma
459 1725 559 1745 severa
578 1718 607 1744 et
628 1716 778 1744 securitati
793 1716 982 1744 inservientia
1005 1725 1053 1744 σου

225 1763 309 1799 gnita
323 1763 442 1790 habent.
458 1764 493 1789 Et
508 1769 574 1789 ecce
590 1769 642 1797 ego
664 1761 726 1797 ipse
743 1761 779 1788 ad
796 1769 923 1797 pugnam
939 1770 990 1789 vos
1005 1770 1054 1790 ex-

223 1808 326 1836 hortor
351 1807 400 1842 qui
428 1814 490 1834 rem
520 1806 677 1833 militarem
707 1805 841 1834 funditus
870 1805 971 1840 didici,
986 1806 1054 1834 licet

227 1860 315 1880 senex
331 1851 426 1887 quoad
449 1850 580 1886 corporis
595 1850 736 1886 vigorem,
753 1852 781 1877 et
804 1849 914 1886 ingenii
931 1850 967 1886 (si
982 1851 1053 1887 quid

229 1895 359 1931 alioquin
376 1895 405 1922 in
426 1903 471 1922 me
488 1895 552 1930 fuit)
578 1903 700 1922 acumen
723 1893 915 1930 perdiderim;
931 1895 960 1922 id
978 1898 1054 1924 certe

228 1948 332 1969 moneo
349 1941 380 1967 ut
395 1940 471 1975 quod
489 1947 576 1966 omne
597 1939 704 1967 bellum
730 1940 884 1974 antecedit,
902 1940 936 1967 ad
953 1948 1053 1976 preces

227 1986 268 2014 rei
285 1993 430 2021 congruas
447 1984 611 2012 fundendus
627 1984 804 2020 procedatis.

1110 1670 1186 1698 οὐδέν
1213 1671 1244 1699 Εἰ
1264 1671 1314 1709 γὰρ
1344 1671 1357 1698 ὁ
1381 1672 1449 1698 κατὰ
1476 1673 1583 1708 πνεῦμα
1612 1671 1774 1710 λινοθώραξ,
1789 1671 1829 1698 καὶ
1854 1671 1864 1697 ὁ
1886 1669 1906 1696 ἐκ

1110 1715 1198 1753 λόγων
1223 1714 1322 1743 ἀσπίδα
1346 1716 1532 1754 περιθέμενος,
1548 1715 1593 1743 καὶ
1618 1716 1678 1744 ἀντὶ
1702 1717 1792 1756 ξίφους
1821 1714 1907 1753 βριαροῦ

1109 1761 1207 1798 ἀγεννῆ
1236 1759 1409 1799 παραξιφίδα,
1423 1760 1468 1788 καὶ
1493 1761 1552 1788 ὅσοι
1574 1764 1699 1789 τοιοῦτοι
1725 1778 1759 1783 ——
1781 1757 1907 1788 ἀλλάὖτοὶ

1108 1808 1162 1833 τῶν
1177 1806 1371 1844 καταφράκτων
1396 1804 1517 1833 ὁπλιτῶν
1546 1805 1619 1834 πολύ
1648 1817 1675 1834 τι
1706 1803 1909 1843 διενηνόχασιν-ἡ

1109 1851 1159 1888 ἄρα
1185 1850 1211 1885 ἐξ
1232 1850 1299 1886 ἐμοῦ
1315 1849 1425 1882 ὅπλισις
1446 1850 1585 1888 λογισθείη
1617 1850 1648 1878 ἂν
1680 1851 1800 1889 ἀράχνης
1823 1847 1907 1877 ἐπέ-ιδυ-

1109 1905 1150 1926 σις
1178 1897 1236 1926 τοῖς
1267 1893 1360 1926 ἄλλως
1376 1893 1475 1922 εἰδόσιν
1506 1894 1665 1929 ὁπλίζεσθαι
1697 1895 1764 1934 πρὸς
1785 1891 1906 1932 ἀκρίϐειαν,

1107 1940 1152 1967 καὶ
1168 1941 1358 1977 πεγανοῦσθαι
1377 1939 1415 1971 εἷς
1441 1939 1604 1978 ἐχυρότητα.
1620 1940 1671 1968 Καὶ
1701 1940 1776 1978 ὅμως
1803 1937 1854 1966 ἰδοὺ
1875 1934 1905 1963 καὶ

1109 1984 1188 2015 αὐτὸς
1204 1984 1322 2023 ἐξαρτύω
1340 1984 1409 2021 ὑμᾶς
1426 1984 1463 2015 εἰς
1487 1983 1593 2022 μάχην,
1609 1985 1649 2017 ὡς
1675 1985 1720 2012 καὶ
1751 1982 1854 2021 μεθόδου
1872 1980 1907 2007 καὶ

225 2030 366 2067 δυνάμεως
395 2029 439 2056 καὶ
467 2027 604 2067 χορηγίας
633 2025 733 2066 ἔλαχον
764 2026 850 2066 ἔχειν,
879 2028 1019 2067 ἄνθρωπος
1049 2029 1136 2067 γέρων
1167 2029 1242 2066 ἀκμῇ
1271 2029 1306 2065 τῇ
1334 2028 1402 2056 κατᾶ
1432 2030 1522 2066 σῶμα,
1538 2029 1583 2056 καὶ
1604 2030 1656 2064 τήν
1684 2029 1751 2057 κατᾶ
1776 2028 1861 2066 λόγους
1881 2023 1905 2061 (ιῖ

223 2076 290 2105 ποτε
314 2085 360 2112 μοι
386 2073 431 2102 καὶ
459 2074 539 2111 ἦσαν)
566 2072 801 2105 συναπολωλεκώς
818 2083 824 2090 ’
853 2073 897 2100 καὶ
926 2075 1047 2111 πρῶτον,
1072 2075 1087 2102 ’ὸ
1117 2073 1150 2108 δὴ
1181 2074 1282 2105 παντὸς
1320 2072 1447 2110 πολέμου
1479 2074 1642 2112 προτρέχιι,
1672 2077 1745 2102 ποιῶ
1772 2073 1812 2100 καὶ
1837 2070 1906 2100 αύτόςγ

222 2122 308 2161 εὐχὴν
323 2119 494 2158 προγράψας,
511 2118 592 2147 ὁποία
606 2117 732 2146 τοιούτου
746 2118 946 2156 προκατάρχειν
965 2118 1045 2156 ἔργου
1062 2118 1146 2158 φιλεῖ.

257 2177 302 2204 12.
319 2177 356 2203 At
371 2175 425 2203 hoc
441 2174 560 2209 quidem
582 2173 643 2201 loco
660 2175 705 2201 est
721 2173 797 2207 quod
818 2181 919 2201 omnes
934 2175 1047 2201 metua-

222 2230 289 2250 mus
316 2228 362 2254 ne,
379 2219 429 2247 ubi
458 2219 536 2247 Deus
559 2218 589 2246 in
614 2225 790 2254 quocunque
811 2226 827 2245 ι
847 2217 931 2246 nobis
960 2218 1048 2254 perﬁ-

221 2266 325 2295 ciendo
349 2272 437 2301 opere
452 2271 483 2292 se
498 2262 646 2297 subducit,
663 2270 751 2298 opera
775 2264 877 2290 nostra
900 2262 984 2290 irrita
999 2263 1046 2290 sit.

221 2311 313 2340 Nobis
333 2311 431 2337 autem
447 2311 595 2336 certamen
612 2307 686 2343 quod
709 2306 792 2334 nobis
809 2307 952 2334 incumbit
969 2315 1049 2334 seve~

223 2355 376 2383 rissimum
393 2355 509 2389 Deoque
533 2352 588 2389 ipsi
605 2351 817 2387 gratissimum,
831 2351 976 2387 jejunium
993 2353 1049 2385 est,

224 2401 343 2435 propter
371 2398 449 2434 quod
478 2405 580 2425 omnes
615 2399 697 2424 terrae
731 2396 898 2424 sacerdotes
927 2396 1050 2431 hujusce

225 2442 467 2471 oonsiderationis
496 2442 640 2470 rationem
664 2440 738 2468 inire
761 2441 877 2468 debent.
895 2443 1051 2469 Precemur

224 2487 315 2523 igitur
331 2489 364 2514 ut
387 2487 416 2514 in
433 2486 479 2519 bis
495 2486 705 2514 certaminibus
722 2493 858 2513 summus
882 2485 1047 2521 palmarum

224 2531 398 2559 distributor
412 2538 427 2558 θ
442 2533 524 2566 parte
540 2533 640 2558 nostra
655 2532 726 2564 stet;
744 2530 795 2565 qui
817 2530 936 2565 quidem
953 2530 1048 2563 nobis,

222 2575 274 2604 ubi
302 2574 377 2603 bene
399 2575 621 2608 certaverimus,
638 2575 773 2603 meritam
800 2575 963 2602 mercedem
989 2584 1048 2603 non

221 2619 376 2654 refutabit;
393 2619 442 2646 ubi
458 2621 555 2647 autem
582 2619 663 2647 fatali
682 2620 810 2655 quodam
826 2627 895 2647 casu
911 2628 927 2647 a
945 2628 1047 2655 propo-

220 2667 278 2696 sito
294 2664 498 2699 exciderimus,
515 2665 641 2693 victoriae
657 2665 829 2692 muneribus
846 2673 898 2692 nos
916 2673 972 2692 non
988 2665 1047 2700 pri-

219 2711 299 2740 vahit
318 2713 367 2739 aut
397 2718 462 2738 cum
480 2709 619 2737 dedecore
645 2709 703 2737 labi
732 2710 819 2738 sinet.
834 2711 898 2738 Non
922 2709 1048 2738 inaniter

222 2758 319 2784 autem
335 2755 419 2789 fatali
433 2754 554 2790 quadam
568 2763 634 2782 casu
649 2754 822 2782 addiderim.
838 2754 900 2783 Non
916 2754 995 2782 enim
1011 2755 1047 2782 de

223 2799 352 2834 corporis
368 2798 503 2826 exercitio
528 2801 580 2825 aut
603 2798 700 2825 carnis
725 2798 851 2833 pondere
876 2798 973 2833 agitur
987 2806 1047 2834 qua

224 2842 351 2872 theorice
379 2845 523 2872 certantes
553 2842 784 2877 circumdantur,
801 2842 909 2878 quippe
937 2843 989 2878 qui
1017 2845 1046 2871 et

1143 2172 1187 2210 ιβ’.
1206 2171 1351 2208 Γινοίμιθα
1377 2172 1475 2202 πάντες
1501 2171 1614 2199 Maso:
1643 2170 1741 2212 φόϐου,
1768 2173 1811 2206 ὡς,
1834 2171 1853 2198 εἴ
1876 2169 1903 2204 μὴ

1105 2217 1119 2244 ὁ
1135 2217 1199 2248 Θεὸς
1215 2218 1283 2253 ἡμῖν
1305 2217 1424 2248 ἅπαντος
1454 2215 1534 2254 ἔργου
1563 2215 1715 2245 σπουδαίου
1745 2217 1902 2256 συνεφάψεται

1104 2261 1153 2289 οὐκ
1168 2259 1223 2289 ἔστι
1245 2256 1406 2298 κατορθοῦν.
1425 2259 1644 2289 Σπουδαιότατον
1677 2261 1706 2290 δὲ
1734 2262 1773 2289 ὅτι
1802 2260 1902 2298 μάλιστα.

1106 2306 1162 2333 ἐπεὶ
1183 2306 1227 2334 καὶ
1251 2305 1467 2345 θεοφιλέστατον,
1495 2306 1525 2333 τὸ
1550 2305 1610 2342 ἄρτι
1635 2306 1811 2344 προκείμενον
1831 2303 1904 2342 ἀγώνι-

1106 2361 1171 2387 σμα,
1188 2352 1204 2385 ἡ
1226 2363 1235 2376 ι
1252 2350 1370 2386 νηστεία,
1389 2362 1402 2376 ››
1419 2349 1454 2378 δι’
1469 2351 1501 2385 ἢν
1521 2351 1535 2378 ὁ
1559 2350 1653 2388 παρὼν
1680 2350 1762 2389 λόγος
1785 2351 1837 2388 ἄρτι
1858 2357 1902 2374 καί·

1104 2398 1154 2432 ροῦ
1169 2398 1225 2427 τοῖς
1240 2395 1399 2432 ἁπανταχοῦ
1426 2397 1478 2432 γῆς
1505 2395 1662 2432 ἀρχιερεῦσι
1690 2395 1848 2428 καθίσταται.
1862 2390 1902 2420 Οὗ-

1105 2443 1168 2467 κοῦν
1185 2440 1346 2477 εὐχοίμεθα,
1362 2440 1429 2476 πρὸς
1444 2441 1524 2476 ἡμῶν
1542 2440 1610 2467 εἶναι
1639 2441 1685 2467 τὸν
1716 2440 1741 2468 ἐν
1767 2441 1820 2469 τοῖς
1833 2434 1901 2465 τοιού-

1103 2494 1161 2515 τοις
1189 2484 1291 2521 ἀγῶσιν
1317 2484 1540 2522 ὑπερκαθήμενον
1566 2483 1677 2521 ὕψιστον
1710 2481 1864 2522 βραϐευτήν
1880 2479 1901 2508 ὂς

1104 2528 1197 2560 καλῶς
1215 2529 1261 2565 μὲν
1274 2530 1342 2565 ἡμῖν
1359 2527 1533 2556 ἀεθλεύσασιν
1565 2528 1598 2556 οὐ
1615 2528 1752 2567 φειδωλὸς
1776 2528 1840 2555 ἔσται
1862 2526 1902 2551 τῶν

1104 2572 1240 2608 ἐπάθλων,
1268 2573 1388 2610 ἀτεχνῶς
1419 2572 1448 2600 δὲ
1473 2572 1657 2601 διεκπεσοῦσιν
1697 2572 1758 2601 οὔτε
1788 2568 1901 2608 «panni:

1104 2621 1236 2657 φανεῖται,
1255 2618 1368 2645 καὶτῶν
1402 2615 1535 2655 βραϐείων
1561 2618 1751 2655 ἁποοτιρήσιι,
1765 2616 1806 2644 καὶ
1830 2613 1902 2642 ἄλλως

1104 2663 1153 2690 οὐκ
1167 2663 1281 2699 ἐντίμως
1311 2662 1458 2690 ἀπώσεται.
1476 2662 1512 2690 Οὐ
1533 2662 1620 2699 μάτην
1645 2661 1673 2690 δὲ
1702 2673 1748 2699 μοι
1771 2662 1799 2688 τὸ
1814 2659 1900 2693 «ἄτεχ-

1103 2710 1156 2738 νῶς
1172 2719 1185 2734 ››
1203 2706 1525 2735 ἐνταῦθκέπιλὲλεκται.
1550 2708 1590 2736 Οὐ
1619 2707 1668 2745 γὰρ
1700 2706 1845 2743 σωμασκίας
1869 2701 1900 2728 έν·

1101 2753 1185 2780 ταῦθα
1208 2751 1289 2790 χρεία
1315 2752 1360 2779 καὶ
1390 2750 1502 2787 στοιϐῆς
1530 2751 1660 2790 κρεάτων,
1677 2753 1710 2787 ἣν
1737 2752 1762 2779 οἱ
1787 2748 1899 2785 Θιωρικῶς

1103 2797 1248 2827 ἀθλοῦντες
1278 2797 1452 2833 περίκεινται,
1482 2799 1587 2833 σαρκῶν
1617 2797 1693 2825 αὖτοὶ
1719 2795 1789 2826 ὅντες
1815 2791 1897 2829 ἄνδρες,

1102 2842 1148 2870 καί
1176 2852 1231 2869 που
1269 2841 1314 2869 καὶ
1351 2842 1482 2880 βαρύτητι
1525 2842 1652 2880 σώματος
1688 2839 1898 2879 κεταρῥιπτοῦντις
