1992 3158
80 163 137 194 685

580 163 620 193 ιη
642 162 675 193 s.
697 162 1043 199 QUADBAGESIMAM
1067 155 1213 194 ORATIO
1235 163 1287 195 ιν.

1727 165 1792 196 686

78 228 124 256 τὸν
148 226 308 255 ἀντίπαλον
338 226 412 255 ἀλλὰ
439 227 541 266 τέχνης
577 227 737 264 εὐμεθοδου,
764 239 909 266 πνευματι-

982 229 1022 266 psi
1037 229 1153 257 carnosi
1169 232 1239 257 sunt
1259 229 1404 264 homines,
1421 232 1458 264 et,
1475 231 1607 267 corporis
1631 231 1708 260 mole
1732 240 1792 261 non

80 275 134 304 κῶς
167 272 352 310 ῥυθμιζούσης
382 273 425 300 καὶ
456 272 603 310 έναγούσης
625 273 663 304 εἷς
679 274 709 301 τὸ
725 273 856 310 εὐσθενὲς,
874 272 908 301 δι’

80 318 112 351 ἧς
141 317 178 348 ὡς
207 317 241 344 τὰ
269 315 362 344 πολλὰ
387 317 431 344 καὶ
448 317 564 352 ἀπονητὶ
591 317 673 356 τέχνῃ
694 319 739 345 καὶ
755 317 836 357 σοφίᾳ
852 319 910 354 θείᾳ

82 363 158 389 κάτω
177 360 310 399 βάλλουτι
339 361 385 388 τὸν
414 362 474 394 καθ’
500 363 580 399 ἡμῶν
609 363 759 401 φρονούντα
777 364 908 400 μετέωρα,

80 407 126 434 τὸν
154 406 200 434 καὶ
216 405 285 433 πάνυ
314 406 361 443 μὲν
380 407 502 444 βριαρὸν,
517 407 562 434 καὶ
578 405 671 439 ἄλλως
688 406 717 435 δὲ
736 407 910 446 ἀνδρανέστα-

80 461 142 479 τονο
166 451 198 478 τὸ
230 451 290 487 μὲν,
305 451 328 478 εἰ
355 451 625 489 καταρρᾳθομοῦντες
653 452 835 491 χαυνούμεθα,
866 452 910 480 ὅτε

81 496 127 524 καὶ
153 495 299 532 πίπτομεν,
329 496 360 523 τὸ
383 495 422 530 δὲ,
453 494 527 534 εἷ’περ
557 496 737 535 έργηγορὸτες
760 499 833 533 ἡμᾶς
859 497 908 524 αὐ-

83 541 148 572 τοὺς
170 539 282 572 ἕκαστος
306 540 345 572 εἲς
375 541 471 579 Θάρσος
500 540 668 580 ἐκπυροῦμεν
700 543 837 580 μάχιμον,
865 541 910 570 ὅτε

82 586 127 613 καὶ
146 585 278 623 ῥίπτομεν
304 585 350 613 τὸν
380 585 487 624 ἐχθρόν.
517 587 621 624 Τέχνην
639 585 667 614 δέ
681 587 809 621 τοιαύτην
826 586 910 622 ἀθλη-

80 631 161 665 τικὴν
191 629 364 668 διδαχθῆναι,
396 629 510 667 οὐδεμία
524 632 604 668 χρεία
619 633 698 668 ἡμῶν
717 630 816 660 οὐδενί.
839 630 909 658 Πάν-

81 685 126 707 τες
155 675 206 712 γὰρ
235 674 280 702 καὶ
310 673 489 713 δεδιδάγμεθα
517 676 629 711 ἱκανῶς,
654 677 697 703 καὶ
726 676 911 713 πεπειράμεθα

81 717 225 757 ὲντριϐὧς,
240 718 285 746 καὶ
300 718 411 755 οἴδαμεν
440 717 570 756 ἀκριϐῶς,
584 720 628 747 καὶ
644 719 778 757 δυνάμεθα
798 719 911 752 ἕκαστος

81 763 218 799 ἀλέίπτης
235 764 312 798 εἶναι,
328 764 478 802 στρατηγὶς
494 764 656 801 αὐτόνομος,
677 762 846 802 κυϐερνήτης
863 765 910 792 αύ-

81 805 289 846 τοπρόϐλητος,
306 807 469 840 διδάσκαλος
486 809 636 848 αὐτοφυὴς,
653 808 752 847 ὁδηγὸς
768 810 812 849 ἀφ’
824 809 911 840 ἑστίας

82 853 245 889 αὐτομαθὴς
259 853 288 890 ἕρ
294 853 404 890 μηνεύς.

122 907 165 944 ιγ’.
196 907 272 934 Ἐπεὶ
303 905 331 934 δὲ
359 907 469 942 ὁσιότης
498 907 767 946 παρηκολούθησεν,
797 908 952 953 ἓκάστηςΒ

88 951 211 989 μεγάλης
262 952 408 987 νηστείας,
447 953 515 984 κοιθᾶ
551 953 595 980 καὶ
632 953 730 985 παντὸς
766 952 912 990 πολέμου⁷

86 997 269 1033 προηγεῖγθαι
295 996 400 1032 σύναξιν
428 997 472 1024 καὶ
502 996 676 1025 διδασκαλίαν
701 998 750 1032 τὴν
778 997 817 1025 ἐπ’
846 997 913 1034 αὐτῇ

87 1040 229 1077 (πολέμου
258 1041 309 1078 γὰρ
321 1051 348 1068 τι
380 1041 487 1072 πάντως
518 1040 598 1078 εἶδος,
613 1042 659 1070 καὶ
675 1041 756 1070 αὐτοῦ
774 1052 914 1079 σκοπιμω-

85 1086 181 1119 πάτου,
207 1085 252 1112 καὶ
267 1085 298 1112 τὸ
312 1087 358 1112 νῦν
374 1086 443 1122 ἡμῖν
465 1086 642 1124 προκείμενον
673 1086 833 1124 σπούδασμα
849 1086 916 1123 μετά

85 1131 134 1157 τοῦ
151 1129 280 1168 ἀρχηγοῦ
307 1129 361 1157 τῶν
388 1133 532 1158 σκοτεινῶν
561 1131 683 1168 τάξεων),
707 1131 754 1159 καὶ
781 1131 916 1170 ἄθροισμα

84 1176 170 1202 τοῦτο
198 1175 271 1211 ἱερὸν
301 1174 443 1213 συνελέγη,
460 1175 505 1203 καὶ
527 1175 577 1204 οὐκ
604 1174 658 1204 ἔστι
689 1177 726 1214 μή
749 1176 917 1209 καθοσιώσα-

88 1219 149 1246 σθαι
184 1219 217 1246 τὸ
246 1218 359 1257 πρέπον,
391 1219 429 1250 εἲς
459 1218 520 1247 ὅσον
536 1219 625 1257 ἰσχύς·
644 1219 824 1257 μεθοδεύομεν
853 1221 917 1257 ὑμῖν

88 1263 249 1301 ἀναγκαίως
274 1264 326 1301 πρὸ
353 1265 460 1291 πάντων
490 1263 596 1300 ἄλλων,
625 1265 662 1296 ὡς
687 1265 700 1292 ὁ
720 1268 771 1300 τῆς
796 1263 919 1292 διδασκα-

87 1307 152 1339 λίας
168 1307 235 1345 ὅρος
262 1307 410 1343 κανονίζειν
440 1307 577 1346 βούλεται,
608 1309 647 1341 εἷς
660 1312 723 1336 νοῦν
745 1307 872 1342 Λαϐέσθσιι
886 1309 919 1337 τὰ

86 1355 136 1380 τοῦ
150 1355 257 1380 σκοποῦ
284 1356 334 1388 τῆς
348 1353 487 1388 νηστείας,
504 1353 542 1385 εἷς
567 1355 597 1388 ἢν
614 1353 668 1390 ἤδη
684 1352 916 1391 προϐιϐαζόμεθα.

87 1398 194 1425 Τούτου
208 1398 261 1436 γὰρ
288 1398 442 1436 εὑρημένου
467 1398 616 1436 (πρόοπτὸς
637 1398 665 1426 δὲ
693 1399 800 1431 πάντως
824 1400 841 1434 ἠ
872 1398 918 1426 αὐ-

86 1444 138 1470 τοῦ
153 1442 235 1480 θύρα,
260 1442 305 1469 καὶ
335 1443 391 1480 χρὴ
419 1443 508 1481 μακρὰ
535 1443 732 1481 ἷσχνηλατεῖν),
748 1444 810 1472 οὐτε
838 1445 919 1480 ἡμεῖς

87 1487 339 1524 πολυλογήσομεν,
369 1486 430 1515 οὕτε
447 1488 523 1524 ὑμεῖς
538 1489 698 1524 πονήσειν-ϐε,
726 1487 789 1516 ἀλλ’
812 1487 841 1516 ἐκ
855 1498 922 1526 προ-

89 1531 189 1570 χείρου
206 1531 334 1569 δράξεσθε
352 1535 401 1559 τοῦ
430 1533 611 1569 ποθουμένουσ
645 1532 741 1560 ταῦτδν
773 1532 796 1560 δ’
825 1532 919 1568 εἰπεῖν,

87 1577 120 1605 τὸ
136 1578 210 1604 Θεῖον
240 1576 378 1613 έξανύσετε
402 1577 521 1614 Θὲλημα,
550 1576 625 1605 τὸδὲ
650 1577 814 1614 σεμνότατον
829 1578 918 1616 φάναι,

88 1622 168 1658 αὐτῷ
184 1621 244 1657 Θεῷ
274 1620 422 1659 έγγίσισθε,
444 1621 489 1649 καὶ
515 1620 601 1653 ἄλλος
618 1620 705 1650 ἄλλου
723 1621 921 1660 προτρέχοντες

89 1666 116 1694 ἐν
138 1668 179 1702 τῷ
203 1669 254 1700 τῆς
281 1665 416 1703 παντίμου
444 1666 614 1697 ἀναστάσεως
644 1668 741 1704 καιρῷ,
770 1666 920 1702 ἐντεύξεσθε

86 1712 175 1747 αὐτῷ,
202 1711 249 1738 καὶ
277 1712 499 1749 προσφωνήσετε,
527 1711 572 1739 καὶ
600 1712 632 1739 τὸ
647 1724 660 1737 (ι
679 1711 793 1750 Χαίρετε
807 1722 820 1738 ιο
840 1711 919 1739 ἀκού-

83 1757 175 1792 σεσθε,
203 1756 248 1783 καὶ
289 1755 336 1783 δσο
366 1755 439 1783 ἀλλὰ
477 1766 620 1795 πρᾳσφορα
647 1756 682 1794 τῇ
708 1759 757 1784 τοῦ
785 1758 853 1784 ϐιοῖ)
877 1756 921 1783 καὶ

82 1799 232 1827 ἀναστάσει
246 1799 291 1827 καὶ
317 1798 401 1836 λαλιᾷ
424 1802 458 1836 τῇ
475 1801 543 1838 πρὸς
557 1800 621 1832 τοὺς
645 1801 805 1838 ἀγαπῶντας
829 1801 920 1835 αὐτὸν,

85 1845 131 1872 καὶ
149 1845 200 1879 τήν
212 1844 298 1872 αὐτοῦ
316 1845 464 1881 μαθητείαν
480 1844 639 1884 φιλοῦντας,
655 1845 699 1873 καὶ
714 1846 835 1881 ποθητὸν
852 1847 923 1884 ἡγη-

90 1890 230 1926 σαμένους
243 1889 276 1917 τὸ
299 1888 451 1917 κολλᾶσθαι
466 1889 549 1926 αὐτῷ.

129 1941 172 1970 ιδ’.
192 1943 304 1974 Σκοπὸς
319 1941 352 1977 δὴ
382 1943 520 1978 νηστείας,
549 1943 587 1974 εἰς
616 1945 649 1979 ἣν
670 1945 753 1981 ἡμεῖς
769 1943 828 1982 ἄρτι
845 1943 924 1972 στελ-

91 1986 211 2024 λόμιθα,
229 1987 284 2025 οὐχ
298 1988 355 2015 οἷον
373 1987 587 2025 ὲπιτηδευόμεθα
603 1988 629 2015 οἱ
662 1988 775 2024 πολλοὶ,
800 1991 925 2025 κημοῦν-

88 2043 134 2063 τες
149 2033 185 2060 τὰ
199 2031 297 2071 χείλη,
314 2032 352 2063 ὡς
367 2031 397 2060 ἂν
416 2033 452 2069 μὴ
469 2033 501 2060 τὸ
515 2032 622 2070 πλῆρες
636 2035 685 2061 τοῦ
704 2034 830 2070 ταμιείου
854 2033 925 2071 ταχῦ

91 2078 208 2114 γένηται
234 2076 376 2111 ὑπόκενον,
408 2075 478 2114 μηδὲ
506 2078 540 2104 τὰ
569 2078 700 2116 ἀναγκαῖα
723 2078 822 2114 μύλαις
847 2077 924 2105 ὁδόν-

93 2131 148 2149 των
163 2121 316 2156 ἀλήθεσθαι
343 2119 585 2159 παραϐάλλων-ται,
619 2123 718 2158 μήπως
743 2122 822 2153 αὐτὸς
838 2123 851 2149 ὁ
867 2122 925 2160 βίος

94 2166 259 2194 ἰλαττοῖτο.
289 2168 355 2197 Τοῖς
381 2166 432 2204 γὰρ
462 2165 533 2194 οὕτω
561 2167 747 2205 τεχνωμένοις
776 2167 926 2202 νηστεύειν,

97 2210 222 2247 ἐμπορία
236 2209 269 2237 τὸ
297 2212 419 2247 πρᾶγμα,
448 2210 492 2237 καὶ
521 2210 561 2241 τίς
584 2210 798 2248 κερδαλεότητος
813 2211 925 2249 εὕρεσις.

96 2255 145 2282 Καὶ
163 2254 266 2293 ὑγίειαν
297 2255 345 2290 μὶν
363 2276 369 2288 ,
399 2254 422 2282 al
447 2254 517 2282 οὕτω
545 2255 637 2293 τύχοι,
667 2258 871 2294 περπιοιοῦνται
901 2257 928 2283 οἱ

963 274 1110 310 impediti,
1135 275 1336 302 adversarium
1363 275 1443 302 humi
1470 276 1641 311 projiciunt;
1668 277 1718 304 sed
1745 285 1793 306 ars

964 319 1055 356 proba
1080 319 1238 354 requiritur
1258 328 1322 355 quae
1347 319 1480 355 ipsorum
1505 321 1638 356 personis
1654 322 1743 350 decus
1758 331 1791 350 ac

964 364 1053 391 robur
1074 364 1216 399 impertit,
1233 372 1358 399 quorum
1376 364 1460 392 venia
1482 364 1546 392 sine
1568 364 1679 399 labore,
1693 367 1721 393 vi
1736 374 1787 394 au-

963 411 1021 436 tem
1038 410 1067 435 ct
1082 408 1227 444 sapientia
1243 408 1341 435 divina
1352 408 1463 436 sutiulti
1478 417 1545 436 eum
1561 409 1644 436 bumi
1655 412 1790 438 sternunt
1816 406 1819 409 i

964 453 1014 489 qui
1031 455 1160 480 nostram
1177 453 1300 485 cladem,
1318 453 1385 480 licet
1406 454 1519 481 robusti
1534 454 1624 482 simul
1639 456 1667 482 et
1681 454 1790 490 ignavi,

964 497 1153 531 meditantur,
1170 505 1220 525 seu
1247 498 1282 524 ob
1308 497 1514 534 negligentiam
1531 501 1727 527 tumescentes
1742 507 1790 527 ca-

964 542 1141 576 dimus,oseu
1157 542 1206 569 ubi
1233 550 1307 570 novo
1323 550 1388 569 cum
1414 542 1512 578 vigore
1537 551 1589 570 nos
1613 544 1737 571 invicem
1754 544 1790 572 ad

964 587 1156 622 pugnandum
1181 586 1370 614 exhortamur
1390 587 1419 614 in
1436 587 1595 614 adversarii
1619 588 1791 623 perniciem.

963 633 1045 659 Hanc
1060 633 1159 658 autem
1175 634 1267 659 artem
1285 639 1370 659 nemo
1388 633 1520 658 nostrum
1540 640 1614 667 opus
1631 632 1719 660 habet
1729 633 1796 660 edo.

965 675 1032 703 ceri.
1051 676 1158 703 Omnes
1174 675 1252 703 enim
1269 675 1342 703 satis
1362 683 1396 703 es
1410 676 1439 702 in
1456 684 1486 703 re
1504 676 1644 703 instructi
1669 677 1791 712 experti-

966 728 1023 756 que
1038 728 1152 754 sumus,
1165 722 1194 747 et
1209 720 1335 755 quisque
1351 722 1486 748 nostrum
1505 720 1549 747 sui
1567 720 1660 755 ipsius
1675 722 1792 753 unctor,

966 764 1026 792 dux
1049 764 1094 792 sui
1116 764 1204 799 juris,
1222 764 1410 799 gubernator,
1436 767 1605 800 praeceptor,
1622 765 1726 792 ductor
1740 765 1791 792 do-

967 808 1118 843 mesticus,
1133 809 1277 844 interpres
1293 809 1415 836 idoneus
1431 817 1495 836 esse
1511 810 1615 845 potest.

1003 907 1046 934 13.
1064 907 1118 935 Sed
1136 915 1202 934 cum
1218 906 1325 942 cuique
1345 915 1453 944 magno
1467 907 1581 943 jejunio
1598 907 1794 936 sanctimonia

969 952 1098 985 inhaeret,
1115 955 1143 979 et
1162 954 1194 979 ut
1210 951 1239 979 in
1256 951 1336 979 omni
1356 951 1433 979 bello
1448 951 1564 986 accidit,
1581 952 1682 980 concio
1697 954 1726 980 et
1740 952 1794 980 do-

970 997 1063 1024 ctrina
1087 996 1235 1024 antecedit
1249 995 1328 1032 (belli
1350 1004 1488 1032 namque,
1504 998 1532 1024 et
1556 996 1674 1032 quidem
1699 997 1735 1024 ad
1759 996 1795 1023 ti-

970 1049 1037 1068 nem
1050 1040 1177 1076 aliquem
1194 1041 1371 1076 perducendi
1384 1040 1510 1076 speciem
1526 1041 1634 1076 praebet
1649 1042 1796 1069 certamen

971 1086 1048 1121 quod
1065 1094 1118 1113 nos
1134 1087 1258 1121 occupat
1273 1093 1340 1112 cum
1357 1085 1430 1113 duce
1453 1085 1615 1113 cohortium
1635 1086 1798 1114 tenebrico-

971 1131 1096 1164 sarum),
1112 1132 1139 1158 et
1155 1130 1215 1158 haec
1230 1138 1314 1158 sacra
1329 1129 1455 1165 phalanx
1470 1132 1570 1158 coacta
1584 1132 1629 1158 est
1644 1131 1679 1158 ad
1698 1138 1799 1159 neces-

972 1175 1081 1203 sariam
1096 1174 1361 1209 consecrationem;
1376 1183 1466 1211 quare
1477 1183 1628 1203 summum
1645 1175 1669 1202 ei
1686 1175 1728 1203 rei
1739 1177 1800 1203 stu-

972 1220 1054 1248 dium
1071 1219 1282 1256 impendimus,
1300 1222 1333 1247 ut
1352 1220 1492 1247 doctrina:
1507 1228 1600 1248 canon
1626 1220 1798 1256 praescribit,

973 1266 1002 1292 et
1015 1265 1050 1292 de
1063 1264 1167 1300 jejunii
1184 1265 1261 1300 quod
1288 1265 1456 1301 peregimus
1472 1264 1576 1292 ultimo
1594 1265 1651 1292 fine
1675 1264 1800 1292 medita-

974 1317 1050 1337 mur.
1069 1310 1125 1337 Hac
1140 1309 1219 1336 enim
1235 1311 1349 1345 reperta
1373 1313 1400 1336 et
1426 1309 1520 1337 facilis
1544 1309 1664 1346 quidem
1682 1310 1717 1337 ad
1734 1317 1799 1337 eam

973 1354 1072 1382 aditus
1100 1356 1165 1388 est),
1187 1362 1243 1381 non
1273 1353 1376 1381 multis
1403 1353 1487 1381 nobis
1517 1355 1624 1388 verbis,
1640 1355 1691 1381 aut
1717 1353 1801 1382 vobis

974 1399 1112 1426 diuturno
1141 1398 1239 1426 labore
1267 1407 1341 1434 opus
1368 1398 1432 1430 erit,
1450 1399 1500 1426 sed
1531 1398 1668 1426 desiderii
1698 1398 1800 1426 statim

975 1445 1124 1478 compotes
1139 1442 1260 1476 erimus,
1277 1445 1329 1470 aut
1344 1445 1375 1470 ut
1391 1443 1457 1471 aliis
1471 1443 1568 1471 verbis
1583 1443 1689 1478 dicam,
1701 1442 1803 1471 volun-

974 1489 1064 1515 tatem
1082 1487 1208 1514 divinam
1226 1487 1349 1522 facictis,
1365 1487 1424 1514 imo
1446 1487 1504 1515 Deo
1520 1487 1586 1524 ipsi,
1604 1489 1635 1515 ut
1649 1495 1709 1515 rem
1727 1487 1802 1516 sole-

976 1532 1084 1560 mniter
1099 1531 1206 1564 dicam,
1222 1531 1508 1567 appropinquabitis,
1525 1532 1594 1559 dum
1618 1531 1667 1559 alii
1683 1531 1756 1559 alios
1771 1532 1803 1559 in

976 1576 1147 1604 veneranda:
1164 1576 1386 1604 resurrectionis
1400 1578 1548 1604 momento
1561 1584 1650 1604 cursu
1665 1583 1804 1612 superare

936 1608 958 1642 θ’
978 1621 1169 1649 contendetis.
1186 1620 1309 1648 obvium
1325 1623 1422 1648 autem
1446 1629 1513 1648 eum
1538 1608 1805 1655 habebitis,-inter-

975 1665 1122 1703 pellabitis
1138 1668 1165 1693 et
1181 1673 1215 1693 ex
1236 1665 1300 1701 ejus
1316 1673 1365 1693 ore
1381 1676 1394 1690 «
1411 1665 1525 1694 Salvete
1541 1676 1555 1691 η
1573 1667 1601 1693 et
1615 1668 1737 1694 cunctas
1752 1674 1805 1693 vo-

976 1720 1024 1740 ces
1040 1712 1165 1740 audietis
1191 1720 1254 1747 quae
1279 1711 1501 1739 resurrectionis
1526 1711 1804 1747 praedicationisque

977 1759 1108 1792 respectu
1125 1755 1162 1784 iis
1186 1756 1235 1792 qui
1251 1764 1318 1784 eum
1343 1756 1470 1792 diligunt
1493 1756 1615 1792 ejusque
1638 1756 1803 1784 doctrinam

977 1803 1155 1834 reverentur,
1171 1803 1200 1829 et
1228 1809 1294 1829 cum
1325 1800 1389 1837 ipso
1419 1800 1556 1829 unionem
1578 1800 1802 1829 desiderabilem

978 1847 1101 1875 credunt
1116 1845 1251 1882 proﬁcuce
1267 1847 1346 1874 sunt.

1015 1945 1058 1972 14.
1075 1944 1183 1980 Jejunii
1200 1953 1295 1980 porro,
1310 1945 1387 1980 quod
1404 1952 1482 1972 nunc
1496 1944 1681 1980 inchoamus,
1698 1953 1805 1981 propo-

979 1990 1068 2018 situm
1084 1998 1142 2017 non
1158 1990 1187 2017 in
1204 1997 1237 2017 eo
1254 1990 1399 2024 consistit,
1416 1991 1458 2023 ut,
1474 1990 1509 2017 ad
1525 1989 1690 2025 exemplum
1707 1989 1808 2017 multi-

979 2034 1106 2067 tudinis|
1119 2033 1199 2061 labia
1223 2041 1419 2068 coerceamus,
1437 2042 1471 2061 ex
1496 2042 1551 2069 quo
1567 2033 1600 2060 fit
1621 2035 1651 2061 ut
1668 2032 1807 2061 frumenti

980 2078 1161 2107 abundantia
1177 2078 1233 2106 cito
1257 2078 1287 2105 in
1313 2078 1440 2105 nihilum
1457 2078 1552 2111 abeat,
1570 2086 1665 2114 neque
1680 2079 1712 2105 ut
1727 2077 1808 2105 cibos

981 2123 1119 2151 dentibus
1143 2123 1178 2150 ad
1203 2122 1293 2150 vitam
1323 2122 1548 2150 sustentandam
1575 2121 1732 2150 molamus.
1753 2121 1808 2154 Qui

982 2168 1058 2195 enim
1074 2167 1128 2194 bac
1141 2167 1251 2194 ratione
1263 2167 1411 2203 jejunium
1423 2168 1568 2200 exercent,
1581 2175 1641 2194 rem
1657 2175 1708 2203 pro
1720 2174 1809 2202 nego-

981 2213 1021 2240 tio
1033 2211 1134 2247 aliquo
1145 2214 1310 2247 quaestuosa
1322 2211 1442 2239 habent.
1451 2210 1535 2239 Tales
1546 2211 1665 2247 quidem
1674 2211 1808 2239 homines

983 2257 1120 2285 sanitatis
1136 2264 1236 2284 curam
1253 2258 1370 2293 gerunt,
1382 2258 1411 2284 et
1426 2256 1564 2284 dentibus
1580 2257 1716 2292 parcunt;
1733 2255 1810 2283 folli-

96 2299 232 2335 τοιούτοι,
249 2298 295 2326 καὶ
325 2297 387 2326 οὐδὲ
402 2298 465 2330 τοὺς
482 2298 594 2331 ὀδόντας
623 2298 757 2338 τρίϐουσι·
777 2301 873 2337 μεστὸς
899 2299 918 2328 δῖ

982 2302 1066 2330 culus
1081 2303 1178 2329 autem
1195 2303 1312 2329 externe
1335 2301 1371 2329 iis
1396 2301 1500 2338 plenus
1515 2303 1570 2334 est,
1587 2301 1656 2329 dum
1683 2303 1778 2329 utrem
1794 2310 1811 2329 a

97 2344 193 2375 αὐτοῖς
220 2342 259 2373 ὡς
275 2343 318 2370 ἰπὶ
334 2342 406 2371 πολὺ
434 2345 478 2371 καὶ
507 2345 521 2371 ὁ
537 2344 587 2380 ἔξω
601 2344 736 2383 κώρυχος,
767 2346 809 2376 οἷς
824 2346 869 2373 τὸν
888 2346 928 2373 ol-

98 2390 172 2415 κεῖον
202 2387 249 2414 καὶ
276 2386 414 2425 σύμφυτον
441 2387 557 2415 θύλακον
589 2388 706 2428 λαγαρὸν
736 2388 928 2428 φυλάττουσιν.

98 2432 198 2469 Ἀρετή
217 2429 247 2459 δὲ
277 2431 302 2458 ἐν
331 2432 423 2463 αὐτοῖς
451 2430 574 2469 οὐδεμία.
603 2431 708 2462 Οὔκουν
725 2435 792 2470 ἡμῖν
809 2432 869 2470 ἄρτι
884 2445 930 2469 νη-

103 2477 189 2507 στείας
233 2475 365 2511 τοιαύτης
401 2477 541 2514 κήρυγμα,
577 2481 627 2512 τῆς
662 2478 706 2505 καί
735 2482 857 2516 πονηρᾶς
885 2479 930 2507 καὶ

104 2521 281 2558 ἴσχνοποιοῦ,
298 2520 336 2549 εἷς
353 2519 428 2548 οὐδὲν
443 2520 513 2548 δέον·
542 2521 776 2561 παραγγέλλομεν
793 2522 821 2551 δὲ
836 2523 930 2554 ἄλλως

102 2565 225 2600 νηστείαν
241 2565 292 2599 τὴν
322 2566 388 2601 μετὰ
414 2565 458 2593 καὶ
486 2569 592 2605 τροφῆς
621 2567 666 2594 καὶ
681 2571 785 2606 τρυφῆς
800 2568 845 2595 καὶ
859 2569 931 2601 πλη-

106 2614 222 2646 σμονῆς,
249 2610 280 2636 τὸ
309 2610 478 2638 καινότατον.
506 2611 768 2650 Προκαλοῦμαιγὲρ
799 2612 880 2648 ὑμᾶς,
898 2611 934 2639 δι’

106 2654 172 2689 δλης
188 2657 240 2689 τῆς
254 2654 389 2690 νηστίμοο
405 2654 450 2682 καὶ
473 2654 571 2687 ἐσθίειν
596 2656 641 2683 καὶ
660 2656 745 2683 πίνειν
774 2656 819 2683 καὶ
845 2655 932 2683 πλείω

105 2701 157 2726 τῶν
189 2699 343 2736 προτέρων,
372 2698 395 2726 εἰ
425 2698 547 2734 δυνατὸν,
565 2700 608 2727 καὶ
629 2699 726 2738 μέχρις
743 2700 824 2727 αὐτοῦ
839 2700 932 2737 κόρου·

107 2742 230 2771 σπεύδιιν
262 2742 291 2771 δὲ
318 2743 364 2771 καὶ
393 2744 591 2782 θησαυρίζειν,
619 2743 675 2783 εἴγε
712 2744 824 2777 δύνασθε
841 2767 848 2780 ,
889 2745 935 2774 ’ίνα

108 2787 177 2815 οὕτω
209 2786 294 2824 μηδὲν
327 2799 353 2815 τι
370 2792 560 2827 καινοπραγεῖν
580 2789 710 2826 οἰώμεθα,
740 2788 793 2817 εἴτε
820 2789 889 2827 πρὸς
903 2791 935 2818 τὸ

108 2832 247 2867 νηστεύειν
277 2832 338 2871 ἄρτι
366 2833 534 2870 ἀπονεύομεν
552 2855 560 2868 ,
590 2834 627 2865 ὡς
655 2835 686 2862 τὸ
721 2833 819 2862 δοῦλον
857 2837 936 2872 σῶμα

985 2349 1091 2375 natura
1106 2347 1206 2374 datum
1223 2346 1340 2374 inanem
1357 2347 1482 2382 gestant.
1500 2345 1534 2373 Hi
1554 2345 1654 2382 igitur,
1670 2347 1704 2373 ut
1717 2345 1810 2380 vides,

985 2392 1020 2419 de
1034 2391 1142 2418 virtute
1161 2390 1278 2425 gloriari
1295 2399 1352 2418 non
1378 2392 1511 2426 possunt.
1529 2391 1622 2423 Quare
1638 2390 1723 2418 nobis
1739 2399 1812 2427 quo-

986 2444 1042 2472 que
1057 2435 1200 2471 ejusmodi
1222 2435 1330 2470 jejunii
1354 2434 1551 2462 ostentatione
1576 2443 1634 2463 non
1659 2443 1731 2471 opus
1756 2437 1812 2468 est,

986 2481 1061 2516 quod
1079 2488 1136 2507 non
1153 2479 1210 2507 nisi
1234 2479 1364 2516 corporis
1376 2478 1533 2506 maceriam
1550 2479 1655 2516 gignit,
1671 2481 1722 2507 aut
1744 2488 1812 2508 cum

986 2525 1119 2552 ciborum
1147 2524 1329 2552 abundantia
1352 2526 1380 2551 et
1404 2523 1519 2551 luxurie
1542 2524 1732 2560 conjunctum
1757 2526 1813 2552 est.

986 2569 1140 2596 Enimvero
1155 2577 1207 2596 vos
1230 2568 1369 2596 exhortor
1385 2570 1416 2595 ut
1431 2568 1539 2603 jejuuii
1562 2570 1694 2605 tempore
1709 2569 1745 2597 ab
1760 2576 1812 2596 esu

987 2616 1076 2649 atque
1092 2616 1160 2648 potu
1176 2613 1220 2640 vel
1243 2613 1277 2640 ad
1294 2613 1458 2640 satietatem
1476 2620 1570 2648 usque
1585 2613 1707 2640 minime
1722 2612 1813 2640 absti-

988 2657 1093 2686 neatis.
1109 2657 1317 2685 Thesaurizate
1344 2665 1421 2689 vero.
1447 2657 1472 2684 si
1502 2657 1638 2693 potestis;
1664 2657 1706 2685 sic
1735 2656 1813 2684 enim

967 2738 971 2743 .
989 2702 1061 2730 nihil
1076 2702 1143 2729 novi
1168 2702 1261 2730 facere
1280 2701 1462 2736 videbimini,
1479 2705 1506 2729 et
1521 2710 1606 2729 nemo
1631 2701 1730 2737 inique
1753 2700 1815 2728 laesi

990 2747 1120 2783 corporis
1134 2755 1185 2774 vos
1201 2747 1345 2774 acusabit.
1358 2746 1430 2774 Cum
1447 2749 1545 2774 autem
1561 2747 1616 2774 hoc
1631 2746 1730 2782 ipsum
1746 2754 1817 2782 pris-

991 2795 1107 2828 ceptum
1137 2792 1358 2819 incommodum
1388 2790 1504 2827 aliquod
1536 2799 1636 2819 secum
1667 2790 1740 2818 ferat
1754 2790 1816 2827 (qui

991 2837 1070 2865 enim
1085 2835 1145 2864 edit
1159 2840 1209 2864 aut
1224 2836 1298 2863 bibit
1313 2835 1369 2864 sibi
1383 2836 1440 2872 ipsi
1452 2835 1594 2863 molestus
1604 2835 1816 2871 quodammodo
