1992 3158
224 163 285 194 687

618 160 830 191 EUSTATHII
853 160 1039 191 THESSAU

1097 160 1237 191 ,ΟΕΝὸἰὸ
1261 159 1554 192 ΜΕΤΗΟΡΟΜΤΛΕ

1838 167 1884 196 688

225 231 280 263 est,
296 227 432 264 equidem
456 226 553 255 omnis
580 226 722 255 molestias
737 226 879 254 evitandae
895 226 977 254 vobis
1002 234 1038 254 au

1110 228 1278 253 κακοποιεῖν.
1296 226 1371 255 Ἐπεὶ
1396 225 1425 254 ’ὁὶ
1445 227 1490 254 καὶ
1518 227 1536 262 ἡ
1565 227 1674 262 τοιαύτη
1702 227 1801 267 ὲπιταγὴ
1822 230 1885 258 πόνον

225 275 286 301 ctor
303 273 416 300 fuerim.

263 416 306 443 15.
323 416 365 443 Ita
378 423 445 442 vero
468 422 500 442 se
523 423 570 442 res
594 414 691 442 habet.
708 414 740 441 In
762 414 827 441 vitae
853 413 991 441 solatium
1017 421 1050 440 ac

225 460 453 489 allevamentum
478 459 618 486 animalia
633 467 720 494 opera
735 458 880 493 gestantis
903 461 931 486 et
954 458 1051 485 homi—

224 513 296 533 num
313 513 406 541 genus
422 504 733 538 invenerunt,quorum
748 502 805 530 alia
820 511 937 531 servum
951 511 1050 538 pecus,

223 550 274 578 alii
291 549 424 577 mercede
440 548 575 576 conducti
589 556 677 584 opera
692 550 807 581 navant,
818 547 859 575 ita
876 549 908 575 ut
923 547 1052 574 dominis

222 594 280 622 otio
296 594 385 621 vitam
399 593 562 628 transigere
582 600 666 620 suam
683 591 778 620 liceat.
796 591 897 619 Simile
912 591 982 627 quid
999 599 1051 626 ego

219 647 338 674 quoque
354 645 407 665 vos
429 639 462 664 ut
486 636 601 664 faciatis
617 645 731 669 moneo,
748 636 883 664 homines
908 643 1051 671 pauperes

221 685 308 718 atque
324 690 432 718 egenos
448 681 483 709 ad
501 681 646 716 ejusmodi
659 681 777 708 servitia
789 680 988 713 conducendo,
1002 680 1050 715 qui

221 728 323 755 utilem
345 727 428 754 vobis
454 734 572 762 operam
598 727 750 762 praestent;
777 726 827 754 Dei
852 733 951 753 servos
976 725 1051 759 dico,

221 772 273 807 qui
287 771 337 799 vili
354 770 489 798 mercede
505 772 623 804 accepta
634 769 718 796 duris
733 769 928 805 accinguntur
945 768 1052 796 labori-

221 817 288 844 bus.
306 816 341 843 Hi
367 823 496 851 namque
512 814 559 841 Dei
577 814 736 850 imaginem
753 822 810 849 prae
835 822 865 841 se
892 814 987 840 lerunt
1002 821 1052 840 eos

221 860 414 897 protegentis,
430 862 457 887 et
483 866 571 887 onera
594 860 709 894 portare
725 858 902 892 didicerunt,
920 859 948 886 et
969 858 1052 893 quie-

1104 266 1164 307 ἕχει
1181 273 1298 308 (μοχθεῖ
1311 271 1361 309 γὰρ
1378 272 1392 298 ὁ
1419 271 1464 298 καὶ
1489 270 1586 303 ἐσθίων
1613 273 1656 300 καὶ
1677 273 1753 300 πίνων
1766 273 1844 302 πολλὰ
1854 284 1888 311 καὶ

1104 315 1370 353 χρηματιζόμενος),
1415 315 1554 352 μιθοδεύω
1599 317 1660 353 ὑμῖν
1688 317 1789 346 ἐνταῦθα
1808 319 1889 347 καὶτὸ

1106 370 1119 385 ‹‹
1136 359 1292 387 ἀχοπίατον.
1310 372 1324 386 ››

1143 413 1180 442 ιε’.
1210 413 1244 440 Τὸ
1274 412 1309 440 δι⁹
1325 412 1394 441 ἔστιν
1412 412 1484 452 ἔχων
1499 414 1594 447 οὕτως.
1610 416 1800 451 Ἐπινενόηνται
1812 419 1859 448 τοῖς
1872 417 1890 444 ἐν

1107 457 1159 495 βίῳ
1180 457 1322 496 ἀχθοφόρα
1348 461 1403 492 ζῶα
1425 458 1509 487 λοιπὰ
1532 460 1577 487 καὶ
1605 460 1734 495 πρόσωπα
1756 459 1790 495 δὲ,
1811 461 1839 488 τὰ
1858 462 1891 497 μὲν

1107 501 1231 536 δουλικὰ,
1260 503 1293 530 τὰ
1309 501 1338 529 δὲ
1355 505 1453 539 μισθοῦ
1471 505 1635 542 μοχθοῦντα,
1652 503 1685 532 δι’
1700 506 1734 532 ὧν
1759 506 1782 532 οἱ
1793 504 1892 533 δέσποται

1108 546 1166 583 βίον
1195 544 1332 584 τρίϐουσιν
1361 547 1470 576 ἄπονον.
1498 550 1626 576 Τοιοῦτον
1657 548 1688 584 δή
1712 560 1736 576 τι
1759 549 1823 587 κάγὼ
1846 550 1892 587 ὑμῖν

1106 593 1193 618 ποιεῖν
1209 590 1382 628 ὑποτίθεμαι.
1412 593 1448 619 Τὸ
1477 592 1505 620 δέ
1533 592 1587 620 ἐστι
1619 594 1794 630 μισθώσασθαι
1811 594 1894 625 ἑαυτοῖς

1106 635 1169 666 τοὺς
1204 635 1320 671 πένητας
1349 637 1393 664 καὶ
1420 637 1550 675 πτωχοὺς
1575 637 1612 668 εἷς
1635 638 1666 665 τὸ
1688 641 1802 665 τοιοῦτον
1824 637 1892 676 ἔργον,

1106 679 1169 711 τοὺς
1200 680 1422 718 ἀχθοφοροῦντας
1449 682 1482 709 τὰ
1510 683 1577 718 ἡμῖν
1607 683 1747 719 σωτήρια,
1782 682 1837 714 τοὺς
1860 686 1894 710 τοῦ

1106 727 1174 752 Θεοῦ
1203 723 1328 762 ἐργάτας,
1358 725 1421 756 τοὺς
1455 726 1626 765 βραχυτάτου
1641 727 1778 765 μισθαρίου
1793 725 1894 765 διαπρατ-

1106 769 1237 805 τομένους
1265 770 1298 796 τὰ
1325 772 1373 797 τοῦ
1395 771 1494 802 παντὸς
1517 771 1586 807 ἄξια,
1620 771 1684 803 τοὺς
1710 772 1835 809 προσώπῳ
1847 773 1896 798 θεοῦ

1108 812 1334 852 ἐπιφαινομένους
1363 815 1442 851 ἡμῖν,
1473 816 1509 842 ὧν
1538 815 1569 842 τὸ
1585 814 1670 843 καλὸν
1685 816 1822 843 οἰκειοῦται
1840 816 1895 851 Θεὸς,

1107 858 1171 889 τοὺς
1197 856 1404 897 δεδιδαγμένους
1438 858 1521 897 αἵρειν
1550 860 1669 899 φόρτους
1695 861 1834 896 τοιούτους,
1851 861 1897 890 τοὺς

220 909 279 934 tem
295 907 432 938 sumunt,
450 905 521 932 dum
546 911 600 931 nos
624 903 692 939 ipsi,
709 902 847 930 oneribus
864 903 986 937 curvati,
1004 911 1036 930 eo

1107 902 1292 934 ἀναπαύοντας
1309 927 1317 939 ,
1345 902 1419 942 εἲίπερ
1448 906 1597 935 κοπιῶντες
1620 906 1702 941 ἡμεῖς
1731 905 1773 932 καὶ
1797 915 1897 944 «seopu-

220 951 347 980 adimus.
365 950 414 977 His
438 950 538 977 nostra
559 947 779 984 impertiamus;
796 947 842 975 his
859 947 887 974 id
914 955 973 982 quo
995 955 1049 975 nos

218 994 495 1031 superabundamus
515 992 663 1028 aequitatis
686 992 799 1019 ratione
814 991 915 1018 habita
939 990 1048 1027 largia-

218 1048 294 1068 mur.
311 1038 425 1066 Etenim
451 1038 480 1064 id
501 1045 553 1073 pro
578 1039 657 1064 certo
686 1036 830 1068 habeatis,
846 1036 965 1071 quando
995 1036 1049 1064 hos

213 1082 399 1112 vestimentis
410 1081 604 1114 induerimus,
615 1081 643 1108 id
657 1081 788 1108 futurum
800 1088 865 1107 esse
878 1083 973 1108 utnec
989 1080 1047 1117 ipsi

215 1128 384 1157 molestiam
401 1126 521 1162 frigoris
545 1126 696 1153 obeamus.
714 1125 771 1152 Deo
796 1124 874 1152 enim
891 1125 978 1152 dante
995 1134 1048 1153 nos

215 1172 403 1206 calescimus,
420 1170 567 1206 siquidem
585 1169 722 1197 malitiosi
739 1169 774 1196 ad
791 1169 888 1205 ignem
905 1171 1046 1196 aeternum

216 1217 355 1246 destinati
370 1216 466 1252 ignem
483 1222 661 1243 consumens
677 1213 820 1247 accendit,
834 1213 933 1249 probis
949 1216 1046 1242 autem

218 1262 342 1291 calorem
359 1263 492 1289 amanter
513 1259 654 1295 impertil,
670 1258 730 1286 sole
749 1258 872 1294 justitia:
888 1262 1046 1294 annuente_

218 1307 293 1336 Dum
310 1306 388 1334 enim
408 1305 450 1332 illi
467 1304 548 1332 cibos
574 1312 591 1331 a
615 1303 700 1331 nobis
725 1302 839 1330 oblatos
856 1303 1045 1338 manducant,

218 1360 272 1380 nos
286 1350 343 1388 ipsi
361 1349 505 1377 satiamur
520 1357 576 1376 non
593 1350 718 1381 tantum,
734 1348 810 1383 quod
827 1347 912 1375 nobis
928 1356 1045 1384 quoque

218 1397 254 1424 de
269 1395 331 1424 solo
346 1401 420 1430 pane
435 1393 530 1421 vivere
547 1393 589 1420 fas
609 1392 657 1425 sit,
675 1393 724 1419 sed
750 1393 818 1427 quia
841 1400 976 1420 summus
992 1393 1044 1420 ali-

217 1442 384 1469 mentorum
400 1438 484 1466 dator
494 1437 582 1465 rebus
593 1444 718 1472 quarum
735 1435 858 1471 penuria
872 1436 1043 1471 premimur,

217 1482 469 1521 imperscrutabile
485 1482 567 1510 offert
580 1480 915 1517 supplementum,sicut
931 1480 960 1508 in
977 1489 1042 1517 par-

217 1539 266 1559 cos
282 1529 389 1557 famem
405 1526 540 1555 caninam
566 1525 684 1559 emittit,
701 1533 760 1561 qua
782 1524 977 1561 Erysichthon
993 1527 1044 1553 aut

216 1575 408 1610 Harpocrates
422 1573 473 1599 aut
487 1570 563 1599 alius
589 1570 662 1598 forte
678 1572 729 1597 aut
752 1569 885 1603 seleucis,
898 1577 960 1605 qua:
981 1570 1042 1598 avis

217 1621 261 1647 est
286 1617 478 1647 voracissima
496 1615 688 1649 laboraverit;
718 1614 826 1650 quibus
851 1614 989 1642 omnibus
1016 1614 1041 1642 is

219 1662 432 1699 comparandus
441 1660 543 1696 estqui
554 1660 635 1688 solus
645 1659 680 1686 ad
692 1659 856 1687 satietatem
865 1667 958 1695 usque
967 1659 1041 1695 gulae

218 1707 362 1744 indulget.
379 1706 500 1738 Quando
524 1704 615 1740 igitur
630 1704 735 1731 fratres
751 1703 832 1739 egeni
849 1703 981 1731 sitientes
996 1704 1043 1732 bi-

220 1753 306 1787 bunt,
322 1759 375 1779 nos
391 1749 469 1778 sitim
490 1748 639 1784 pellimus,
656 1747 744 1783 idque
764 1755 820 1774 non
838 1747 932 1776 solum
947 1749 1043 1784 quoad

221 1804 338 1832 corpus,
351 1795 400 1822 ubi
411 1794 487 1822 Deus
498 1792 614 1828 copioso
626 1800 680 1819 nos
695 1791 817 1819 humore
832 1793 945 1819 saturat
959 1794 987 1819 et
1001 1801 1044 1820 re-

218 1841 288 1873 ﬁcit,
306 1840 346 1866 ita
363 1841 394 1865 ut
408 1845 502 1873 neque
518 1837 610 1864 nimio
633 1835 704 1863 solis
719 1836 822 1863 ardore
844 1835 1042 1865 incommode-

219 1893 295 1918 mur,
312 1885 363 1910 aut
378 1883 407 1909 in
425 1881 559 1909 morbum
585 1880 774 1908 sudoriﬁcum
797 1879 974 1914 incidamus,
992 1884 1042 1910 aut

216 1928 298 1956 inani
313 1927 420 1955 sudore
439 1926 593 1953 humorem
610 1925 758 1952 internum
774 1925 936 1960 ejiciamus,
952 1926 992 1953 ita
1009 1929 1041 1954 ut

214 1975 332 2001 externo
343 1971 455 1999 inﬂuxu
468 1970 550 2006 quasi
563 1969 694 1997 antidoto
705 1977 779 2005 opus
792 1969 968 2003 habeamus;
980 1971 1039 1999 imo

214 2020 343 2050 econtra,
369 2019 401 2044 ut
424 2016 536 2044 famosa
563 2014 669 2042 mulier
696 2014 891 2048 Samaritana,
908 2015 1038 2044 animam

212 2063 310 2092 divino
325 2061 410 2090 latice
431 2061 585 2088 irroratam
609 2058 793 2095 experiemur
808 2058 872 2086 sine
887 2067 943 2095 quo
959 2060 1003 2088 vel
1018 2060 1038 2087 ii

212 2108 317 2136 sitiunt
330 2106 379 2143 qui
397 2104 486 2133 maris
500 2104 575 2132 vada
590 2103 681 2132 ramis
696 2103 856 2138 trajiciunt.

1107 947 1200 983 σμένοι
1229 947 1424 985 προσέλθωμεν
1456 948 1559 980 αὐτοῖς.
1586 950 1699 980 Τούτοις
1725 949 1849 986 ἀναθῶμεν
1873 949 1897 976 τὶ

1105 991 1236 1029 ἡμέτερα,
1259 991 1368 1019 τούτοιο¹
1393 991 1580 1030 ἐπιτρέψωμεν
1611 996 1665 1021 τῶν
1692 994 1717 1021 έν
1743 995 1805 1030 ἡμῖν
1830 1004 1898 1029 περιτ-

1103 1038 1167 1070 τῶν,
1183 1035 1232 1063 ὅσοι
1256 1035 1447 1074 διακρινοῦμεν
1477 1036 1626 1075 ὀρθότητος
1656 1038 1740 1076 λόγῳ.
1762 1038 1839 1074 Ἀμὴν
1860 1038 1896 1075 γὰρ

1105 1079 1176 1118 λέγω
1207 1081 1283 1117 ὑμῖν,
1311 1080 1417 1108 τούτων
1435 1079 1615 1118 ἐνδυομένων,
1641 1083 1721 1119 ἡμεῖς
1750 1080 1805 1110 οὕτε
1818 1092 1896 1121 φορτη-

1102 1126 1205 1161 γοῦμεν
1221 1124 1251 1152 ἐκ
1279 1128 1418 1162 περιττοῦ,
1443 1125 1488 1153 καὶ
1516 1125 1579 1153 οὐδὲ
1596 1126 1738 1164 ῥιγοῦμεν.
1758 1125 1896 1163 Θάλπειγὶρ

1101 1170 1176 1205 ἡμᾶς
1202 1169 1216 1197 ὁ
1231 1170 1305 1204 Θεὸς,
1334 1172 1392 1200 τοῖς
1421 1169 1468 1206 μὲν
1482 1172 1530 1197 τοῦ
1549 1173 1674 1208 πονηροῦ
1700 1173 1752 1207 πῦρ
1776 1169 1895 1198 καταναλί-

1101 1224 1164 1240 σκον
1181 1213 1369 1250 ἐξαπτόμενος,
1402 1215 1442 1245 οἷς
1464 1215 1507 1242 καὶ
1523 1215 1554 1242 τὸ
1569 1214 1681 1242 αὶώνιον
1703 1212 1832 1252 ἐπιϐρέμει
1845 1217 1893 1251 πῦρ,

1101 1261 1158 1290 τοῖς
1185 1257 1213 1285 δὲ
1242 1258 1352 1296 ἀγαθοῖς
1367 1258 1500 1296 θαλπωρή
1529 1259 1698 1297 αὐτόχρημα
1720 1258 1764 1286 ὢν*
1793 1259 1841 1286 ἐπεὶ
1862 1258 1894 1285 καὶ

1102 1301 1275 1338 δικαιοσύνης
1303 1302 1521 1342 πεφιλοσόφηται
1547 1303 1646 1338 ἥλιος.
1676 1303 1795 1332 Ἐκείνων
1818 1303 1895 1330 ἐσθιόν-

1099 1349 1153 1374 τῶν
1169 1347 1201 1374 τὰ
1231 1345 1265 1374 δι⁶
1286 1348 1366 1384 ἡμῶν
1396 1348 1600 1385 χορηγούμενα,
1616 1349 1701 1385 ἡμεῖς
1730 1348 1894 1387 κορεννύμιθο,

1100 1390 1130 1418 ού
1163 1391 1254 1427 μόνον,
1279 1389 1371 1419 καθὸτι
1386 1391 1450 1419 οὐδὲ
1478 1393 1551 1429 ἡμᾶς
1579 1392 1623 1420 ἐπὶ
1639 1391 1714 1431 ἄρτῷ
1729 1394 1799 1430 μόνῳ
1815 1394 1853 1429 ζῇν
1864 1390 1896 1419 ἐλ-

1099 1435 1186 1470 πίζειν
1214 1435 1321 1473 πρέπει,
1338 1435 1410 1464 ἀλλὰ
1433 1436 1479 1463 καὶ
1507 1436 1550 1464 ὅτι
1576 1436 1738 1475 παραδόξως
1757 1438 1771 1464 ὁ
1795 1438 1895 1474 μέγιστος

1099 1479 1242 1515 σιτοδότης
1277 1480 1434 1519 ἀναπληροῖ
1456 1481 1487 1508 τὸ
1517 1480 1615 1516 ἐνδέον,
1647 1482 1686 1513 ὡς
1714 1482 1762 1510 οὐκ
1784 1482 1811 1509 ἂν
1833 1482 1895 1517 ἡμεῖς

1101 1525 1244 1562 μάθοιμεν·
1275 1524 1365 1562 ὥσπερ
1394 1524 1426 1552 αὗ
1455 1524 1537 1552 πάλιν
1554 1526 1714 1564 ἀποκληροῖ
1733 1529 1789 1557 τοῖς
1815 1526 1893 1562 ἀμετα-

1099 1569 1189 1602 δότοις
1204 1571 1254 1605 τήν
1283 1571 1439 1609 βούπειναν,
1463 1572 1494 1606 ἣν
1512 1572 1682 1610 Ἐρυσίχθων
1697 1583 1740 1604 τις
1753 1571 1848 1607 νοσοίη,
1861 1569 1893 1598 καὶ

1099 1615 1262 1653 Ἀρποκρᾶς,
1279 1616 1296 1650 ἡ
1327 1614 1413 1646 ἄλλος
1441 1626 1483 1647 τις
1511 1615 1550 1655 ἐφ’
1579 1617 1690 1652 ὁμοίοις
1717 1615 1893 1653 θρυλλούμενος

1097 1659 1141 1686 καὶ
1157 1658 1278 1691 σελευκὶς
1294 1658 1323 1687 δὲ
1336 1660 1366 1687 τὸ
1381 1659 1407 1687 ἐν
1430 1663 1542 1696 πτηνοῖς
1573 1661 1741 1699 βορώτατον,
1765 1662 1803 1692 οἷς
1827 1670 1894 1696 παρε-

1099 1701 1215 1738 ϐλητέος
1243 1704 1257 1731 ὁ
1280 1703 1317 1735 εἷς
1345 1704 1426 1741 κόρον
1453 1707 1625 1744 μονοφαγῶν.
1657 1707 1780 1733 Ἐτιτῖυν
1795 1705 1892 1739 πενήτων

1098 1747 1222 1787 ἀδελφῶν
1239 1747 1453 1787 ἐμφορουμένων
1476 1749 1592 1785 πόσεως,
1616 1748 1701 1787 δίψης
1730 1749 1822 1788 ἔχομεν
1846 1749 1894 1778 ἄκος

1097 1793 1189 1828 ἡμεῖς,
1206 1792 1250 1820 καὶ
1269 1794 1348 1820 τοῦτο
1365 1793 1396 1820 ού
1417 1793 1499 1829 μόνον
1526 1794 1594 1821 κατά
1613 1796 1695 1831 σῶμα
1719 1793 1761 1821 οἶα
1782 1795 1825 1820 τοῦ
1843 1793 1892 1819 Θεοῦ

1097 1836 1229 1872 πολυειδῆ
1262 1837 1367 1875 βροχῆν
1392 1837 1589 1875 ὑπεριστῶντος
1623 1839 1719 1875 ἡμῶν,
1748 1838 1789 1865 καὶ
1815 1835 1894 1871 ἀναψύ-

1096 1891 1206 1919 χοντος,
1235 1883 1276 1913 οἷς
1301 1880 1362 1909 οὔτε
1385 1881 1504 1909 καύσωνι
1520 1883 1742 1920 πυρακτούμεθα,
1758 1882 1830 1910 νόσου
1840 1890 1892 1918 προ-

1096 1925 1269 1963 καλουμένης
1299 1925 1392 1964 ῥανίδα
1421 1925 1610 1964 δροσίζουσαν,
1642 1926 1705 1955 οὕτε
1733 1926 1855 1964 ἱδροῦντες
1874 1924 1891 1950 έν

1094 1973 1194 2005 κενοῖς,
1210 1970 1255 1998 καὶ
1269 1971 1300 1998 τὸ
1314 1970 1339 1998 έν
1355 1972 1423 2007 ἡμῖν
1444 1970 1530 2002 οὕτως
1556 1972 1638 2009 ὑγρὸν
1670 1972 1852 2009 ἐξατμίζοντες,
1864 1969 1890 1998 ὡς

1095 2013 1197 2042 δέεσθαι
1226 2018 1274 2050 τῆς
1303 2013 1398 2051 ἔξωθεν
1426 2015 1618 2054 ἀντεπιῤῥοῆς,
1645 2016 1686 2056 ἐφ’
1710 2017 1733 2052 ᾧ
1757 2017 1819 2054 πρὸς
1845 2015 1891 2040 ἕνα·

1093 2059 1236 2097 πλήρωσιν
1265 2060 1421 2098 τέγγεσθαι·
1452 2059 1526 2088 ἀλλὰ
1562 2060 1607 2088 καὶ
1647 2061 1745 2098 ἑτέρως
1772 2059 1833 2088 κατὰ
1853 2057 1889 2090 τὴν

1093 2104 1254 2141 περίκλυτον
1284 2107 1460 2141 Σαμαρεῖτιν,
1486 2105 1524 2136 ὡς
1554 2105 1583 2132 ἃν
1609 2107 1688 2144 ψυχὴ
1716 2105 1759 2133 διὰ
1772 2106 1815 2132 τοῦ
1839 2102 1890 2130 κατὰ

207 2153 272 2180 Θεὸν
308 2150 464 2187 ἁλλομένου
493 2147 590 2178 ὕδατος
623 2146 810 2184 θεραπεύοιτο,
850 2146 881 2174 οὗ
916 2148 1074 2185 στερόμενοι
1101 2147 1214 2186 διψῶσιν
1245 2149 1270 2176 οἱ
1296 2149 1345 2183 τὴν
1371 2148 1496 2188 ἁλμυρὰν
1527 2152 1575 2177 τοῦ
1607 2150 1670 2188 βίου
1697 2150 1829 2187 τέμνοντες
1853 2145 1888 2173 θά-

209 2196 308 2225 λασσαν
314 2218 321 2224 .

242 2251 285 2279 16.
303 2248 443 2283 Quocirca
466 2246 491 2274 si
516 2254 658 2282 paupere
675 2246 825 2279 vestimus,
841 2247 871 2274 et
897 2246 983 2274 lamis
999 2255 1032 2275 ac
1046 2250 1069 2282 D

203 2295 269 2323 sitis
284 2293 425 2331 pellendas
441 2299 544 2319 ansam
559 2290 928 2326 praebemus,nequaquam
946 2291 1032 2319 rebus

204 2340 240 2367 ad
250 2339 358 2367 victum
369 2335 542 2365 necessariis
552 2343 605 2362 nos
614 2335 670 2370 ipsi
682 2334 843 2371 privamus,
856 2337 887 2362 ut
895 2335 1032 2364 sensibus

204 2391 237 2410 ac
252 2383 382 2411 oratione
399 2382 470 2409 falsa
485 2379 563 2416 capti
579 2382 748 2413 autumant;
765 2380 823 2407 imo
841 2379 950 2407 bonum
966 2388 1030 2408 om-

204 2427 342 2455 nifarium
359 2428 388 2454 in
405 2435 457 2454 nos
473 2425 541 2453 inde
553 2425 708 2458 redundat,
719 2425 790 2460 quin
802 2424 872 2451 alios
889 2425 1029 2460 privando

205 2479 258 2498 nos
273 2471 329 2506 ipsi
349 2471 549 2503 abundamus;
567 2478 617 2504 per
634 2472 770 2496 mutuum
793 2469 872 2496 enim
897 2469 1028 2498 canalem

202 2515 320 2550 utrique
334 2515 493 2543 eorundem
511 2514 731 2542 commodorum
753 2513 903 2541 afﬂuentia
916 2514 1028 2550 gaude—

201 2568 279 2589 mus.
295 2559 343 2587 Sio
358 2559 447 2594 igitur
462 2567 514 2586 nos
529 2558 644 2594 quidem
659 2558 757 2586 cibum
775 2567 806 2585 ac
824 2560 925 2593 potum
941 2558 1027 2586 vesti-

201 2606 369 2640 mentaque,
387 2602 416 2630 id
433 2605 476 2629 est
500 2611 545 2630 res
567 2602 645 2637 parvi
663 2601 811 2629 faciendas
837 2601 896 2628 illis
914 2602 1027 2637 praebe-

200 2658 281 2683 mus;
299 2647 350 2685 qui
373 2655 407 2675 ea
431 2654 494 2682 qua
522 2646 607 2674 nobis
636 2647 752 2680 debent,
770 2654 836 2674 cum
868 2645 1025 2682 multiplici

198 2695 283 2723 nobis
316 2700 406 2722 usura
441 2690 576 2724 reddunt,
606 2690 664 2718 Deo
693 2691 893 2727 omnipotente
924 2690 1026 2719 arrhas

197 2748 249 2775 pro
275 2739 329 2775 ipsi
361 2736 517 2774 praebente,
533 2734 582 2770 qui
611 2734 785 2763 beneficium
810 2736 839 2763 in
864 2742 1024 2772 pauperem

197 2792 247 2818 rep
277 2780 509 2811 misericordiam
539 2778 677 2807 collatum
704 2780 933 2816 mquipunderat.
962 2780 1024 2807 Huc

194 2828 307 2855 accedit
322 2827 399 2863 quod
412 2824 521 2862 quibus
532 2823 706 2852 beneﬁcium
717 2825 819 2852 datum
837 2824 901 2859 fuit,
913 2823 1023 2852 datoris

1123 2247 1165 2279 ις’.
1183 2245 1232 2274 Καὶ
1258 2247 1330 2275 οὕτω
1361 2247 1409 2284 μὲν
1437 2249 1492 2275 τῶν
1521 2248 1645 2283 πενήτων
1680 2246 1889 2286 ἀμφιεννυμένων,

1087 2291 1132 2318 καὶ
1157 2291 1191 2318 τὰ
1218 2291 1244 2323 ἐς
1273 2292 1376 2331 τροφήν
1406 2291 1532 2330 ἑκατέραν
1565 2295 1772 2330 προσιεμένων,
1800 2291 1835 2320 οἷς
1858 2287 1888 2315 δι’

1086 2336 1171 2368 καίως
1199 2337 1364 2373 πονούμενοι
1397 2336 1602 2374 μεταδιδόαμεν,
1620 2338 1673 2366 οὐκ
1696 2337 1845 2372 έλαττοῦμεν
1862 2332 1887 2360 τὰ

1085 2379 1112 2412 ἐς
1128 2382 1211 2416 ζωὴν,
1242 2381 1279 2412 ὡς
1307 2384 1365 2412 τοῖς
1393 2381 1514 2413 πολλοῖς
1538 2382 1669 2421 φαίνεται,
1701 2377 1885 2415 ἆποσκοπουμέ·

1084 2435 1142 2456 νοις
1158 2425 1227 2463 πρὸς
1243 2424 1365 2461 οἷ’σθησιν
1381 2425 1496 2463 ἄλογον.
1522 2425 1608 2454 Ἀλλὰ
1622 2427 1654 2454 τὸ
1683 2426 1840 2454 καινότατον
1861 2422 1884 2448 τὸ

1085 2468 1184 2496 έκεῖθιν
1214 2469 1310 2507 ἀγαθὸν
1343 2469 1564 2509 μεταῤῥυίσκιται
1595 2470 1633 2502 εἷς
1662 2472 1753 2508 ἡμᾶς,
1781 2469 1808 2497 οὐ
1831 2466 1884 2504 πρὸ(

1083 2513 1213 2552 ἀναρῥουν
1254 2515 1440 2551 ἀνακάμπτον,
1478 2515 1516 2546 ὡς
1552 2515 1792 2552 ἀντιπεριστάσεως
1823 2509 1883 2547 λόγῳ

1080 2557 1199 2590 ἐκείνους
1231 2559 1277 2596 μὲν
1298 2559 1432 2596 ἐκκενοῦν,
1462 2561 1535 2596 ἡμᾶς
1561 2559 1590 2587 δὶ
1605 2560 1754 2596 ἐμπιπλᾷν,
1770 2557 1834 2586 ἀλλὰ
1848 2553 1883 2583 καὶ

1082 2602 1194 2635 ἐκείνοις
1211 2603 1245 2631 δι’
1273 2605 1353 2640 ἡμῶν
1383 2604 1428 2631 καὶ
1450 2606 1518 2641 ἡμῖν
1546 2604 1622 2636 αὖθις
1635 2603 1670 2632 δι’
1685 2604 1789 2632 ἐκείνων
1803 2601 1882 2637 ἐποχε-

1079 2648 1238 2685 τευόμενον,
1254 2649 1299 2676 καὶ
1315 2649 1486 2687 ἁντεπιρῥέον
1513 2649 1545 2677 τὸ
1568 2651 1719 2687 χρήσιμον.
1736 2648 1787 2676 Καὶ
1811 2645 1881 2674 οὕτως

1080 2692 1284 2724 ἆνταποδόσεως
1315 2693 1389 2731 λόγῳ
1410 2686 1501 2731 νὴμεῖς
1533 2686 1646 2731 μὲνννκαὶ
1671 2693 1832 2731 ψωμίζομεν,
1847 2686 1880 2715 καὶ

1078 2737 1237 2774 ποτίζομεν,
1253 2739 1298 2766 καί
1325 2738 1508 2777 ἀμφιέννυμεν
1538 2739 1656 2770 ἐκείνους
1679 2737 1724 2766 καὶ
1751 2735 1822 2772 ὀλίγα
1845 2731 1879 2760 καὶ

1081 2781 1200 2820 βραχέος
1217 2783 1300 2821 λόγου
1314 2783 1374 2820 ἄξια
1389 2784 1432 2811 καὶ
1459 2783 1485 2811 ἐν
1507 2785 1649 2821 σωματικῇ
1677 2782 1821 2820 βραχύτητι
1841 2786 1878 2821 καί

1078 2818 1232 2864 θοριύμενα·
1252 2818 1351 2856 έκεῖνοιι
1381 2826 1410 2855 δε
1445 2829 1513 2865 ἡμῖν
1550 2818 1815 2863 ἀλλάττονται-μὶν.
1842 2818 1878 2849 καὶ
