1992 3158
113 199 175 230 689

621 201 660 232 IN
683 203 715 232 S.
740 202 1081 238 OUADRAGESIMAM
1105 204 1252 235 ORATIO
1276 204 1326 235 IV.

1763 203 1822 235 690

112 264 162 292 ὅσα
189 263 304 302 ἔλαχον,
334 263 373 295 εἷς
400 265 622 301 πολλαπλάσιον,
651 267 749 298 τόκους
783 277 935 305 προσεπιτιι

1000 272 1139 303 mentem,
1169 272 1201 297 ut
1223 270 1266 297 tas
1292 272 1347 304 est,
1368 270 1449 304 justo
1475 270 1603 305 pondere
1630 268 1819 302 metiuntur;

112 309 201 341 θέντες
227 307 271 336 διὰ
297 308 342 337 τὸν
372 309 470 341 αὐτοὺς
510 309 679 348 ἐγγυώμενον
709 311 938 349 ἀπειροτάλαντον

111 352 321 388 οἰκοδεσπότην,
337 354 367 385 ’ὸς
382 352 545 391 ἐλεουμένου
560 358 674 394 πτωχοῦ
703 355 742 387 εἰς
772 356 872 384 οἰκεῖον
894 355 941 384 δά-

111 409 180 426 νειον
212 399 339 438 ἐγγράφει
366 399 412 426 τὸν
441 398 528 427 ἔλεον
545 398 798 438 προσεπιϐάλλουσι
829 401 857 429 δὲ
882 404 941 433 τοῖς

110 444 180 480 πρὸς
195 442 321 478 αἶ’σοησιν
342 443 387 471 καὶ
401 445 435 471 τὰ
459 445 602 481 νοούμενα.
620 445 670 473 Καὶ
701 446 754 482 μὴν
784 447 851 484 πρὸς
879 446 940 474 ruﬁ-

109 498 168 518 τοις
184 487 340 525 θησαυροὺς
367 488 550 523 πληθύνεσθαι
567 490 593 517 οἱ
609 489 684 517 αὐτοὶ
713 493 837 518 ποιοῦσιν
858 492 940 527 ἡμῖν,

109 532 156 560 ὅτε
179 533 225 560 καὶ
257 533 353 570 μικρὸν
384 532 538 571 ἀργυρίδιον
566 534 583 569 ἢ
599 534 672 562 ἀλλά
693 535 809 573 χαλκίον
837 533 939 563 ὀϐολοῦ

109 577 205 608 αὐτοῖς
234 576 475 614 ἒνδαψιλευόμεθα.
501 577 733 616 Χρηματιζὸμεθα
759 580 811 618 γὰρ
837 579 867 607 ἐκ
890 581 938 607 τοῦ

109 621 309 658 παμπλουσίου
324 624 402 658 Θεοῦ,
414 622 459 650 ὅτε
472 623 518 650 καὶ
532 622 656 651 τοιοῦτόν
672 634 698 651 τι
722 627 779 655 τοῖς
805 623 938 661 ἀδελφοῖς

108 666 271 703 πορίζομεν.
302 667 396 704 Πατὴρ
424 667 475 705 γάρ
505 666 571 703 ἐστι,
601 667 645 695 καὶ
680 669 803 706 πατέρων
833 668 938 696 πάντων

110 711 226 744 ὕπατος,
255 710 301 738 καὶ
341 711 391 738 οὐκ
420 711 556 749 ἀνέχεται,
586 710 622 738 δι’
648 712 728 740 αὐτὸν
753 712 938 740 ἀπυπλουτεῖν

109 756 185 791 ἡμᾶς
209 758 267 786 τοῖς
297 754 435 794 ἀδελφοῖς,
462 756 507 783 καὶ
536 755 614 792 πενίᾳ
638 756 673 793 τῇ
697 758 755 784 καθ’
783 758 857 794 ἡμᾶς
885 758 935 792 τὴν

108 799 220 827 ἐκείνων
250 799 491 838 ἐκθεραπεύεσθαι·
522 800 594 828 ἀλλά
622 812 648 828 τι
683 799 813 837 διδόντες,
840 801 936 829 πλεῖον

996 314 1142 341 nummnli
1171 315 1300 350 argentei
1319 316 1368 341 aut
1384 313 1460 341 oboli
1476 314 1631 349 ssrei,qu0d
1648 313 1720 349 ipsis
1735 313 1820 341 dedi-

997 359 1141 393 mus,ioco
1149 359 1303 387 thesauros
1319 361 1434 386 nostros
1451 358 1572 394 largiter
1587 359 1815 394 augmentaudo.

997 405 1072 431 Deus
1088 404 1177 437 enim,
1194 405 1278 438 cujus
1294 404 1444 431 immensa:
1461 406 1529 430 sunt
1553 403 1670 438 divitim,
1694 403 1723 430 id
1740 403 1817 438 quod

994 448 1133 476 fratribus
1149 448 1333 481 donavimus,
1349 456 1415 475 cum
1446 455 1535 475 usura
1564 447 1649 475 nobis
1679 447 1815 475 restituit.

996 491 1078 520 Pater
1093 493 1172 520 enim
1188 495 1232 520 est
1242 493 1326 528 isque
1339 493 1472 520 omnium
1485 494 1601 528 patrum
1619 499 1755 519 summus
1767 492 1817 526 qui

994 545 1050 564 non
1066 538 1128 564 vult
1143 545 1196 564 nos
1209 538 1294 564 rebus
1311 537 1437 572 propriis
1453 545 1506 564 nos
1522 535 1693 572 spoliantes,
1710 535 1740 562 in
1756 535 1818 562 illo-

993 589 1059 609 rum
1075 590 1124 609 eas
1140 582 1326 609 commodum
1338 581 1502 614 vertere,ita
1516 584 1549 608 ut
1562 581 1604 608 illi
1619 588 1671 616 per
1686 579 1816 616 inopiam

993 628 1122 653 nostram
1139 626 1378 658 ditescant.0uod
1395 625 1473 653 enim
1490 625 1710 657 dedimus,cum
1725 632 1816 652 usura

992 671 1097 704 reddit,
1114 673 1143 698 et
1157 671 1206 698 ubi
1222 670 1250 698 in
1268 670 1363 706 parvis
1379 669 1480 697 ﬁdeles
1495 678 1548 697 nos
1564 672 1700 705 expertus
1712 671 1817 703 est,su-

992 723 1044 750 per
1059 716 1171 750 majora
1187 723 1239 742 nos
1257 715 1347 751 ponit,
1363 718 1392 742 et
1407 717 1521 742 tantum
1537 715 1621 742 abest
1644 716 1677 741 ut
1699 715 1815 741 nostra-

992 767 1057 786 rum
1074 768 1172 787 rerum
1186 760 1332 795 jacturam
1349 759 1502 792 faciamus,
1529 761 1562 786 ut
1586 758 1707 786 meliora
1721 765 1815 794 eaque

989 804 1146 832 innumera
1161 803 1383 840 redipiscumur.

108 841 364 881 ἀντιλαμϐάνομεν.
394 844 521 873 Μάλιστα
551 846 598 882 μὶν
626 844 672 872 οὗν
703 845 747 873 ἐπὶ
779 846 858 884 ὀλίγα
884 846 977 874 πιστοὶ
1003 848 1140 886 φανέντες,
1161 847 1205 875 ἐπὶ
1233 847 1346 875 πολλῶν
1374 847 1577 884 καθιστάμεθα·
1601 847 1646 874 καὶ
1674 846 1730 883 ἅμα
1756 845 1813 881 ἐξαν

106 889 238 925 τλοῦμεν,
255 890 312 925 ἅμα
324 889 453 927 ἐπεισρὲει
469 889 502 917 τὰ
516 890 665 928 κρείττονα,
682 891 724 918 καὶ
742 890 808 918 αὐτᾶ
823 890 862 922 εἲς
880 891 1090 929 μυριοπλάσιον.

145 934 187 968 ιζ’.
204 933 260 961 Καὶ
292 931 362 969 ἰδοὺ,
394 932 550 970 μεθώδευσα
573 934 697 970 νηστείαν
727 935 790 971 ὑμῖν
820 935 865 962 καὶ
892 934 934 962 ἕν-

1025 938 1067 965 17.
1084 937 1155 965 Hinc
1169 939 1290 973 apparet
1305 938 1381 973 quod
1392 937 1540 973 jejunium
1556 938 1585 964 et
1604 936 1812 964 abstinentiam

108 976 193 1013 δειαν,
209 981 314 1017 τρυφῆς
342 977 429 1005 αἰτίαν
446 979 489 1006 καὶ
515 977 758 1016 πλουτισμοῦ,⁶ίνα
790 980 827 1016 μὴ
853 980 934 1016 μόνον

995 982 1383 1018 praescribendoﬁivitiarum
1392 982 1636 1017 acquirendarum
1646 980 1809 1008 vobisviam

110 1019 234 1049 σάϐϐατα
252 1022 371 1061 τρυφερά
394 1021 515 1060 λέγοιτο,
532 1022 605 1051 ἀλλὰ
632 1024 678 1051 καὶ
707 1024 846 1060 νήστευμα
874 1027 938 1052 τοῦς

108 1077 140 1094 το
169 1066 324 1105 τρυφηλὸν,
354 1067 496 1105 ἳσχναισις
525 1067 696 1105 λιπαίνουσα,
724 1069 837 1100 κένωσις
863 1068 937 1104 πλή-

108 1112 204 1145 θουσα,
220 1109 308 1138 ἔνδεια
322 1111 519 1144 πλουτοποιός.

145 1210 193 1245 ιη’.
207 1210 267 1237 Ἵνα
280 1208 309 1237 δὲ
323 1209 368 1237 καὶ
385 1209 479 1242 ἄλλως
498 1207 683 1247 ἐπιϐαλοῦμεν
712 1213 773 1242 τοῖς
801 1210 905 1243 αὐτοῖς,
918 1211 936 1245 ἡ

105 1254 222 1289 τοιαύτη
240 1253 349 1289 νηστεία
365 1253 440 1282 δοκιῖ
461 1255 509 1291 μὲν
536 1257 596 1286 τοῖς
624 1253 765 1286 ἁπλοϊκῶς
791 1257 936 1292 θεωροῦσιν

106 1298 208 1326 ἐνιαῖον
239 1298 323 1326 καλὸν
355 1299 435 1332 εἶναι,
451 1300 495 1327 καὶ
525 1300 611 1331 οὕτως
636 1299 847 1338 εὐπερίληπτον,
864 1300 880 1334 ἢ
898 1299 939 1327 εὖ-

105 1343 304 1381 περίγραπτον.
319 1344 359 1372 Τὸ
376 1343 397 1371 δ’
412 1343 506 1375 ἄλλως
528 1343 585 1383 ἔχει
611 1345 681 1382 πρὸς
705 1344 835 1380 ἀληθείας
861 1343 937 1382 ἀκρί-

107 1385 195 1416 ϐειαν.
213 1389 270 1424 Μιᾷ
288 1388 338 1426 γὰρ
363 1388 447 1426 ταύτῃ
463 1389 633 1428 θεοφυτεύτῳ
659 1389 720 1427 ῥίζῃ
744 1389 789 1417 καὶ
811 1388 849 1416 ἐνὶ
877 1388 939 1416 τοῦ-

108 1443 149 1468 τῳ
180 1432 282 1470 εὐγενεῖ
309 1432 425 1469 πρέμνῳ
451 1432 549 1460 κλάδοι
592 1433 684 1471 μυρίοι
724 1433 938 1461 ἐπανατέλλουσι

109 1475 266 1511 σπουδαῖοι,
285 1476 406 1514 καρποὺς
436 1477 538 1514 ἀρετῶν
568 1477 639 1505 ὅλων
667 1477 877 1516 προϊσχόμενοι,
893 1478 938 1505 καὶ

107 1520 280 1552 τελειοῦντες
304 1522 343 1553 εἷς
367 1523 490 1560 ψυχικὴν
513 1521 674 1551 ἀπόλαυσιν,
701 1522 805 1550 Αὐτίκα
830 1523 844 1549 ὁ
867 1522 938 1549 οὕτω

108 1567 284 1601 νηστιυτικὸς
301 1565 443 1605 ἅνθρωπος
458 1567 566 1604 ἀγάπην
582 1567 635 1604 πρὸ
654 1569 708 1594 τῶν
734 1566 827 1594 ἄλλων
849 1567 936 1602 ἠσκη-

111 1610 188 1646 μένος
218 1610 380 1650 ἐκφαίνεται,
408 1611 452 1639 καὶ
483 1610 652 1650 φιλάδελφος
687 1611 754 1638 εἶναι
784 1609 937 1648 διαζωγραη

993 1026 1152 1054 monstravi
1168 1038 1175 1060 ;
1191 1029 1220 1054 et
1234 1027 1311 1062 quod
1329 1034 1386 1054 non
1410 1026 1506 1053 solum
1535 1026 1571 1052 de
1599 1024 1688 1052 lautis
1705 1024 1814 1051 sabba-

992 1071 1040 1105 tis,
1057 1071 1107 1098 sed
1123 1071 1159 1098 de
1174 1070 1339 1106 splendidis
1351 1070 1474 1106 jejuniis
1489 1072 1518 1097 et
1546 1070 1582 1097 de
1610 1068 1732 1096 materie
1748 1067 1812 1103 pin-

992 1115 1042 1151 gui
1054 1117 1082 1143 et
1096 1114 1258 1143 inanitione
1272 1114 1422 1151 superﬂua
1437 1122 1470 1142 ao
1485 1114 1520 1142 de
1534 1113 1634 1149 inopia
1657 1121 1720 1148 quin
1741 1112 1814 1139 divi-

992 1162 1036 1188 tes
1051 1159 1121 1188 facit
1134 1167 1231 1187 sermo
1244 1160 1345 1194 justus
1360 1167 1424 1187 esse
1437 1158 1555 1195 poterit.

1029 1213 1071 1240 18.
1089 1212 1227 1240 Eamdem
1243 1212 1380 1248 deinceps
1396 1212 1587 1248 quaastionem
1605 1211 1660 1239 alio
1687 1210 1814 1246 quodam

993 1258 1080 1285 modo
1095 1257 1278 1293 expianaturi
1302 1257 1428 1284 dicimus
1458 1257 1535 1292 quod
1565 1255 1590 1283 si
1613 1255 1761 1291 jejunium
1779 1254 1815 1282 iis

993 1302 1114 1337 quirem
1139 1301 1265 1338 simplici
1285 1301 1389 1329 obtutu
1417 1300 1653 1336 complectuntur
1668 1298 1816 1334 singulare

994 1346 1348 1382 quidpiam,indeflnitum
1365 1344 1645 1380 atqueillimitatum
1657 1351 1720 1371 esse
1736 1343 1815 1370 vide-

993 1393 1050 1424 tur,
1068 1391 1145 1426 quod
1162 1390 1280 1426 quidem
1297 1390 1398 1417 stricte
1413 1389 1526 1417 veritati
1543 1388 1740 1425 repugnat.Ex
1756 1396 1816 1415 una

993 1435 1072 1463 enim
1089 1435 1142 1462 hac
1157 1434 1254 1462 radice
1269 1443 1286 1462 a
1301 1434 1358 1461 Deo
1378 1433 1508 1469 plantala
1531 1435 1559 1461 et
1575 1441 1609 1460 ex
1634 1433 1689 1460 hac
1715 1432 1816 1468 stipite

993 1479 1084 1507 nobili
1100 1479 1226 1507 sexcenti
1243 1480 1404 1514 assurgunt
1428 1478 1513 1513 rami,
1539 1478 1680 1505 virtutum
1702 1477 1815 1504 fructus

993 1523 1125 1552 omnium
1142 1523 1311 1551 exhibentes
1322 1525 1351 1550 et
1364 1522 1393 1549 in
1407 1522 1568 1557 spiritalem
1582 1522 1738 1549 [rnilionen
1752 1520 1814 1548 laete

993 1569 1144 1596 abeuntes.
1162 1567 1321 1595 Confestim
1337 1566 1428 1602 igitur
1442 1566 1530 1594 homo
1542 1566 1675 1602 jejunus,
1698 1573 1756 1600 quo
1772 1564 1814 1591 di-

992 1613 1089 1640 ximus
1106 1612 1202 1647 modo,
1219 1611 1371 1639 charitatis
1388 1611 1502 1647 egregia
1518 1611 1584 1638 edet
1607 1609 1771 1646 epecimina
1788 1610 1817 1636 et

109 1657 199 1692 φεῖ-ται
224 1655 276 1691 (μὴ
305 1657 432 1687 τοιοῦτος
459 1655 508 1693 γὰρ
530 1654 578 1690 ὢν,
610 1655 659 1682 οὐκ
687 1653 716 1682 ἂν
747 1654 866 1692 ὶλεήσῃ)·
883 1654 935 1692 πρὸ

995 1658 1116 1685 fratrum
1133 1664 1164 1684 se
1179 1658 1327 1683 amantem
1344 1654 1494 1691 prestabit
1507 1655 1596 1690 (quod
1613 1654 1638 1682 si
1654 1661 1711 1681 non
1727 1655 1817 1686 esset,

109 1697 137 1726 δά
161 1710 192 1736 γι
215 1699 315 1727 τούτου
337 1701 476 1738 Θεωρεῖται
497 1699 636 1739 φιλόθεος.
653 1700 695 1728 Τὰ
722 1700 774 1738 γὰρ
800 1702 848 1727 τοῦ
872 1701 939 1727 Θεοῦ

109 1746 168 1775 τοῖς
183 1746 234 1771 τοῦ
259 1746 326 1772 Θεοῦ
352 1745 490 1781 ἀπονέμει,
506 1745 537 1773 τὸ
567 1743 590 1772 δ’
618 1742 728 1782 ἀκριϐὲς
756 1744 850 1779 εἶπεῖν,
868 1744 941 1780 αὐτῷ

109 1790 178 1823 eaq),
205 1791 247 1824 τῷ
284 1789 500 1828 ἀποφηναμὲνῳ,
532 1801 545 1817 ι
570 1791 632 1826 πᾶν,
663 1789 729 1826 ὅπερ
759 1789 788 1816 ἂν
819 1788 858 1816 ἑνὶ
885 1790 938 1816 τῶν

109 1832 242 1860 τοιούτων
255 1832 409 1871 ἐλαχίστων
423 1834 469 1861 καὶ
497 1832 620 1872 ἀδελφῶν
648 1834 693 1861 καὶ
723 1832 829 1861 δούλων
858 1836 939 1867 ποιῆ-

109 1888 163 1913 ται,
180 1877 257 1913 αὐτῷ
271 1880 418 1910 ποιεῖσθαι.
437 1890 451 1904 ››
462 1879 513 1906 Ἦν
530 1877 646 1909 δούλους
671 1878 719 1915 μὲν
748 1877 898 1915 ἡμετέρους
913 1876 940 1905 οἱ

110 1921 246 1960 ἐφήμεροι
289 1921 418 1950 δεσπόται
461 1922 508 1950 οὐκ
548 1923 673 1958 ἀξιοῦμεν
703 1922 939 1957 πεκουλιάζεσθαι,

110 1966 171 1994 ἀλλ’
200 1966 270 2002 ἡμὶν
293 1967 388 1999 αὐτοῖς
418 1967 451 1994 τὰ
477 1967 566 2006 σφίσιν
596 1967 755 2005 ὑπάρχοντα
784 1967 938 2005 ἐπιγράφειν

109 2011 249 2048 ὁρίζομεν,
265 2011 313 2039 κᾶν
346 2011 428 2050 μυρία
457 2011 558 2050 ἔχοιεν·
584 2012 598 2039 ὁ
627 2011 656 2039 δὲ
686 2013 812 2049 μέγιστος
839 2010 941 2038 οἰκοδε-

108 2056 212 2091 σπότης
239 2056 304 2088 Θεὸς
333 2056 383 2084 οὐκ
410 2057 481 2092 ἀξιοῖ
506 2059 587 2084 τοῦτο
617 2055 728 2087 δικαίως
756 2056 801 2093 ἀφ’
830 2056 936 2093 ἑαυτοῦ,

106 2101 150 2128 καὶ
176 2100 208 2128 οὐ
235 2099 271 2128 δι’
296 2101 401 2135 ἑαυτὸν,
424 2101 508 2139 οὗπέρ
534 2100 604 2128 ἐστιν
633 2102 650 2135 ἡ
679 2102 716 2138 γῆ
740 2099 785 2127 καὶ
815 2100 883 2127 ἅπαν
908 2100 939 2127 τὸ

105 2146 162 2172 κατ’
187 2145 276 2179 αὐτὴν
300 2145 452 2182 πλήρωμα,
479 2144 514 2172 δι’
538 2146 611 2182 ἡμᾶς
639 2143 678 2181 δὲ,
700 2143 746 2172 ’ἶνα
773 2145 865 2172 πιστοὶ
893 2142 938 2172 ὅν-

104 2200 146 2220 τες
175 2190 223 2217 καὶ
255 2190 331 2226 αὐτῷ
358 2190 524 2222 ἀνατιθέντες
552 2191 627 2227 ἡμᾶς
663 2200 692 2217 τε
719 2190 765 2217 καὶ
791 2189 876 2217 πάντα
903 2189 938 2217 τὰ

104 2235 162 2262 καθ’
186 2235 275 2270 ἡμᾶς,
292 2234 469 2273 ἀγαπώμεθα,
487 2235 524 2267 ὡς
549 2235 594 2262 καὶ
624 2234 790 2273 εὐγνώμονες
817 2235 861 2262 καὶ
890 2234 936 2262 πί-

105 2289 160 2306 στιν
178 2277 293 2317 ἴχοντις
310 2279 354 2307 καὶ
368 2280 504 2307 Δεσπότου
519 2277 600 2316 ἄξιοι,
619 2279 664 2307 γαὶ
685 2279 759 2312 θετοὶ
781 2278 854 2315 αὖτῷ
880 2278 935 2306 υἱοὶ

104 2323 148 2351 καὶ
165 2324 224 2356 θεοί
240 2333 247 2359 ;

141 2377 184 2404 ιΘ”
203 2376 309 2414 ’Λγάπη
325 2387 355 2405 τε
374 2377 418 2406 οὖν
435 2378 508 2405 οὕτω
524 2376 614 2406 τελεία
629 2377 805 2416 παραπέφυκε
827 2378 861 2414 τῇ
875 2387 936 2404 τοι-

105 2421 171 2459 αύτῃ
197 2421 320 2458 νηστείᾳ,
348 2423 378 2457 ἢν
413 2423 519 2460 ἀγάπην
555 2421 691 2453 πολλάκις
733 2422 935 2460 ἐθεατρίσαμεν,

104 2466 282 2503 σεμνύναντες
311 2467 524 2506 πομπικώτερον
555 2467 600 2495 καὶ
630 2466 794 2504 ’λαμπρότης
823 2466 934 2505 ἀγγελι-

104 2511 150 2545 κὴ,
167 2512 236 2550 πρὸς
253 2510 283 2539 δὲ
311 2512 428 2549 μίμησιν
455 2512 500 2540 καὶ
532 2513 620 2548 θεϊκή.
638 2512 668 2541 Ὁ
698 2512 748 2550 γὶρ
777 2512 804 2540 ἐν
832 2512 934 2548 τῷ,ὡς

103 2555 213 2594 testor),
233 2556 373 2592 νηστεύειν
403 2557 658 2596 ἀποφορτιζόμενος
685 2558 718 2584 τὰ
746 2557 869 2595 περιττὰ,
889 2557 934 2584 καὶ

104 2601 139 2627 ὧν
170 2599 248 2628 οὐδὲν
279 2599 404 2633 οὐδόλως
446 2600 557 2641 ὄφελος,
586 2601 698 2639 ὕπερθεν
728 2604 779 2638 γῆς
809 2601 934 2639 φέρεσθαι

102 2645 316 2682 γνωματεύεται,
341 2646 386 2674 καὶ
418 2645 494 2674 οὐδὲν
519 2647 666 2684 προσήκειν
692 2645 771 2682 αὐτῇ,
788 2647 830 2676 οἷς
858 2644 933 2672 οὐδε-

102 2690 127 2716 νὶ
150 2693 205 2718 τῶν
233 2689 339 2728 γηίνων
366 2690 515 2729 ἐνίσχεται,
531 2689 605 2718 ἀλλὰ
632 2690 720 2718 πάντα
746 2691 820 2718 κάτω
846 2690 934 2727 ἀφιεὶς

103 2736 155 2761 τῶν
180 2734 312 2762 ἀνωτάτω
341 2735 453 2772 γίνεται.
483 2735 543 2764 Ἐὰν
573 2733 602 2762 δὲ
629 2736 720 2770 τοῦτο,
750 2734 858 2765 πάντως
888 2735 932 2762 καὶ

103 2778 160 2806 ἀντὶ
191 2782 352 2817 σωματικοῦ
395 2779 560 2818 θεωρητικὸς
597 2776 761 2816 ἀπῑκϐαίνει,
791 2779 828 2810 ὡς
871 2778 929 2806 ἀντὶ

140 2870 151 2888 ¹
165 2870 269 2899 Matth.
287 2879 316 2905 x,
333 2871 379 2899 42.

996 1702 1162 1730 misericors
1190 1708 1343 1736 nunquam
1367 1700 1462 1735 foret),
1486 1699 1537 1727 sed
1561 1698 1612 1727 Dei
1638 1706 1755 1734 quoque
1770 1698 1819 1725 in-

995 1747 1098 1783 primis
1122 1745 1232 1773 amicus
1258 1753 1323 1772 esse
1352 1743 1514 1780 apparebit.
1553 1745 1620 1776 Quae
1658 1743 1736 1770 enim
1766 1741 1817 1770 Dei

995 1793 1075 1823 sunt,
1093 1793 1147 1818 Deo
1163 1789 1258 1818 reddit
1273 1789 1322 1825 qui
1338 1788 1411 1816 dixit
1427 1796 1433 1816 :
1453 1799 1467 1813 «
1483 1788 1682 1823 Quodcunque
1693 1787 1817 1814 minimo

995 1844 1030 1863 ex
1053 1835 1118 1862 istis
1140 1833 1281 1862 fratribus
1302 1837 1331 1861 et
1354 1833 1446 1861 servis
1469 1832 1576 1867 facitis,
1600 1831 1672 1860 mihi
1697 1831 1750 1867 ipsi
1775 1831 1817 1858 fe-

995 1880 1096 1908 ceritis
1110 1880 1132 1907 ².
1148 1881 1211 1906 Non
1227 1878 1305 1906 enim
1329 1886 1439 1913 servos,
1456 1885 1582 1913 quorum
1611 1885 1663 1913 pro
1687 1879 1818 1912 tempore

995 1924 1106 1953 domini
1119 1932 1236 1959 sumus,
1253 1922 1387 1950 mercede
1402 1922 1574 1950 defraudare
1589 1922 1619 1949 in
1643 1921 1741 1949 animo
1766 1920 1818 1948 ha-

995 1970 1109 2003 bemus,
1127 1970 1178 1996 aut
1191 1976 1224 1996 ea
1247 1976 1310 2004 quae
1327 1968 1458 2004 ipsorum
1483 1970 1553 1995 sunt
1575 1967 1604 1994 in
1629 1966 1817 1994 commodum

994 2016 1130 2042 nostrum
1155 2015 1266 2040 vertere
1289 2012 1482 2045 intendimus,
1506 2011 1572 2038 licet
1605 2010 1725 2039 maximi
1758 2010 1819 2038 sint

995 2057 1145 2086 momenti.
1168 2059 1243 2084 Deus
1267 2056 1345 2084 enim
1371 2056 1483 2084 omium
1509 2064 1574 2091 qum
1595 2055 1741 2083 exsistunt
1756 2062 1817 2081 mo-

994 2103 1110 2130 derator
1125 2101 1196 2128 talia
1211 2100 1334 2136 respuit,
1351 2101 1436 2134 cujus
1455 2103 1500 2127 est
1514 2101 1591 2128 terra
1615 2099 1738 2134 ejusque
1754 2097 1818 2132 ple-

993 2146 1107 2174 nitudo.
1124 2148 1144 2172 E
1159 2147 1262 2172 contra
1273 2144 1336 2172 vult
1359 2146 1392 2171 ut
1421 2143 1520 2172 fideles
1549 2145 1578 2171 et
1605 2142 1747 2170 submiesi
1763 2149 1816 2168 nos

992 2190 1116 2218 invicem
1133 2196 1267 2216 amemus
1281 2188 1396 2216 sincero
1412 2188 1498 2216 corde
1513 2187 1538 2215 ei
1556 2187 1613 2215 ﬁde
1628 2187 1815 2221 inconcussa,

992 2236 1034 2263 ita
1049 2238 1082 2262 ut
1094 2233 1219 2262 Domino
1235 2233 1317 2269 digni
1331 2232 1383 2261 ﬁlii
1400 2232 1578 2269 adoptionis,
1605 2231 1665 2260 imo
1694 2230 1734 2258 dii
1750 2239 1816 2260 eva-

990 2281 1106 2308 damus.

1028 2377 1071 2406 19.
1089 2377 1151 2406 Tali
1165 2377 1279 2413 jejunio
1296 2377 1448 2405 charitatis
1464 2376 1592 2404 adhaeret
1605 2374 1720 2411 qualem
1737 2381 1814 2410 saepe

991 2431 1058 2451 cum
1075 2431 1192 2459 pompa,
1209 2421 1364 2457 splendore
1379 2421 1507 2456 angelico
1519 2424 1547 2449 et
1558 2428 1638 2449 more
1653 2423 1709 2448 Deo
1725 2420 1814 2456 digno

990 2469 1021 2496 in
1037 2475 1126 2496 scena
1140 2467 1344 2503 produximus.
1370 2467 1424 2500 Qui
1451 2467 1541 2500 enim,
1571 2467 1604 2493 ut
1631 2465 1741 2494 dictum
1758 2467 1813 2500 est,

990 2512 1190 2549 perjejunium
1199 2512 1275 2548 quod
1283 2511 1465 2547 superﬂuum
1472 2510 1670 2546 est,etquibus
1676 2518 1750 2547 opus
1756 2518 1815 2539 non

990 2557 1078 2585 habet
1092 2557 1227 2593 abrogat.
1253 2556 1339 2584 rebus
1369 2556 1558 2584 terrestribus
1587 2556 1768 2592 superiorem
1785 2563 1816 2583 se

989 2601 1156 2634 annuntiat,
1173 2604 1201 2629 ct
1216 2601 1251 2629 iis
1267 2610 1331 2637 quae
1346 2601 1422 2628 infra
1437 2603 1508 2629 sunt
1521 2600 1641 2628 omissis
1652 2601 1687 2629 ad
1703 2609 1737 2628 ea
1751 2607 1815 2635 quas

989 2646 1147 2674 desursum
1163 2649 1233 2674 sunt
1249 2646 1353 2674 tendit.
1370 2646 1435 2678 Qus:
1452 2645 1476 2673 si
1490 2646 1531 2673 ita
1546 2654 1577 2673 se
1599 2646 1719 2678 habent,
1735 2644 1814 2672 idem

989 2700 1023 2719 ex
1035 2691 1151 2719 homine
1167 2692 1318 2718 mundano
1329 2690 1494 2726 spiritualis
1509 2692 1620 2724 evadet;
1634 2693 1724 2718 totum
1737 2689 1814 2716 enim

989 2745 1030 2770 se,
1048 2744 1121 2764 vana
1131 2736 1262 2763 terrestri
1276 2735 1334 2764 vita
1345 2734 1706 2771 omissa,contemplationi
1724 2741 1754 2760 se
1765 2733 1814 2760 de-

989 2781 1109 2817 det,quo
1126 2780 1159 2808 ﬁt
1175 2780 1312 2815 veluti,ut
1327 2788 1433 2809 nomen
1450 2780 1549 2817 ipsum
1565 2777 1771 2813 indicat,Deus
1782 2777 1812 2806 in
