1992 3158
201 189 258 221 891

588 190 802 221 EUSTATHII
823 190 1207 222 THESSALONICENSIS
1230 190 1366 221 ΜΕΤΒο
1372 190 1525 220 POLIT/E
1823 193 1870 222 692

202 254 331 282 essentia
345 262 399 282 sua
415 254 451 282 ab
465 262 499 282 eo
514 255 791 291 comprehendatur.
809 256 842 283 Et
866 255 936 291 quid
954 262 1024 283 sane

1094 254 1203 292 πράξεως
1216 257 1266 289 τῆς
1282 254 1342 290 περὶ
1362 253 1419 291 βίον
1435 253 1473 284 εἰς
1497 253 1610 292 θεωρίαν
1633 254 1680 288 τὴν
1705 252 1781 286 ὅντως
1805 266 1873 292 μετα-

204 299 285 327 aliud
314 299 400 327 homo
438 299 566 335 prudens
595 302 623 327 et
652 300 703 336 qui
744 300 779 328 ad
807 300 927 328 meliora
964 307 1027 327 sese

204 343 332 380 accingit
349 344 443 378 faciet,
459 344 516 371 nisi
532 347 563 372 ut
578 353 595 372 θ.
608 345 671 372 vitta
690 345 818 373 tumultu
848 344 988 373 liberatus
1002 349 1029 372 et

204 397 309 424 parum
326 397 434 417 curans
450 389 555 425 iutilia,
572 389 646 417 bona
655 397 742 426 opera
759 390 889 426 perﬁciat
900 392 928 418 et
942 390 1028 417 rebus

205 433 339 462 honestis
355 441 429 469 quas
454 434 623 470 cognoverit
652 434 793 462 studeat?
807 435 886 462 Idem
913 442 1030 470 quoque

207 486 266 506 non
282 480 446 506 statuarum
459 478 663 514 more,junctis
676 479 816 508 manibus
829 479 1028 514 manducabit,

207 524 259 550 aut
273 522 580 559 disjunctis,inertiam
598 532 662 560 quas
677 523 819 552 animalia
834 524 919 551 bruta
935 524 1028 556 decet,

206 566 375 595 simulando
403 567 553 595 hominem
584 576 614 596 se
642 568 811 601 nuntietur;
829 569 888 596 imo
919 568 1031 596 ratione

208 611 287 639 salva
316 611 425 640 talibus
459 611 618 640 clientibus
657 613 758 641 habita
796 613 947 649 (fratribus
978 621 1030 639 au-

207 657 267 684 tem
283 656 432 684 conservis
462 657 640 692 pauperibus
656 657 788 693 inquam)
804 657 948 685 sacriﬁcia
962 665 1032 693 prus-

207 699 307 727 stabit.
337 700 381 727 Illi
411 701 489 728 enim
519 704 622 737 sponte
648 704 766 730 current
787 704 816 730 et
845 701 950 736 vivent,
980 710 1031 737 op-

206 744 282 772 tima
296 752 420 781 quaque
436 746 466 773 in
481 754 547 773 eum
564 746 715 774 conferent
732 755 738 779 ;
756 747 819 782 ipse
834 749 931 774 autem
945 746 1033 774 rebus

210 797 242 817 se
257 789 441 825 dignioribus
462 790 592 818 studebit
608 793 706 827 utpote
722 790 808 818 homo
824 794 961 827 spectatas
976 791 1034 818 vir-

213 833 285 861 tutis
300 836 330 862 et
357 834 408 870 qui
438 835 526 862 rebus
555 835 700 863 indecoris
729 843 847 871 operam
879 844 984 863 navare
999 835 1034 862 de

213 878 359 914 dignatur.
387 879 542 907 Artiﬁcum
572 879 649 907 idem
692 879 811 907 honoris
849 880 1033 916 cupidorum,

212 921 271 949 imo
286 921 486 958 operariorum
502 922 666 959 vulgarium
691 923 857 959 exemplum
884 927 1033 960 sequetur,

212 965 306 1002 quiex
330 966 463 995 artiﬁciis
489 967 637 996 fortunam
663 970 692 996 et
714 976 820 996 nomen
846 969 954 1005 adepti,
972 977 1033 997 ma-

211 1018 303 1039 nuum
319 1019 407 1047 opera
435 1020 467 1039 se
487 1012 629 1046 ditarunt,
656 1015 757 1048 postea
784 1021 850 1041 vero
871 1013 946 1041 altos
976 1013 1035 1049 spi-

210 1055 286 1084 ritus
303 1058 495 1092 sumpserunt
511 1059 539 1084 et
554 1059 616 1085 arte
631 1058 677 1085 cui
693 1057 810 1085 divitias
832 1066 901 1086 suas
929 1058 1037 1086 debent

210 1099 240 1127 in
270 1103 439 1136 contemptu
465 1100 575 1135 habite,
607 1110 705 1130 rerum
734 1102 946 1138 acquisitarum
972 1103 1034 1138 jac-

209 1146 277 1172 tura
291 1145 368 1172 facta
384 1144 577 1174 nihilominus
593 1146 684 1174 solem
714 1146 812 1182 ipsum
829 1151 1036 1183 aspernantur,

211 1191 298 1224 atque
332 1190 531 1217 instrumenta
558 1191 641 1226 prius
669 1190 811 1218 salutaria
840 1191 870 1218 in
900 1192 980 1219 fumo
1009 1193 1038 1219 et

214 1231 306 1266 clavo,
323 1234 421 1268 potius
449 1242 516 1262 vero
545 1235 573 1262 in
599 1234 723 1271 caligine
752 1236 945 1271 suspendunt.
961 1238 1037 1263 Dum

215 1278 314 1304 autem
330 1277 435 1305 limum
460 1287 548 1309 suum
574 1287 631 1307 non
656 1279 796 1315 simplici,
813 1281 862 1308 sed
886 1289 974 1309 aureo
990 1289 1038 1308 co-

214 1319 276 1349 lore
292 1321 411 1358 tingunt
434 1325 463 1350 et
490 1323 578 1359 capiti
609 1324 860 1359 pulchritudinem
889 1325 1037 1353 cmlestem

214 1365 353 1400 induunt,
367 1375 431 1402 que
446 1369 544 1395 autem
560 1376 650 1404 supra
665 1376 728 1396 eam
740 1369 883 1397 exsistunt
897 1370 954 1397 alio
969 1378 1040 1405 quo-

215 1410 284 1438 dam
299 1411 386 1439 modo
400 1414 552 1446 exornant,
569 1412 725 1448 antiquum
742 1413 884 1441 artificem
901 1414 1040 1449 abjurant

214 1456 243 1482 ot
257 1455 372 1491 regium
386 1464 497 1485 morem
513 1457 741 1492 amplectuntur.
761 1461 837 1486 Dum
854 1459 932 1486 enim
947 1459 1038 1487 vitam

212 1500 363 1536 puriorem
379 1501 463 1537 sequi
478 1501 648 1536 instituunt,
665 1510 748 1538 reges
764 1511 828 1531 esse
844 1506 1006 1539 coeperunt.

1081 299 1232 335 τιθέμενος,
1250 297 1285 326 δι’
1300 300 1334 333 ἧς
1351 298 1388 329 ὡς
1405 298 1448 325 καὶ
1464 298 1495 325 τὸ
1508 300 1556 325 τοῦ
1581 298 1710 335 ὀνόματος
1731 298 1816 336 ἔτυμον
1837 299 1874 335 δη-

1083 342 1140 377 λοῖ,
1164 343 1228 374 Θεὸς
1249 344 1343 381 ὁρᾶται
1369 340 1656 380 καταλαμϐανόμενος.
1672 344 1705 372 Τί
1728 344 1775 380 γὰρ
1795 343 1821 372 ἃν
1839 346 1874 371 καὶ

1083 388 1184 424 ποιήσῃ
1200 387 1269 416 ἄλλο
1292 388 1434 425 ἅνθρωπος
1459 385 1582 426 ἔμφρων,
1596 387 1711 422 καθάπαξ
1735 388 1816 416 ἑαυτὸν
1836 399 1876 416 πα-

1085 433 1329 470 ρασκευασάμενος,
1346 431 1396 467 ἔξω
1414 433 1545 470 βιωτικῆς
1572 432 1637 460 εἶναι
1666 430 1772 470 τύρϐης,
1786 433 1824 460 καὶ
1848 434 1876 469 μή

1083 480 1224 509 πονεῖσθαι
1252 477 1314 515 περὶ
1341 477 1374 504 τὰ
1397 477 1516 515 βραχέος
1545 476 1604 512 ἄξια
1630 476 1723 514 λόγου,
1747 478 1764 511 ἢ
1791 478 1878 509 πάντως

1084 522 1221 560 γενήσεται
1257 520 1345 549 ἄλλου
1375 521 1457 559 ἔργου
1490 521 1652 559 κρείττονος,
1681 522 1724 549 καὶ
1747 523 1881 559 mgnuﬁce-

1084 577 1127 594 ται
1146 567 1178 593 τὸ
1201 564 1316 594 κάλλιον
1344 565 1535 601 ἓπιλὲξασθαι;
1553 566 1604 594 Καὶ
1634 566 1664 593 οὐ
1690 567 1830 604 συναγαγὼν
1851 567 1881 594 τὼ

1085 613 1163 649 χεῖρε
1176 610 1340 645 καθεδεῖται,
1357 611 1393 641 ὡς
1424 611 1480 638 οἷον
1512 609 1632 648 ἄγαλμα,
1647 611 1665 645 ἢ
1686 610 1880 647 ἀνακλινάμινος,

1086 655 1178 693 ἀργίαν
1207 654 1318 693 ἀλόγοις
1339 655 1492 692 πρέπουσαν
1523 654 1702 692 ἀναλήψεται,
1717 655 1760 682 καὶ
1786 656 1826 682 τὸν
1848 655 1882 682 ἅν-

1088 706 1196 737 θρωπον
1226 700 1296 728 οὕτω
1326 701 1469 737 ψεύσεται·
1501 699 1574 728 ἀλλὰ
1605 700 1672 728 κατὰ
1699 699 1780 737 λόγου
1807 699 1883 737 εἴρμοῦ

1088 744 1195 772 ἐοικότα
1215 744 1374 782 ἐπιτρόποις
1397 744 1532 775 τοιούτοις
1548 744 1624 781 (τοὺς
1639 743 1769 782 ἀδελφοὺς
1791 743 1816 772 δὲ
1835 745 1884 772 κᾶν·

1087 791 1172 820 ταῦθα
1200 789 1245 816 καὶ
1273 788 1438 819 συνδούλους
1464 789 1581 824 πένητας
1612 788 1697 826 λέγω)
1719 789 1752 816 τὰ
1776 789 1885 816 καθ’ἒαν-

1087 834 1132 861 τὸν
1163 833 1278 868 ἀναθεὶς,
1297 834 1324 861 οἳ
1346 834 1391 861 καὶ
1415 833 1491 861 αὐτοὶ
1518 833 1658 871 ἒρψονται,
1672 833 1716 861 καὶ
1744 832 1883 868 ἐνδύσονται,

1088 879 1133 906 καὶ
1149 878 1221 906 οὕτω
1235 879 1358 914 ζήσουσι,
1370 879 1414 906 καὶ
1436 879 1510 915 αὐτῷ
1533 877 1562 906 δὲ
1589 878 1622 906 τὰ
1650 878 1760 916 κρείττω
1788 878 1886 916 πορίσω-

1088 933 1143 959 ται,
1174 923 1253 953 αὐτὸς
1290 922 1361 950 ἄλλο
1386 934 1412 950 τι
1445 926 1657 961 μεταχειριεῖται
1697 923 1884 960 προσφυὲστιρον

1089 968 1187 1004 ἐαυτῷ,
1203 967 1242 998 ὡς
1256 966 1310 1003 ἤδη
1327 965 1426 1004 ἐνδόξῳ
1455 969 1498 994 καὶ
1532 966 1645 1005 μεγάλῳ
1669 968 1796 1004 ἀνθρώπῳ
1806 967 1844 994 καὶ
1857 967 1885 1003 μή

1089 1013 1221 1050 πρέποντι
1252 1015 1390 1043 ταπεινοῖς
1419 1009 1582 1049 ἆντρίϐεσθαι
1611 1013 1759 1050 πράγμασι.
1787 1012 1831 1040 Καὶ
1856 1022 1887 1047 μι-

1093 1058 1206 1094 μήσεται
1249 1056 1413 1095 φιλοτίμους
1455 1057 1589 1095 τεχνίτας,
1620 1056 1657 1084 ὧν
1684 1057 1728 1084 καὶ
1767 1056 1888 1095 βαναύσους

1091 1100 1160 1129 ἔστιν
1192 1101 1238 1134 οὓς
1267 1100 1320 1129 ἴδοι
1349 1113 1390 1133 τις
1421 1102 1462 1137 ἃν,
1479 1102 1504 1129 οἳ
1527 1101 1556 1130 ἐκ
1570 1104 1625 1130 τῶν
1651 1102 1719 1129 κατὰ
1745 1101 1835 1139 τέχνην
1859 1099 1889 1137 ἔρ-

1090 1158 1144 1184 γων
1160 1147 1240 1174 ἱκανὰ
1263 1157 1450 1184 πορισαμενοι,
1470 1146 1514 1174 καὶ
1544 1147 1581 1178 ὡς
1613 1148 1671 1174 οἷον
1703 1145 1887 1185 ἐλλαμφθὲντες,

1092 1192 1133 1222 οἷς
1158 1191 1400 1229 χρηματισάμενοι
1428 1191 1547 1219 πλοῦτον
1571 1190 1660 1218 πολὺν
1690 1189 1889 1229 περιέθεντο,τοῦ

1092 1235 1192 1263 λοιποῦ
1216 1236 1378 1275 ὑπὲρφρονες
1394 1233 1566 1264 ἀναϐαίνουσι
1593 1237 1639 1264 καὶ
1669 1239 1719 1271 τῆς
1746 1235 1890 1273 θρεψαμένης

1093 1280 1280 1308 πλουτοποιοῦ
1306 1280 1406 1318 τέχνης
1433 1281 1470 1312 ὥς
1497 1291 1570 1311 τινος
1586 1280 1700 1318 ἀχρείου
1724 1279 1890 1317 καταχρεμψεὶ-

1096 1335 1182 1362 μενοι,
1199 1325 1254 1360 καὶ,
1272 1325 1468 1362 ἐξαθερίσαντες
1497 1325 1542 1353 τὸν
1563 1325 1665 1357 ἆκεῖθεν
1690 1325 1734 1352 καὶ
1757 1324 1829 1352 claim
1851 1334 1891 1350 πο-

1094 1370 1201 1406 ρισμὸν,
1230 1369 1286 1403 καὶ,
1312 1369 1327 1396 ’ὸ
1357 1369 1390 1404 δὴ
1421 1369 1538 1408 λέγεται,
1567 1370 1613 1397 τὸν
1643 1369 1725 1404 ἥλιον
1752 1368 1891 1407 περιφρονή-

1094 1424 1198 1447 σαντες,
1231 1414 1296 1451 ὑπὲρ
1325 1416 1428 1442 καπνοῦ
1467 1415 1514 1451 μὲν
1543 1415 1560 1449 ἢ
1590 1414 1743 1448 πασσάλου,
1770 1415 1800 1441 τὰ
1824 1412 1892 1440 πλείω

1095 1456 1124 1485 δὲ
1159 1458 1204 1485 καὶ
1249 1458 1301 1486 ὑπὸ
1342 1458 1432 1495 σκότῳ
1478 1458 1512 1486 τὰ
1555 1459 1653 1496 πρώην
1697 1458 1762 1498 φίλα
1799 1457 1892 1489 τιθέασιν

1095 1500 1209 1540 ὄργανον
1240 1502 1412 1534 ἐσκευακότες
1456 1502 1485 1530 δὶ
1525 1503 1571 1531 τὸν
1604 1505 1665 1531 κατ’
1694 1503 1789 1534 αὐτοὺς
1826 1500 1894 1536 πηλὸν

213 1542 252 1574 εἰς
295 1543 446 1582 ἐπίχρωσιν
486 1544 539 1583 οὐχ
580 1545 674 1578 ἁπλῶς
713 1545 885 1584 λάμπουσαν,
916 1547 987 1575 ἀλλὰ
1017 1545 1062 1574 καί
1101 1546 1262 1585 ἐπίχρυσον,
1290 1548 1335 1575 καὶ
1363 1548 1413 1582 τὴν
1446 1548 1493 1585 μὶν
1524 1547 1647 1587 κεφαλὴν
1678 1548 1715 1580 ὡς
1741 1547 1776 1579 εἷς
1803 1546 1893 1585 οὐρανοῦ

213 1587 317 1620 κάλλος
347 1589 534 1625 εὐθεείσαντες,
559 1591 592 1618 τὰ
633 1590 662 1618 δὲ
702 1591 746 1619 ὑπ’
775 1592 857 1626 αὐτὴν
901 1590 993 1630 ἕτερον
1031 1591 1132 1630 τρόπον
1175 1591 1378 1630 ἐξωραίσαντις,
1406 1592 1451 1620 τὸν
1495 1592 1542 1629 μὲν
1585 1592 1674 1620 πάλαι
1715 1592 1832 1630 τεχνίτην
1865 1589 1893 1624 ἐξ·

217 1632 356 1668 όμνυνται,
382 1634 419 1666 εἰς
449 1634 477 1662 δὲ
504 1635 537 1663 τὰ
568 1635 692 1673 βασίλεια
720 1634 922 1674 παραϐύσαντες
951 1636 1080 1668 ἑαυτούς·
1107 1635 1134 1664 o'i
1155 1647 1184 1674 γε
1210 1637 1416 1675 καθαρειότερον
1443 1636 1571 1674 ἑλόμενοι
1601 1639 1661 1675 ζῇν,
1690 1637 1715 1665 οἱ
1744 1635 1835 1664 πολλοῑ
1861 1633 1894 1661 καὶ

220 1675 358 1714 βασιλικοὶ
374 1676 562 1708 ἀποϐαίνουσι.

255 1731 300 1759 20.
323 1732 395 1760 Cum
420 1733 510 1769 igitur
537 1734 585 1768 qui
615 1734 749 1770 religiose
772 1736 890 1771 jejunat
916 1736 1037 1764 aliorum

1133 1735 1166 1762 x'.
1184 1734 1232 1762 Καὶ
1258 1733 1330 1762 οὕτω
1353 1735 1420 1772 πρὸς
1446 1733 1560 1772 μίμησιν
1591 1735 1605 1762 ὁ
1635 1735 1746 1771 ὑψίνους
1773 1731 1894 1769 ueremi:

221 1776 387 1811 exemplum
410 1778 543 1812 sequitur
567 1780 595 1806 et
625 1779 735 1806 nullam
766 1787 864 1807 rerum
881 1780 1046 1816 vulgarium

227 1827 328 1848 curam
343 1828 452 1856 gerere,
468 1830 557 1849 unam
573 1830 640 1850 vero
653 1831 777 1858 eamque
792 1824 966 1860 praecipuam
983 1833 1045 1852 am-

227 1862 326 1898 plecti,
342 1873 430 1899 quam
446 1874 581 1894 summus
597 1869 672 1894 Deus
688 1870 776 1901 amat,
794 1868 870 1903 apud
886 1877 917 1896 se
931 1870 1045 1905 statuit,

227 1906 305 1934 idem
331 1916 524 1945 quacumque
553 1911 588 1938 ad
614 1911 677 1938 vitas
706 1912 890 1940 severitatem
917 1917 1052 1949 spectant,

227 1951 386 1987 abjurabit,
403 1953 439 1981 iis
463 1953 533 1982 solis
561 1955 693 1989 studens,
718 1964 844 1992 quorum
868 1958 1047 1994 operationis

227 1995 368 2025 beneficio
383 1997 490 2026 bonam
520 2007 608 2035 quam
635 1999 721 2037 elegit
737 2003 849 2037 partem
878 2010 936 2030 non
964 2004 1048 2031 ιιωίι-

226 2042 277 2068 tet.
294 2041 368 2070 Fieri
384 2042 461 2070 enim
477 2052 535 2071 non
551 2046 646 2080 potest
670 2048 702 2073 ut
716 2045 814 2080 homo,
831 2055 883 2074 nec
898 2047 948 2074 ubi
964 2056 1046 2076 sum-

226 2093 308 2114 mum
324 2086 441 2116 virtutis
468 2088 616 2125 fastigium
644 2090 783 2126 attigerit,
814 2090 860 2119 his
883 2093 1045 2127 praesertim

225 2131 419 2168 temporibus,
445 2132 510 2161 vitae
539 2134 694 2162 turbarum
723 2135 827 2163 saltem
856 2136 1045 2172 aliquatenus

225 2175 371 2212 particeps
388 2185 452 2205 esse
480 2178 604 2207 desinat.
634 2181 758 2208 Prorsus
781 2180 869 2216 enim,
900 2183 932 2209 ut
961 2181 1045 2210 facile

224 2220 303 2248 cerni
332 2223 437 2257 potest,
463 2222 554 2259 giesz
585 2223 779 2259 adhaeremus,
809 2234 866 2253 non
895 2226 1043 2262 reptilium

223 2265 427 2294 tantummodo
442 2267 478 2295 ad
502 2267 596 2296 instar
617 2272 761 2305 repentes,
791 2277 882 2305 neque
898 2270 1045 2299 subterra.

222 2309 308 2338 neiet
323 2311 390 2339 eieci
407 2312 450 2340 uti
465 2312 550 2349 tapo
568 2312 702 2341 tellurem
714 2313 856 2342 fodientes
869 2324 875 2342 :
889 2315 938 2343 sed
955 2315 1044 2344 etiam

221 2362 311 2390 super
325 2357 403 2384 terra
417 2356 510 2384 vivere
525 2359 555 2385 et
580 2358 666 2385 rectis
685 2358 810 2394 pedibus
833 2359 967 2388 incedere
997 2368 1044 2388 re-

222 2403 370 2435 cusantes,
384 2410 420 2430 ne
435 2402 491 2438 ipsi
520 2403 640 2440 quidem
667 2403 723 2432 arti
751 2403 910 2433 valedicere
935 2405 1044 2442 satagi-

223 2450 300 2478 mus,
325 2446 410 2481 cujus
435 2455 488 2483 ope
504 2456 550 2476 res
579 2449 707 2476 nefarias
736 2457 893 2485 operemur
913 2452 941 2478 et
956 2450 1044 2478 rebus

222 2489 381 2519 mundanis
396 2491 528 2521 scelestos
543 2493 767 2529 posthabemus.

253 2633 299 2661 21.
316 2633 457 2666 Quocirca
471 2635 567 2670 qui,ut
582 2645 672 2673 supra
687 2637 799 2665 dictum
814 2639 868 2671 est,
884 2637 1041 2667 imitatoris

217 2683 314 2715 partes
331 2678 528 2714 amplectitur,
544 2683 572 2708 et
598 2682 668 2710 facit
693 2684 724 2710 ut
739 2682 757 2709 ii
774 2682 826 2718 qui
854 2682 962 2710 artium
977 2682 1040 2710 loco

217 2724 312 2760 regios
326 2732 422 2752 mores
438 2726 587 2752 sectantur
601 2728 630 2753 et
654 2734 705 2762 pro
734 2727 851 2763 regibus
867 2727 967 2755 haberi
993 2735 1041 2763 ge-

217 2769 311 2797 stiunt
326 2769 396 2806 quia
405 2769 608 2798 auctoritatem
617 2771 726 2807 regiam
736 2771 967 2800 artificishumili
975 2780 1041 2800 con-

218 2812 321 2843 ditioni
337 2815 504 2852 praeferunt,
522 2817 562 2848 ut,
580 2816 656 2850 quod
671 2816 778 2845 mirum
795 2825 852 2845 non
872 2819 926 2851 est,
943 2816 973 2844 in
990 2817 1039 2846 Dei

218 2859 364 2894 manibus,
381 2861 452 2889 dum
467 2860 546 2895 vivit,
562 2859 629 2895 erit,
656 2868 712 2896 quo
734 2862 763 2889 in
780 2864 857 2891 statu
881 2864 910 2890 et
924 2861 1039 2891 deside-

1059 2427 1083 2460 D

1102 1779 1194 1807 ἑαυτὸν
1227 1779 1367 1815 ἀποξὲσας,
1394 1779 1438 1806 καὶ
1477 1779 1596 1815 καθάπαξ
1625 1779 1752 1818 κυρώσας
1775 1778 1830 1816 παρ’
1853 1777 1898 1804 ἰαυ-

1101 1827 1149 1860 τῴ,
1169 1825 1206 1860 μὴ
1222 1821 1363 1862 τυρϐάζειν
1379 1823 1440 1862 περί
1453 1823 1561 1856 πολλὰς
1590 1825 1638 1852 καὶ
1668 1823 1782 1862 χυδαίας
1802 1822 1897 1859 πράξειε,

1103 1868 1175 1896 ἀλλὰ
1199 1871 1262 1905 μιᾶς
1290 1869 1357 1897 εἶναι
1382 1872 1433 1902 τῆς
1461 1869 1620 1908 κορυφαίας,
1635 1869 1681 1896 καὶ
1706 1870 1736 1904 ἢν
1760 1869 1773 1896 ὁ
1791 1863 1899 1903 παμϐασι-

1103 1912 1165 1946 λεὺς
1194 1912 1270 1952 φιλεῖ
1297 1913 1371 1949 Θεὸς,
1393 1914 1461 1941 ἅπαν
1493 1914 1540 1950 μὲν
1567 1912 1639 1942 ἄλλο
1666 1914 1762 1951 σεμνὸν
1790 1912 1897 1950 βιώσιμον

1101 1958 1269 1995 ἀπομόσεται
1295 1959 1364 1986 κατά
1386 1969 1417 1996 γε
1440 1959 1471 1986 τὸ
1495 1957 1649 1996 ἐγχωροῦν,
1666 1957 1805 1996 ἐπιλέγὸην
1828 1954 1897 1993 κρίνας

1101 2002 1210 2031 ἐκείνων
1238 2003 1304 2031 εἶναι
1323 2003 1367 2030 καὶ
1394 2003 1486 2040 μόνον,
1503 2004 1540 2030 ὢν
1561 2002 1764 2041 ἔνεργουμᾶνων
1788 2000 1842 2030 οὐδὲ
1861 2001 1897 2032 τῆς

1102 2049 1202 2086 ἀγαθῆς
1228 2046 1340 2085 μερίδος
1362 2048 1500 2086 ἀφαίρεσιν
1527 2048 1648 2076 πείσεται
1662 2059 1669 2066 ·
1697 2048 1739 2076 ὅτι
1761 2045 1825 2084 μηδὲ
1843 2041 1894 2071 ἔστιν

1101 2093 1248 2130 ἀνθρώπῳ,
1275 2091 1331 2120 οὐδ’
1351 2091 1426 2131 εἷ’περ
1452 2092 1489 2124 εἷς
1519 2091 1601 2130 ἄκρον
1627 2093 1726 2131 ἀρετῆς
1755 2089 1895 2129 ὀπερελὰσει,

1100 2137 1144 2164 καὶ
1163 2136 1280 2173 μάλιστα
1295 2135 1320 2164 ἓν
1350 2139 1408 2168 τοῖς
1432 2137 1503 2175 ἄρτι,
1522 2138 1559 2174 μὴ
1583 2137 1629 2164 καὶ
1662 2137 1722 2175 βίου
1746 2133 1896 2174 τυρϐασιικοῦ

1103 2181 1226 2219 μετέχειν
1253 2181 1447 2220 ἐφοποσονοῦν.
1464 2182 1537 2209 Πάνυ
1562 2183 1625 2220 γὰρ,
1648 2182 1687 2214 ὡς
1717 2181 1851 2220 βλέπομεν,
1870 2176 1895 2211 τῇ

1099 2228 1133 2263 γῇ
1164 2227 1396 2264 προστετήκαμεν,
1426 2227 1480 2264 οὐχ
1520 2226 1648 2264 ἕρποντες
1689 2226 1769 2264 μόνον
1797 2223 1834 2252 διὰ
1855 2222 1894 2264 τῷν

1100 2271 1196 2305 αὐτῆς,
1212 2270 1284 2298 ἀλλὰ
1296 2272 1329 2299 τὰ
1356 2271 1449 2300 πολλὰ
1472 2271 1517 2298 καὶ
1543 2270 1742 2308 ἰλυσπώμενον
1761 2270 1852 2307 μήποτε
1875 2263 1894 2291 δδ

1098 2315 1143 2343 καὶ
1170 2315 1306 2353 ὑπόγαιοι,
1323 2315 1481 2347 ἀκολούθως
1505 2314 1533 2344 δὲ
1563 2316 1607 2344 καὶ
1635 2315 1747 2355 τυφλοὶ,
1765 2313 1824 2342 κατὰ
1847 2308 1895 2338 τοὺς

1098 2359 1317 2395 ἀσπάλακας,τὰ
1331 2361 1398 2388 κατᾶ
1426 2364 1478 2398 γῆς
1506 2361 1653 2399 ὀχλοῦντες
1685 2360 1730 2388 καὶ
1759 2357 1894 2396 ὑπορύσσον-

1097 2415 1150 2439 τες,
1166 2405 1267 2442 καὶμὴ
1297 2405 1337 2433 ὅτι
1364 2416 1394 2443 γε
1423 2405 1559 2443 ὗπὲργειοι
1589 2406 1626 2442 μὴ
1657 2403 1811 2435 σπεύδοντες
1834 2400 1892 2443 limi

1099 2448 1172 2478 ἀλλὰ
1199 2450 1244 2477 καὶ
1267 2449 1299 2477 τὸ
1326 2441 1478 2488 εἰς-ὀρθὸν
1498 2441 1618 2488 βαδίζειν
1642 2441 1892 2485 ἀπαναινόμινοι,καῖ

1097 2495 1146 2528 τῆς
1183 2495 1313 2530 συνήθους
1357 2494 1459 2532 τέχνης
1491 2494 1541 2522 οὐκ
1579 2494 1718 2526 totum;
1753 2489 1893 2532 arpis-ruat}!!!

1097 2539 1156 2566 καθ’
1171 2539 1204 2574 ἣν
1229 2529 1440 2577 τεχνώμεθατᾶ
1465 2540 1503 2576 μὴ
1527 2539 1677 2576 πρὲποντα,
1692 2529 1834 2576 τιμώμενοι
1853 2529 1893 2569 πρὸ

1095 2586 1149 2612 τῶν
1164 2584 1308 2612 ἀνωτάτων
1324 2585 1357 2612 τὰ
1370 2585 1459 2622 γήϊνα.

1131 2639 1181 2666 xu'.
1199 2638 1274 2669 Τέως
1302 2637 1325 2665 δ’
1349 2638 1394 2666 οὗν
1417 2638 1442 2673 ὁ,
1469 2638 1508 2669 ὡς
1535 2639 1746 2674 προεκτὲθειται,
1775 2635 1891 2672 μιμεῖσθαι

1096 2682 1262 2720 προθέμενος
1280 2682 1342 2714 τοὺς
1358 2682 1411 2710 ἀπὸ
1437 2685 1541 2720 τεχνῶν
1571 2683 1608 2715 εἷς
1628 2683 1661 2711 τὰ
1692 2680 1806 2720 βασίλεια
1827 2684 1891 2713 παρι-

1095 2726 1255 2761 κύπτοντας,
1283 2727 1328 2754 καὶ
1357 2726 1571 2764 προελομένους,
1605 2726 1717 2765 βασιλέα
1742 2724 1826 2763 κύριον
1846 2720 1890 2748 ἐπι-

1095 2772 1252 2811 γράφεσθαι,
1283 2772 1327 2799 καὶ
1355 2772 1387 2800 τὸ
1414 2774 1538 2800 τοιοῦτον
1569 2772 1636 2810 ὕψος
1661 2770 1828 2814 προθεμένους
1852 2767 1890 2814 τῆξ

1094 2818 1223 2855 τεχνικῆς
1248 2816 1440 2853 ὑποπτώσεως,
1464 2815 1537 2845 ἔσται
1564 2818 1608 2845 καὶ
1635 2817 1724 2852 αὐτὸς,
1743 2814 1766 2843 εἴ
1790 2811 1835 2855 καὶ,
1850 2818 1887 2836 του

1097 2861 1156 2899 βίου
1187 2863 1256 2898 (πῶς
1279 2861 1330 2900 γὰρ
1355 2860 1411 2898 οὕς)
1426 2862 1440 2890 ὁ
1462 2860 1501 2890 ἔτι
1529 2862 1554 2890 ἐν
1587 2861 1639 2900 βίῳ
1662 2860 1733 2890 ἀλλὰ
1759 2859 1787 2886 τὸ
1811 2854 1886 2884 πλεῖον
