1992 3158
103 195 157 225 693

103 261 148 287 τοῦ
161 255 354 294 παμϐασιλέως
369 260 437 285 Θεοῦ
454 267 461 274 ·
477 258 521 285 καὶ
548 258 670 293 ποθήσας
684 257 796 293 ἐκεῖνον,
817 259 848 285 τὸ
866 258 912 295 μὶν
929 260 956 293 Α

104 303 156 331 κατ’
185 303 279 340 ἀρετὴν
306 303 460 339 μετάρσιον,
497 302 542 330 καὶ
581 303 612 330 τὸ
651 302 737 334 οὕτως
775 302 914 340 ἐγγυτάτω

104 348 165 386 πρὸς
182 347 273 384 ἐκείνῳ
288 346 332 375 διὰ
357 347 470 382 Θεωρίας
498 347 564 375 εἶναι
581 347 631 382 ἀεῖ,
655 347 753 385 donec:
768 350 828 378 τοῖς
844 347 913 382 ἀλη-

104 395 152 424 θῶς
174 393 340 430 Ναζιραίοις,
369 393 399 419 ὃν
424 392 548 427 ἐτάξαντο
571 392 614 420 ἐπὶ
634 392 758 430 ἀγγέλων
783 392 814 419 τὸ
843 392 914 419 οὕτω

103 439 222 469 πέτεσθαι
240 436 342 474 ὑψηλὰ,
374 437 414 476 ὑφ’
438 438 474 464 ὧν
499 436 620 476 ἀγγέλων
648 437 692 464 καὶ
708 437 805 464 ἐκεῖνοι
820 435 914 474 αἴρον-

102 493 140 510 ται
157 482 223 518 ὑψοῦ
239 481 277 509 εἰς
293 482 368 510 Θεόν.
390 482 439 509 Καὶ
468 482 494 509 οἱ
517 481 610 510 λοιποὶ
630 481 659 509 δὲ
672 485 723 517 τῆς
738 485 788 519 γῆς
804 481 850 518 μὶν
868 482 914 508 ἅν-

102 528 208 562 θρωποι,
224 529 290 555 Θεοῦ
316 525 346 554 δὲ
373 527 410 563 μὴ
436 525 674 563 ἐκλανθανόμενοι,
690 526 796 563 ὁμοίως
814 535 914 563 μεταρ-

100 574 220 606 σιοῦνται,
245 572 283 603 εἰς
307 571 369 599 ὅσον
394 571 492 607 ἔξεο-τιν
511 581 517 588 '
541 571 622 602 αὐτὸς
643 570 672 599 δὲ
695 571 788 602 ἄλλως
804 570 912 605 ἐνευθη-

100 618 168 652 νήσιι
194 619 233 652 τῷ
261 617 380 653 τοιούτῳ
407 615 495 652 καλῷ,
520 619 570 653 γῆν
595 616 641 653 μὶν
667 613 781 654 τρίϐων,
797 615 841 642 καὶ
861 616 911 652 γῆς

101 660 157 700 ἔργα
176 663 274 696 ποιῶν,
305 661 357 689 οὐκ
384 661 523 700 ὲφέρματα
552 661 655 697 μέντοι,
684 660 729 688 καὶ
759 661 802 687 οἷα
831 670 910 696 μετα-

100 710 178 735 ποιεῖν
192 707 272 734 αὖτὸν
289 723 323 728 -
338 705 423 733 δεινὸν
441 706 500 742 μὶν,
513 705 535 732 εἶ
551 706 594 732 καὶ
616 705 653 736 εἷς
670 705 835 742 αὐτόχρημα
849 707 910 742 γῆν,

102 754 198 788 μήποτε
221 750 250 778 δὲ
274 751 319 778 καὶ
347 751 384 781 εἰς
413 750 564 786 ὁμοιότητα
593 748 733 786 δαίμονος.
758 749 864 777 ’Δνύσει
883 747 913 776 δὲ

99 797 126 824 τὸ
138 796 172 833 μή
191 795 358 834 ὶφάρματον,
383 793 517 831 καθαίρων
540 795 590 829 τήν
618 794 643 821 ἐν
669 793 742 830 αὐτῷ
766 798 817 831 γῆν
842 794 910 821 άπά-

102 852 144 876 σης
170 839 352 879 φαυλότητος,
380 839 426 866 καὶ
461 839 590 874 τοιαύτην
625 839 824 872 ἀποκαθιπῶν,
852 837 910 865 οἵαν

101 885 163 920 seu.
180 885 244 912 εἶναι
270 886 331 920 Θιῷ
354 883 530 919 κηπεύεσθαι,
553 884 584 911 τὸ
605 882 634 911 δὲ
663 883 790 920 μέγιστον
815 883 909 910 εἰπεῖν.

100 929 224 965 ἀξιοῦσθαι
253 929 292 959 si:
319 931 414 966 χεῖρας
443 930 510 955 Θεοῦ
539 930 654 962 κεῖσθαι,
673 927 718 955 καὶ
743 927 780 958 εἰς
811 926 950 977 ἀνθρω-Β

99 985 142 1002 πον
169 973 334 1001 πλάττεσθαι
351 982 358 988 ’
375 972 460 1000 εἰπεῖν
490 971 519 999 δὲ
543 971 638 1003 ἄλλως
661 972 699 1003 εἷς
722 973 753 999 τὸ
780 972 910 1010 σαφέστε-

101 1029 149 1056 ρον,
174 1016 247 1056 εἴπερ
277 1017 370 1046 ἐαυτὸν
393 1014 504 1048 ἕκαστος
534 1016 751 1054 ἀποκαθαίρομεν
781 1019 835 1044 τῶν
863 1016 912 1044 ὅσα

100 1063 142 1091 οὐκ
165 1060 232 1090 ἔστιν
259 1061 359 1097 εἰπεῖν,
388 1062 430 1089 ὅτι
460 1061 632 1090 συντελοῦσιν
669 1061 707 1092 είς
732 1061 821 1101 φύσιν,
851 1060 912 1089 οὕτε

101 1109 146 1144 μὴν
166 1109 310 1135 συνιττῶσι
329 1107 378 1141 τήν
405 1105 503 1134 πλάσιν
523 1106 568 1134 καὶ
592 1107 640 1141 τὴν
661 1106 834 1144 ἀνθρωπίνην
852 1105 912 1133 σύν-

101 1158 172 1187 θεσιν,
186 1151 203 1187 ἤ
219 1151 428 1188 ἀπαρτίζουσιν,
443 1151 461 1186 ἤ
472 1151 679 1189 περισώζουσιν,

129 1206 177 1244 ιβ’.
193 1205 253 1233 Οἶόν
274 1216 301 1232 τι
323 1205 397 1243 λέγω
414 1215 420 1221 ·
443 1204 554 1232 Δέδοταί
578 1215 632 1232 σοι.
658 1205 681 1232 ὦ
706 1203 793 1235 οὗτος.
810 1203 913 1242 ὀφθαλ-

103 1260 146 1288 μρν
160 1250 281 1288 συζυγία.
300 1249 390 1278 Βλέπε
413 1248 458 1276 οὖν
485 1248 635 1281 ἀκωλύτως
653 1259 659 1266 ·
681 1248 754 1277 ἀλλὰ
771 1250 808 1285 μή
825 1249 912 1286 παρά-

101 1293 182 1331 ϐλιπε,
196 1296 228 1323 τὰ
250 1294 349 1322 πολλὰ
370 1293 399 1322 δὲ
421 1294 466 1322 καὶ
487 1295 608 1331 κάμμυε.
624 1295 658 1323 Ἢ
696 1294 746 1332 γὰρ
766 1294 796 1321 οὐ
811 1304 914 1332 παραγ-

100 1339 194 1377 γὲλλειν
224 1338 302 1367 δοκεῖ
329 1341 410 1366 τοῦτο
438 1338 484 1366 καὶ
513 1340 530 1374 ἠ
561 1339 640 1378 φύσις
665 1339 744 1374 αὐτὴ,
769 1338 914 1374 ἐπιτάξασα

100 1387 148 1415 τοῖς
177 1383 326 1422 βλεφάροις
353 1381 523 1411 καταϐαίνειν
559 1393 588 1410 τε
618 1383 663 1410 καὶ
688 1380 840 1410 ἀναϐαίνειν
870 1394 914 1411 συ-

102 1429 154 1466 χνὰ,
171 1429 199 1456 οὗ
216 1428 315 1465 μόνον,
334 1427 380 1455 ’ἶνα
405 1427 490 1458 οῧτὼς
515 1429 532 1462 ἡ
557 1427 708 1463 λεπτοτάτη
727 1427 847 1462 ἐπιπολή
862 1431 913 1462 τῆς

101 1483 124 1500 τι
134 1473 209 1511 κόρης
222 1474 268 1501 καὶ
293 1477 343 1508 τῆς
365 1472 440 1511 πέριξ
466 1473 559 1510 χώρας
582 1473 743 1510 τεγγομένη,
765 1473 831 1510 μένῃ
847 1472 912 1508 ἀξή-

102 1528 195 1554 ραν-τος,
224 1519 270 1546 καὶ
306 1518 344 1554 μὴ
387 1516 538 1555 βλάπτοιτο
575 1518 592 1552 ἡ
623 1515 684 1554 ὅψις
713 1518 910 1556 στεγανουμένη

101 1562 264 1601 κραυρότερον
287 1572 293 1578 ·
325 1561 397 1590 ἀλλά
427 1562 472 1589 καὶ
503 1561 541 1593 εἷς
570 1563 718 1598 μυστήριον
746 1559 914 1598 συμϐολικὸν

101 1609 141 1634 τοῦ
155 1608 250 1644 χρῆναι
277 1607 325 1634 τὸν
350 1606 493 1645 ὀφθαλμὸν
515 1607 552 1643 μὴ
568 1606 608 1633 ἀεὶ
624 1606 780 1643 χασμᾶσθαι
800 1605 913 1644 ἀνεῳγό-

102 1661 137 1685 τα,
152 1652 216 1679 καθᾶ
240 1651 356 1682 λέοντος
380 1651 425 1678 καὶ
447 1649 558 1688 λαγῳοῦ
582 1649 748 1689 περιᾴδεται,
773 1650 817 1678 καὶ
834 1650 861 1678 ιῖί
871 1661 911 1678 τι-

102 1706 139 1726 νος
164 1695 248 1724 ἄλλου
288 1695 413 1724 τοιούτου
443 1696 474 1723 τὸ
509 1696 598 1727 ἀτενὲς
639 1698 832 1734 κατηγορεῖται
861 1698 911 1729 τῆς

103 1740 179 1776 ὅψεως
195 1751 201 1757 ·
218 1741 295 1769 ἀλλά
310 1751 376 1768 ποτε
390 1741 434 1768 καὶ
450 1741 546 1778 ἑκοντῇ
557 1741 651 1778 τρόπῳ
669 1740 912 1780 κατασφαλίζισθαι

102 1784 182 1821 πύλης
209 1785 303 1822 δίκην,
332 1786 368 1822 μή
399 1796 440 1815 τις
464 1785 586 1821 κλέπτης
614 1785 747 1822 λογισμὸς
769 1783 914 1822 παρεισδὺς

103 1828 324 1868 λῃστρικώτερον,
358 1829 412 1868 οὐχ
449 1829 593 1867 ὑποκλέψῃ
636 1829 743 1864 ἁπλῶς,
768 1828 841 1857 ἀλλὰ
867 1829 911 1856 καὶ

103 1873 234 1913 ἀφαρπάσῃ
264 1875 314 1903 τὸν
344 1875 433 1907 θεόθεν
455 1878 506 1909 τῆς
532 1876 624 1912 ψυχῆς
646 1874 781 1912 Θησαυρόν
800 1883 806 1890 ⁸
823 1874 852 1904 ὃς
867 1874 913 1901 καὶ

101 1916 138 1946 διὰ
151 1919 228 1957 θύρας
245 1919 350 1955 ταύτης
373 1918 550 1954 εἷσοδιάζεται
566 1918 785 1956 πληθυνόμενος,
801 1919 845 1946 ὅτε
860 1919 912 1946 σω-

101 1964 195 2000 ῳρόνως
211 1966 236 1993 οἱ
250 1967 303 1994 τοῦ
317 1965 384 1992 κατὰ
412 1967 492 2001 σῶμα
521 1962 598 1992 οἷ’κου
614 1963 741 1992 δεσπόται
758 1963 887 2002 διάγομεν
904 1975 910 1982 ·

100 2007 125 2035 οὗ
140 2009 152 2036 ό
166 2011 229 2041 Θεὸς
252 2008 404 2046 οῗκοδόμος
428 2009 646 2048 πεφιλοσόφηται
665 2019 672 2043 ;
697 2009 745 2036 Καὶ
759 2008 829 2036 ἔστιν
846 2010 910 2047 ὁρᾷν

101 2051 141 2087 μὲν
154 2055 232 2090 ἡμᾶς,
250 2055 290 2086 ὡς
303 2054 317 2081 ὁ
333 2055 397 2085 Θεὸς
420 2053 556 2090 ἐπιθυμεῖ,
582 2053 697 2087 ὁπηνίκα
721 2052 782 2081 λεῖα
809 2053 910 2090 βλέπο-

100 2107 149 2132 μεν,
170 2099 264 2127 ταύτὸν
293 2097 316 2126 δ’
340 2099 436 2135 εἰπεῖν,
452 2099 520 2136 πρὸς
544 2098 686 2134 εὐθύτητα,
703 2097 735 2132 ἥν
758 2098 808 2125 οὐκ
831 2097 911 2136 ἔχου-

98 2151 132 2168 σιν
156 2143 191 2177 οἱ,
215 2145 285 2172 καθά
310 2154 351 2175 τις
382 2143 412 2171 ἅν
437 2142 557 2182 δριμέως
579 2142 660 2179 εἷ’-ποι,
677 2140 839 2181 στράϐωνες,
857 2142 910 2171 Εὖ-

98 2186 187 2222 θύτητα
210 2187 238 2216 δέ
262 2198 350 2228 φαμεν
375 2189 424 2223 τὴν
451 2187 494 2215 ἐπὶ
521 2188 621 2218 παντὸς
640 2189 688 2215 τοῦ
713 2187 783 2215 κατά
804 2190 910 2224 πνεῦμα

97 2232 232 2268 νοουμένου
261 2235 421 2270 σωματικοῦ
452 2232 550 2270 μορίου
575 2230 762 2271 ἀῤῥέμϐαστον
788 2231 908 2269 πρόοόον

96 2275 134 2302 iul
161 2275 288 2309 ἰθυτενῶς
319 2277 479 2313 τοξεύουσαν
507 2277 574 2305 κατὰ
602 2279 715 2311 σκοποῦ,
747 2277 841 2305 ὁποίαν
877 2277 909 2305 οὐ

928 1630 950 1664 C

589 194 628 224 IN
652 194 684 224 S.
709 193 1049 230 QUADRAGESIMAM
1074 195 1220 226 ORATIO
1242 196 1292 228 IV.

1733 197 1794 228 694

972 259 1014 287 rio
1030 260 1146 289 virtutis
1163 254 1290 289 sublime
1305 261 1473 290 exercitium
1490 264 1518 289 et
1534 261 1624 290 altum
1640 262 1790 299 fastigium

969 305 1126 340 desperans
1141 315 1207 334 vere
1221 307 1378 334 Nazarenis
1392 307 1539 334 concedet.
1556 309 1628 335 Eum
1644 307 1722 335 enim
1739 316 1792 336 an-

969 350 1025 384 geli
1042 350 1071 377 in
1083 350 1209 378 sublime
1218 351 1333 379 volandi
1343 351 1695 379 facultatemedocuerunt
1703 353 1791 380 viam.

969 402 1025 429 que
1040 395 1075 422 ad
1093 397 1182 422 Deum
1200 396 1296 431 ipsum
1312 396 1407 423 volatu
1438 396 1623 432 perveniendi
1653 396 1678 423 ei
1707 405 1790 424 mon-

969 442 1110 467 strarunt.
1126 441 1178 468 Sed
1193 441 1287 468 caeteri
1305 449 1421 476 quoque
1437 440 1576 468 mortales
1594 441 1642 476 qui
1658 441 1708 468 Dei
1731 449 1791 469 me-

969 492 1065 511 mores
1081 486 1108 511 et
1121 484 1247 512 cultores
1262 485 1408 517 exstitere.
1425 485 1486 520 pari
1504 486 1587 512 modo
1603 493 1722 513 sursum
1739 485 1792 514 tol-

968 527 1074 563 lentur,
1092 529 1120 556 in
1136 531 1278 564 quantum
1291 530 1353 557 fieri
1370 530 1486 565 poterit.
1503 529 1640 565 Alioquin
1656 530 1734 557 idem
1750 531 1791 558 fe-

967 572 1014 600 lici
1031 582 1084 601 suo
1100 576 1178 601 statu
1195 575 1316 608 fruetur,
1332 577 1439 602 terram
1455 575 1575 610 quidem
1601 574 1740 603 calcando
1762 576 1792 602 et

967 618 1115 646 terrestria
1143 627 1231 654 opere
1249 619 1424 655 peragenda,
1442 618 1552 647 nullius
1566 621 1664 647 tamen
1681 619 1792 655 peccati

967 665 1099 695 reus,sut
1114 663 1319 690 restaurationi
1337 663 1478 691 obnoxius
1494 663 1654 691 secundum
1672 672 1718 691 res
1732 663 1789 692 hu—

967 708 1190 739 manas,nedum
1200 708 1234 735 ad
1245 708 1468 736 similitudinem
1481 708 1529 735 Dei
1538 710 1700 744 provectus.
1711 710 1791 737 Bona

966 754 1063 779 autem
1080 760 1167 787 opera
1180 752 1320 788 perﬁciet,
1337 753 1480 780 mundum
1497 753 1552 780 sibi
1568 752 1730 788 ingenitum
1751 753 1787 780 ab

966 796 1047 824 omni
1073 797 1261 832 perversitate
1276 804 1405 832 purgans
1417 799 1446 825 et
1458 797 1546 824 talem
1562 797 1741 825 constituens
1758 799 1790 825 ut

965 840 1073 876 dignus
1089 841 1171 869 ﬂeret
1185 840 1234 876 qui
1250 841 1278 868 in
1296 842 1343 868 Dei
1359 841 1442 869 horto
1455 841 1637 877 plantaretur
1651 843 1679 869 et
1694 842 1723 869 in
1741 841 1790 869 Dei

967 886 1104 913 manibus
1119 885 1265 922 repositus
1279 894 1344 914 vere
1359 886 1446 914 homo
1473 886 1563 914 ﬁeret.
1593 887 1674 918 Quod
1703 886 1788 914 nobis

965 930 1086 964 contigit
1101 930 1282 965 si,quotquot
1297 939 1412 966 sumus,
1428 931 1515 958 rebus
1530 931 1665 959 nefandis
1678 931 1789 958 valedi-

964 974 1077 1009 eimus;
1093 983 1159 1010 quas
1171 975 1239 1010 quia
1254 977 1365 1003 naturae
1380 978 1581 1003 consentanea:
1597 977 1675 1009 sunt,
1692 975 1788 1003 homi-

966 1019 1054 1048 nibus
1068 1019 1123 1047 rite
1137 1019 1316 1054 excolendis,
1331 1020 1516 1055 perﬁciendis
1532 1028 1565 1048 ac
1580 1019 1731 1048 servandis
1746 1019 1792 1047 in-

966 1063 1109 1092 serviunt.

1002 1209 1047 1235 22.
1063 1208 1192 1244 Exempli
1210 1207 1314 1244 gratia,
1331 1207 1432 1235 datum
1447 1207 1512 1241 tibi,
1529 1207 1624 1243 sodes,
1637 1209 1681 1236 est
1697 1207 1796 1236 oculo-

968 1260 1034 1280 rum
1051 1252 1167 1288 par.His
1182 1254 1264 1280 utere
1280 1252 1344 1279 sine
1359 1251 1521 1286 obstaculo,
1539 1260 1591 1280 nec
1607 1254 1704 1280 tamen
1721 1251 1795 1280 obli~

968 1306 1027 1333 qua
1040 1298 1134 1330 tuere,
1151 1305 1227 1333 saepe
1242 1299 1339 1325 autem
1354 1297 1457 1324 claude
1486 1305 1546 1325 eos.
1576 1297 1687 1325 Natura
1716 1297 1795 1324 enim

969 1350 1022 1379 psa
1049 1342 1105 1369 hoc
1120 1342 1214 1370 facere
1230 1341 1378 1378 palpebris
1393 1342 1560 1378 praescribit
1576 1343 1609 1369 ut
1624 1350 1744 1370 sursum
1761 1349 1793 1369 eo

969 1388 1106 1415 deorsum
1123 1389 1368 1421 moveantur,non
1383 1388 1499 1414 tantum
1517 1388 1549 1414 ut
1565 1386 1680 1423 pupillas
1693 1394 1794 1421 super-

968 1432 1049 1459 ﬁcies
1078 1431 1274 1459 subtilissima
1303 1431 1471 1459 humel‘scta
1501 1431 1638 1463 siccetur,
1667 1433 1695 1458 et
1711 1433 1742 1458 ut
1757 1438 1794 1458 ne

967 1476 1065 1504 vultus
1093 1476 1182 1503 nimis
1211 1475 1349 1504 astrictus
1373 1476 1504 1503 laedatur.
1518 1476 1574 1503 Sed
1588 1478 1615 1503 et
1630 1476 1666 1503 ob
1683 1477 1792 1511 myste-

969 1521 1044 1548 rium
1061 1520 1255 1556 symbolicum
1268 1520 1371 1548 oculus
1394 1528 1452 1548 non
1481 1520 1567 1547 debet
1594 1522 1694 1555 aperto
1722 1519 1792 1547 orbe

968 1565 1096 1598 hiare,nt
1112 1565 1155 1592 leo
1172 1567 1222 1592 aut
1237 1565 1322 1601 lepus
1337 1565 1430 1592 aliave
1444 1563 1583 1592 animalia
1599 1564 1719 1596 faciunt,
1740 1563 1791 1591 sed

969 1610 1046 1637 sicut
1071 1611 1154 1645 ports
1170 1609 1315 1641 concludi,
1333 1617 1368 1636 ne
1383 1608 1521 1645 cogitatio
1537 1607 1614 1635 male
1629 1607 1687 1635 {ide
1701 1607 1791 1635 latro-

969 1662 1039 1682 num
1057 1662 1137 1682 more
1151 1654 1265 1682 intrans
1280 1653 1410 1681 divinum
1426 1653 1530 1680 anima:
1547 1652 1719 1680 thesaurum
1735 1651 1793 1680 suf-

969 1699 1097 1732 furetur;
1114 1699 1162 1735 qui
1178 1699 1296 1734 quidem
1312 1698 1496 1726 abundanter
1510 1697 1684 1734 ingreditur,
1703 1705 1794 1733 quan-

969 1744 1006 1771 do
1020 1744 1152 1778 domum,
1170 1751 1274 1778 corpus
1289 1746 1422 1770 nostrum
1439 1742 1514 1777 dico,
1531 1742 1690 1779 prudenter
1711 1741 1793 1769 inco-

969 1788 1157 1824 limus,cujus
1172 1787 1329 1816 aedificator
1343 1787 1421 1815 Deus
1436 1796 1453 1815 ο
1468 1786 1650 1823 philosophis
1663 1786 1793 1814 celebra-

968 1835 1025 1860 tur.
1040 1835 1146 1861 Sumus
1161 1835 1258 1861 autem
1288 1832 1373 1865 tales,
1403 1832 1505 1868 quales
1534 1840 1587 1859 nos
1614 1831 1676 1859 vult
1705 1832 1791 1866 Deus,

968 1877 1086 1914 quando
1115 1879 1226 1906 rectum
1254 1877 1346 1905 oculis
1365 1878 1502 1905 obtutum
1518 1877 1743 1910 demsndamus,
1761 1876 1790 1903 id

967 1923 1043 1958 quod
1061 1923 1153 1950 facere
1169 1922 1259 1950 luscis
1275 1922 1352 1950 haud
1369 1924 1414 1949 est
1430 1921 1553 1949 licitum.
1573 1921 1662 1949 Istam
1692 1923 1790 1948 autem

967 1967 1043 1995 oculi
1055 1966 1258 1995 rectitudinem
1275 1966 1468 2003 intelligimus
1484 1966 1657 1994 continuum
1673 1973 1792 2000 proces-

967 2020 1033 2039 sum
1049 2012 1179 2047 corporis
1195 2020 1212 2039 ιι
1226 2011 1331 2047 spiritu
1345 2011 1466 2044 directi;
1483 2019 1600 2046 semper
1618 2010 1697 2038 enim
1726 2017 1791 2037 sco‘

967 2064 1037 2092 pum
1052 2056 1130 2090 visit,
1146 2056 1223 2091 quod
1239 2056 1332 2083 facere
1347 2064 1404 2082 non
1421 2057 1517 2090 potest
1531 2054 1644 2088 oculus,
1658 2062 1716 2081 non
1740 2061 1791 2089 pes

966 2101 1016 2136 qui
1031 2109 1117 2128 omne
1131 2099 1199 2127 tulit
1214 2101 1355 2135 punctum
1371 2099 1420 2127 ubi
1437 2098 1606 2126 rectitudini
1622 2097 1726 2125 divinae
1745 2097 1792 2124 in-

965 2145 1153 2180 sistit,neque
1169 2144 1310 2180 cor,quod
1329 2143 1579 2178 Deus,secundum
1592 2141 1790 2175 Psalmistam,

965 2189 1082 2226 dirigit;
1098 2189 1224 2217 maxime
1238 2190 1334 2216 autem
1351 2196 1446 2221 mens,
1463 2187 1596 2216 omnium
1611 2187 1715 2214 horum
1731 2193 1792 2213 mo.

965 2233 1104 2269 deratrix,
1120 2236 1149 2261 et
1163 2241 1227 2269 quas
1240 2240 1307 2261 eum
1323 2232 1373 2268 qui
1389 2231 1467 2268 sapit
1479 2232 1634 2268 gubernat,
1643 2230 1790 2266 siquidem

965 2278 1087 2307 minime
1103 2278 1186 2306 lusca
1199 2280 1250 2306 aut
1264 2279 1345 2305 torva
1361 2279 1415 2305 est.

98 2320 167 2354 μόνον
191 2322 334 2362 ὀφθαλμὸς
382 2320 455 2360 ἔχειν
481 2323 643 2359 ἀπαινεῖται,
683 2321 747 2350 οὐδὶ
773 2324 851 2357 ποῦς,
882 2323 911 2354 ὃς
937 2323 1085 2351 ἐπαινεῖται
1115 2322 1260 2358 ἱστάμενος
1284 2321 1310 2349 ἐν
1336 2322 1369 2358 τῇ
1395 2320 1463 2348 κατὰ
1489 2320 1553 2348 Θεὸν
1575 2319 1711 2354 ιῦθύτητι,
1742 2317 1788 2345 οὐ·

96 2363 120 2392 δὶ
133 2366 233 2404 καρδία,
249 2368 283 2403 ἥν
307 2371 366 2399 τοῖς
395 2368 504 2406 ἔχουσιν
530 2367 656 2406 ἀγαθύνει
677 2369 692 2396 ὁ
712 2368 824 2406 Κύριος,
849 2369 917 2396 κατὰ
940 2369 986 2397 τὸν
1011 2369 1089 2407 ἰερῶς
1113 2367 1265 2405 ψάλλοντα,
1293 2367 1366 2395 ἀλλὰ
1387 2367 1440 2404 πρὸ
1465 2367 1572 2394 πάντων
1596 2365 1641 2393 καὶ
1665 2364 1709 2392 ἐπὶ
1732 2366 1788 2392 πᾶ-

96 2419 130 2438 σιν
149 2412 233 2445 ὁτοῖς
256 2413 393 2445 τοιούτοις
424 2413 574 2441 ἐπιστατῶν
602 2415 665 2444 νοῦς
695 2413 739 2441 καὶ
765 2411 995 2451 προϐαλλομενος
1023 2414 1069 2441 τὸν
1097 2413 1257 2452 εὐθῶρροναν
1281 2412 1311 2443 ’ὸς
1341 2411 1402 2440 οὕτε
1425 2409 1594 2448 παραϐλέπει
1623 2407 1785 2449 στραῧίζων,

97 2455 124 2482 οὗ
138 2457 188 2492 μὴν
203 2456 260 2485 οὐδ’
277 2457 361 2486 ἄλλον
376 2458 436 2486 τινὰ
449 2458 562 2496 τρόπον,
577 2459 637 2490 καθ’
651 2458 680 2485 ὃν
697 2457 808 2497 λέγοιτο
824 2459 853 2486 ἂν
874 2456 1040 2497 παραϐλώψ.

126 2513 170 2547 κγ.
187 2511 244 2548 Χρὴ
261 2511 312 2550 γάρ
337 2523 396 2540 τινα
421 2511 504 2540 ῗ¹λεων
530 2511 623 2551 ἐνορᾷν
651 2513 719 2549 μετᾶ
748 2511 908 2552 διακρίσεως
923 2516 947 2549 D

97 2551 171 2588 θείας.
185 2555 230 2582 καὶ
255 2553 313 2592 ἅμα
334 2557 365 2583 τὸ
389 2554 557 2594 πολυσχιδὲς
587 2554 771 2595 παραϐλέπειν
801 2551 906 2585 ἆπεῖναι

96 2598 138 2623 τοῦ
165 2598 233 2627 οὕτω
262 2599 422 2638 βλέποντος.
462 2600 494 2629 El
533 2600 562 2629 δὲ
594 2600 639 2629 καί
668 2612 720 2629 τινί
750 2601 907 2639 πρόκεινται

97 2639 179 2678 ὁρατὰ,
205 2645 246 2676 οἷς
273 2642 511 2683 προϐεϐλημένοις
545 2645 577 2674 οὐ
597 2646 674 2683 Θέμις
700 2644 846 2683 ἐμϐλέπειν
860 2647 904 2674 τὸν

97 2686 221 2725 σώφρονα,
246 2690 261 2716 ὁ
291 2689 319 2718 δὲ
351 2693 499 2726 τηνικαῦτα
537 2691 714 2719 κατακύπτων
744 2691 906 2729 ἀποστρέψει

97 2730 139 2764 τὴν
154 2731 252 2770 ὅρασιν,
272 2736 309 2771 μή
337 2735 382 2764 καὶ
412 2734 577 2774 δραξάμενον
602 2736 634 2763 τὸ
650 2736 761 2764 όπτικὸν
776 2735 832 2773 ἅμα
846 2737 908 2764 καθ-

99 2773 189 2812 show,
204 2779 249 2806 τὸν
276 2779 339 2809 ὅλον
363 2779 517 2819 ἄνθρωπον,
541 2782 591 2809 ὅσα
613 2781 658 2809 καί
679 2793 705 2809 τι
721 2782 844 2820 σχοινίον
863 2781 905 2820 βί-

99 2828 160 2865 αιον¹
186 2823 214 2851 ἐκ
235 2828 283 2853 τοῦ
307 2828 373 2855 κατα
397 2828 461 2856 Θεὸν
487 2827 583 2864 ὕψους,
608 2827 652 2855 καὶ
670 2825 822 2865 ὑποϐιϐάσῃ
839 2827 906 2865 πρὸς

99 2863 225 2900 itm-IMR
248 2871 380 2911 τάρταρον
398 2882 405 2890 '
430 2871 493 2900 τότε
512 2863 548 2907 δὴ
574 2871 723 2909 κατὲμυσεν
741 2873 755 2901 ὁ
769 2863 905 2910 τοιοῦτος,

997 2514 1042 2541 23.
1059 2513 1178 2550 Oportet
1193 2513 1270 2541 enim
1287 2512 1444 2540 discrimen
1461 2519 1544 2546 egere
1559 2510 1732 2540 benevolum
1757 2510 1789 2539 in

962 2559 1008 2586 his
1025 2559 1234 2594 rebus,easque
1249 2557 1333 2586 oculo
1348 2558 1482 2584 irretorto
1497 2555 1788 2592 contemplari.Quod

963 2603 987 2631 si
1004 2603 1092 2631 homo
1105 2604 1244 2631 cordatus
1261 2603 1290 2630 in
1310 2610 1356 2630 res
1385 2605 1486 2637 turpes
1514 2601 1661 2635 inciderit,
1690 2599 1789 2628 oculos

960 2648 1124 2676 verecunde
1151 2650 1269 2681 avertet,
1288 2655 1323 2674 ne
1338 2655 1404 2674 cum
1422 2646 1515 2674 oculis
1530 2648 1624 2674 totum
1640 2644 1791 2673 hominem

962 2693 1064 2728 perdat
1082 2692 1227 2726 funditus,
1243 2699 1384 2727 rumpens
1400 2691 1526 2726 vincula,
1542 2691 1650 2726 quibus
1667 2690 1721 2717 Deo
1738 2688 1791 2715 ud-

962 2737 1063 2770 hzsret,
1080 2737 1120 2765 ita
1137 2739 1169 2764 ut
1197 2737 1228 2764 in
1257 2739 1398 2764 tartarum
1429 2744 1558 2772 praeceps
1586 2735 1681 2762 cadat.
1711 2733 1788 2760 Tum

961 2782 1038 2810 enim
1052 2790 1067 2810 e
1082 2782 1209 2810 caecitate
1223 2781 1257 2809 ad
1273 2781 1368 2809 visum
1385 2781 1470 2815 redit,
1485 2783 1514 2808 et
1528 2779 1685 2814 Scriptura:
1699 2785 1788 2805 sacras

962 2835 1019 2855 non
1034 2826 1158 2854 incurrit
1171 2825 1350 2862 vituperium
1366 2834 1455 2854 cmcos
1475 2825 1544 2853 olim
1574 2831 1640 2851 cum
1670 2822 1787 2851 lidibrio

961 2871 1212 2908 reprehendentis.
1242 2870 1334 2906 )Equo
1349 2870 1457 2899 etenim
1487 2868 1569 2897 oculo
1595 2875 1642 2897 res
1657 2870 1787 2897 contem-
