2030 3167
189 164 250 196 695

582 165 793 196 EUSTATHII
815 164 1199 196 THESSALONICENSIS
1222 163 1514 195 METROPOLlTAE

1842 165 1909 195 696

190 232 298 268 plstur,
316 233 344 259 et
358 231 383 259 ei
400 231 495 268 placet
509 232 559 268 qui
577 231 606 260 in
624 232 795 260 abscondilo
809 232 888 260 videt
903 235 932 260 et
954 241 1019 268 pro-

1088 230 1123 258 ιαὶ
1140 229 1249 268 βλίπων
1278 229 1385 268 βλέπει,
1414 230 1458 257 καὶ
1489 229 1520 257 οὐ
1551 230 1589 266 μὴ
1615 229 1660 268 ἴδῃ
1691 228 1779 258 ἄλλον
1799 230 1908 268 τρόπον

190 276 288 312 palam
303 276 400 304 reddit
416 285 422 304 :
440 276 532 304 altero
548 279 648 305 autem
666 278 744 305 claro
758 277 841 305 Oculo
862 277 948 305 modo
977 277 1017 304 vi-

191 321 249 356 det,
267 320 353 348 modo
369 329 426 348 non
441 321 528 349 videt.

1073 275 1143 313 ἤπερ
1160 276 1176 310 ἡ
1194 276 1331 313 ἁγιωτάτῃ
1350 275 1444 313 Γραφὴ
1471 272 1576 311 ἔσκωψε
1596 275 1660 306 τοὺς
1679 274 1767 303 πάλαι
1782 275 1911 313 τυφλοῦς

1074 319 1256 358 διορατικούς.
1287 319 1385 347 Βλέπει
1423 319 1474 357 γὰρ
1511 319 1617 355 ὅμματι
1659 322 1699 356 τῷ
1725 319 1908 357 καιριωτὰτῳ

190 364 234 392 καὶ
266 363 425 403 φιλουμένῳ
452 365 502 392 ὑπὸ
531 368 579 392 τοῦ
609 365 634 393 ἐν
660 369 771 403 κρυπτῷ
793 366 942 404 βλέποντος
970 365 1015 392 καὶ
1044 363 1222 396 ἀποδιδόντος
1251 364 1276 392 ἐν
1301 367 1408 404 φοινιρῷ
1425 373 1431 379 ‘
1456 366 1496 400 τῷ
1521 362 1549 391 δὲ
1574 364 1664 401 λοιπῷ
1688 365 1734 392 καὶ
1770 368 1911 403 προφωνεῖ

192 407 330 448 ὀφθαλμῷ
345 413 383 444 πῆ
402 410 449 446 μέν
469 409 574 448 βλέπει,
597 414 634 445 πῆ
653 409 681 438 δὲ
699 409 836 447 οὐδαμῶς.

228 463 328 492 24.Εει
342 467 441 492 autem
451 466 529 500 quod
539 466 603 493 dico
613 468 723 493 natura:
732 466 977 502 mysterium,non
988 465 1023 492 ab

194 507 332 537 omnibus
342 509 594 542 observatum,sed
604 509 683 537 abiis
695 511 836 538 duntaxat
846 510 895 545 qui
907 510 1024 545 profun-

195 552 547 581 dsscrutarididicerunl.
559 555 609 582 Est
616 557 713 581 autem
722 562 766 582 res
775 554 952 590 bujusmodi.
971 553 1024 581 Ubi

196 597 306 625 ﬂumen
315 596 431 626 visibile
442 597 471 625 in
482 597 603 634 planum
613 598 764 626 descendit
774 607 807 626 ac
817 598 901 633 longe
910 598 1024 634 lateque

196 643 295 678 patere
301 641 578 678 coepit,multis,imo
587 643 722 678 plurimis
730 643 758 670 in
766 651 853 671 cursu
865 651 918 671 suo
926 651 1025 671 occur-

197 686 312 714 rit.Non
323 688 422 714 tamen
434 686 484 714 illa
497 695 554 715 uno
565 687 668 715 obtutu
679 687 800 722 videt,et
811 696 912 716 eorum
924 687 1024 724 cogni-

196 730 308 758 tionem
319 730 376 759 sibi
387 731 532 765 vindicat;
546 732 596 760 sed
608 732 657 760 ubi
670 733 718 760 uni
731 735 867 768 certaque
880 733 918 760 rei
932 733 1025 760 conti-

198 776 496 812 nenterinsistit,quo
512 777 647 810 tendit,id
661 777 792 812 attinget;
803 779 873 804 tunc
889 778 1024 805 observa-

199 822 245 847 tor
256 822 395 848 strenuus
406 820 556 848 oculorum
568 829 600 848 ac
612 821 724 849 fraudis
736 821 931 849 dilferentiam
947 822 1025 849 vide-

200 864 311 892 bit.Ubi
323 865 530 916 eni'muspiritus
538 865 661 893 visibilis
667 866 855 916 conusitelum
863 874 949 894 suum
958 867 1027 902 ﬁget
1043 883 1065 916 Β

201 911 230 936 et
245 917 305 936 rem
321 908 466 937 visibilem
483 910 688 946 atlinget,item
700 910 805 946 judicii
835 919 888 946 ope
916 913 1026 938 certam

200 952 282 981 illam
299 961 332 981 ac
348 954 482 981 stabilem
499 954 592 982 sistet.
606 955 642 982 Ea
658 957 755 982 autem
772 955 821 990 qui
837 956 1028 983 circumcirca

203 999 273 1025 sunt
287 998 386 1025 minus
401 1000 534 1026 accurate
544 1001 748 1035 tanget,quare
758 1008 788 1027 ea
802 1000 856 1027 rite
868 1000 990 1027 deﬁnire
999 1002 1028 1027 et

202 1042 366 1077 dijudicare
383 1051 440 1070 non
457 1043 571 1079 poterit,
589 1043 644 1071 nisi
662 1052 734 1071 cono
750 1045 822 1072 duce
837 1044 865 1071 in
881 1043 939 1072 alio
954 1052 1025 1080 quo-

202 1095 291 1123 quam
306 1095 426 1123 corpore
442 1087 519 1115 idem
534 1088 675 1124 perﬁciat.
702 1089 737 1116 Et
766 1088 820 1116 hoc
851 1089 968 1124 quidem
996 1089 1026 1116 in

202 1131 341 1159 omnibus
369 1131 520 1160 similibus
547 1141 647 1160 verum
677 1141 742 1160 esse
772 1135 862 1168 patet.
882 1133 970 1169 Atqui
985 1133 1027 1161 sic

201 1175 449 1211 etiamjejunator
460 1176 509 1212 qui
523 1185 587 1212 quae
596 1176 675 1204 videt
684 1177 834 1211 discernit,
848 1178 889 1205 uti
902 1186 947 1205 res
959 1186 1027 1205 con-

201 1223 302 1255 specta
317 1229 374 1247 non
391 1222 506 1248 tantum
523 1221 587 1256 ejus
602 1222 838 1255 admirationem,
856 1223 906 1251 sed
927 1223 1027 1258 volup-

202 1266 292 1291 tatem
308 1272 425 1300 quoque
441 1268 546 1298 movet,
564 1268 663 1293 caveat
678 1275 714 1294 ne
728 1266 770 1294 illi
783 1267 873 1295 nimio
890 1267 956 1303 plus
984 1267 1028 1294 in-

203 1308 300 1341 sistat,
316 1310 344 1336 et
360 1309 437 1344 quod
454 1309 530 1337 videt
559 1310 647 1338 nimis
673 1314 785 1348 urgeat,
819 1315 851 1339 ut
878 1320 911 1340 eo
934 1311 1028 1347 magis

203 1353 302 1381 animo
313 1353 448 1388 inculcet;
461 1357 608 1382 contraclo
617 1357 714 1383 autem
726 1364 813 1384 sensu
828 1356 951 1394 visionis
964 1365 1029 1384 ma-

199 1397 252 1433 jus
267 1397 323 1425 sibi
335 1398 463 1434 spatium
481 1399 591 1426 creabit
605 1401 644 1433 et,
661 1400 753 1427 oculis
769 1400 1028 1434 cluusis,aﬂ‘ectum

205 1442 306 1469 minus
322 1442 429 1470 afﬁciet
443 1442 584 1472 laedendo.
603 1443 770 1472 Istiusmodi
787 1447 883 1472 autem
896 1445 1031 1478 homo,ut

201 1486 265 1522 jam
276 1486 416 1519 vidimus,
427 1487 494 1523 plus
509 1488 643 1516 minusve
657 1489 889 1523 videbit;videbit
904 1490 980 1517 enim
999 1490 1031 1517 ut

203 1531 282 1559 Deus
296 1531 471 1567 praescribit,
483 1535 534 1560 aut
550 1541 608 1560 non
623 1533 1028 1567 videbit,sicutadversarius.

1113 462 1250 491 κδ’.“Εστι
1275 461 1313 496 δὲ,
1337 462 1351 490 ὃ
1372 462 1454 500 λέγω,
1482 463 1630 501 μυστήριον
1651 462 1770 502 φύσεως,
1785 463 1819 490 οὗ
1834 462 1913 490 πολ-

1080 507 1139 538 λοῖς
1167 507 1440 545 παρατετηρημὲνον,
1470 506 1534 535 ἀλλ’
1561 507 1579 542 ἤ
1613 507 1671 535 ὅσοι
1696 505 1911 543 ὶμϐαθύνουσιν.

1079 553 1158 590 Ἔχει
1180 551 1208 580 δέ
1233 563 1291 584 πως
1319 551 1390 580 οὕτω
1419 552 1450 578 τὸ
1480 555 1601 589 πρᾶγμα.
1631 552 1669 580 Τὸ
1698 551 1814 579 ὀπτικὸν
1830 552 1914 589 χύμα

1080 595 1297 634 διαπεπταμένον
1326 596 1364 628 εἲς
1387 596 1501 632 πλάτος,
1526 597 1571 623 καὶ
1594 595 1699 628 διαθέον
1719 596 1766 623 καὶ
1783 596 1848 632 εὐρὺ
1867 596 1913 623 καὶ

1082 643 1224 678 μήκιστον,
1250 641 1396 681 ἐφικνεῖται
1423 641 1470 677 μὶν
1497 640 1622 675 πολλῶν,
1638 641 1683 668 καί
1700 651 1767 668 ποτε
1783 641 1816 668 οὖ
1835 640 1914 668 πολ-

1081 685 1136 713 λῶν
1153 685 1258 720 ἁπλῶς,
1277 684 1349 713 ἀλλὰ
1363 685 1408 712 καὶ
1423 686 1492 712 πάνυ
1508 684 1631 713 πολλῶν.
1646 684 1686 713 Οὖ
1707 685 1763 722 μὴν
1777 685 1825 712 καὶ
1840 686 1911 712 πάν-

1079 740 1113 757 ·ια
1136 730 1224 757 ἰκεῖνα
1253 730 1359 767 ὁμοίως
1384 731 1444 767 ὁρᾷ,
1468 729 1513 757 καὶ
1537 730 1587 764 τὴν
1612 728 1720 756 ἐκείνων
1746 732 1852 767 γνῶσιν
1867 730 1911 757 καὶ

1081 773 1185 810 εἷ’δησιν
1202 774 1298 809 ἐπίσης
1327 774 1512 810 ἀπομάττεται
1530 784 1536 789 ·
1563 773 1627 801 ἀλλ’
1644 773 1688 801 ὅτε
1703 774 1826 811 στηρίξει
1841 775 1911 801 κατά

1080 829 1153 850 τινος
1182 819 1240 851 ἑνὸς
1270 818 1366 855 μόνου,
1391 819 1437 846 καὶ
1461 819 1560 849 ἀτενῶς
1585 818 1737 855 ἀπιστήσει,
1763 819 1909 850 ἀκοντίσας

1081 863 1111 890 τὸ
1136 863 1259 899 όπτικὸν,
1285 864 1322 894 ὡς
1355 863 1441 891 ἐκεῖνο
1469 863 1514 891 καὶ
1541 864 1623 900 μόνον
1652 861 1908 902 ἰξακριϐώσασθαι·

1081 908 1143 935 τότε
1167 907 1200 942 δὴ
1216 908 1346 946 γνώσεται
1377 909 1390 935 ὁ
1413 909 1521 939 συνετὸς
1547 909 1643 943 θιατής
1668 907 1802 948 διαφορὰν
1827 909 1911 946 βλέμ-

1084 963 1167 988 ματος
1194 953 1239 980 καὶ
1269 951 1440 989 κλέμματος.
1465 954 1544 980 Ὃποι
1571 953 1621 990 γὰρ
1647 953 1660 980 ὁ
1676 955 1764 984 κῶνος
1779 955 1831 980 τοῦ
1847 954 1909 992 ὁρα-

1082 999 1159 1024 τικοῦ
1187 997 1340 1032 πνεύματος
1362 997 1394 1024 τὸ
1419 997 1477 1024 κατ’
1500 996 1578 1024 αὐτὸν
1605 996 1650 1031 ὀξὺ
1681 996 1774 1034 βαλὼν
1804 998 1910 1035 ἀπερεί-

1083 1052 1133 1076 σει,
1149 1042 1192 1068 καὶ
1219 1041 1312 1078 ἅψεται
1337 1043 1385 1068 τοῦ
1411 1040 1591 1078 ὑποκειμένου
1616 1041 1684 1078 πρὸς
1713 1042 1820 1078 ὅρασιν,
1841 1041 1910 1069 ἐκεῖ·

1082 1097 1112 1114 νο
1143 1083 1252 1124 ἀκριϐοῖ
1274 1086 1317 1113 καὶ
1359 1084 1504 1124 διευκρινεῖ
1541 1085 1585 1113 καὶ
1621 1086 1762 1123 εὐστόχως
1793 1085 1909 1123 διαπορ-

1082 1130 1175 1167 Θμεύει
1189 1133 1224 1167 τῇ
1249 1130 1315 1158 κατὰ
1343 1133 1405 1158 νοῦν
1435 1131 1527 1168 ὁρασει
1550 1131 1584 1166 τῇ
1601 1132 1721 1167 κριτικῇ.
1738 1132 1802 1159 Τῶν
1819 1129 1847 1158 δὲ
1863 1132 1908 1158 πέ-

1083 1176 1123 1214 ριξ
1145 1175 1198 1212 οὐχ
1215 1174 1285 1202 οὕτω
1303 1175 1368 1211 πρὸς
1392 1173 1530 1212 ἀκρίϐειαν
1557 1173 1679 1211 ἅπτεται,
1710 1175 1748 1206 ὡς
1776 1176 1823 1203 καὶ
1841 1175 1909 1202 ἐκεῖ-

1081 1229 1113 1247 να
1141 1218 1346 1255 λεπτοτομῑσαι
1377 1219 1420 1246 καὶ
1459 1217 1638 1255 παραπέμψαι
1676 1218 1714 1250 εἷς
1744 1218 1834 1256 κρίσιν
1859 1220 1909 1253 τὴν

1083 1261 1147 1300 ἔσω,
1163 1263 1186 1290 al
1213 1264 1250 1299 μή
1271 1262 1404 1298 ἀποσταίη
1430 1262 1535 1290 ἐκείνου
1563 1262 1737 1300 παρενεχθεὶς
1765 1263 1779 1290 ό
1810 1265 1908 1297 κῶνος,

1083 1309 1128 1335 καὶ
1155 1307 1192 1339 εἷς
1216 1307 1305 1346 ἕτερον
1331 1309 1411 1343 σῶμα
1447 1307 1597 1345 ῥυσάμενος
1625 1305 1715 1343 δράσει
1751 1307 1785 1334 τὰ
1815 1306 1907 1344 ὅμοια.

1085 1353 1134 1382 Καὶ
1148 1355 1229 1380 τοῦτο
1245 1352 1290 1379 ἰπῖ
1311 1351 1417 1379 πάντων
1441 1354 1495 1379 τῶν
1522 1351 1654 1379 τοιούτων
1670 1352 1840 1389 παναληθες.
1857 1353 1909 1381 Οὕ-

1083 1408 1122 1424 τω
1139 1396 1172 1431 δὴ
1188 1396 1233 1424 οὖν
1245 1396 1290 1423 val
1318 1397 1331 1424 ὁ
1356 1395 1530 1432 διακριτικῶς
1556 1394 1666 1432 βλέπων
1690 1397 1853 1431 νηστευτὴς,
1868 1396 1910 1424 ὅτε

1084 1453 1111 1470 τι
1135 1442 1228 1469 Θεατὸν
1258 1440 1432 1478 ὲφελκύσεται
1460 1440 1540 1468 αὐτὸν
1566 1440 1597 1467 οὗ
1612 1441 1680 1478 πρὸς
1692 1442 1783 1478 θαῦμα
1797 1441 1845 1469 καὶ
1861 1442 1909 1478 μό-

1086 1497 1143 1522 νον,
1159 1485 1231 1514 ἀλλά
1249 1496 1274 1512 τι
1290 1486 1333 1512 καὶ
1362 1485 1430 1523 πρὸς
1456 1483 1611 1520 εὒπαθειαν,
1639 1486 1677 1522 μὴ
1704 1486 1857 1523 πηριζὲτω
1873 1486 1911 1517 είς

1087 1531 1172 1559 ἐκεῖνο
1211 1529 1426 1567 περιεργότερον,
1466 1529 1666 1565 ἀποστενώσας,
1700 1530 1744 1557 καὶ
1786 1530 1825 1561 ὡς
1855 1531 1909 1558 οἷον

204 1574 289 1602 εἶπεῖν
319 1575 469 1612 παροξ-ἂνας
497 1577 529 1604 τὸ
554 1576 678 1610 ὀπτικὸν,
710 1576 781 1613 μηδὲ
809 1575 1017 1616 ἀκριϐωσάσθω,
1047 1577 1085 1608 ὡς
1115 1573 1265 1612 ἒμῧαθῦνθι
1294 1575 1360 1602 αὖτό
1389 1574 1529 1612 προκύψαν
1560 1573 1598 1605 εἷς
1627 1575 1719 1612 ψυχήν
1736 1584 1742 1591 ¹
1773 1575 1912 1606 συστείλας

205 1617 235 1646 δὲ
260 1620 309 1654 τὴν
339 1620 478 1658 περίεργον
510 1620 582 1657 δψιν,
613 1620 750 1659 ὂιαχεὰτω
780 1622 863 1657 αὐτὴν
893 1621 998 1656 ἄλλως,
1024 1621 1069 1649 καὶ
1093 1620 1268 1654 πλατυνάτω,
1297 1619 1342 1646 καὶ
1368 1618 1440 1646 οὕτω
1461 1618 1564 1647 κλείσει
1589 1619 1638 1653 τήν
1665 1618 1776 1655 ὲμπςιθὴ
1808 1618 1911 1657 ὅρασιν,

205 1663 250 1690 καί
279 1664 310 1691 οὐ
339 1665 480 1702 πορνεύσει
508 1667 569 1692 κατ’
593 1665 676 1701 αὐτῆς
701 1666 732 1694 τὸ
757 1667 932 1702 παθητιεκόν.
969 1667 1017 1694 Καὶ
1055 1662 1127 1693 ἔσται
1169 1665 1183 1692 ὁ
1211 1665 1335 1695 τοιοῦτος
1364 1663 1514 1702 ἆνρθωπος,
1546 1663 1582 1694 ὡς
1608 1664 1842 1702 προτιθεώρηται,
1870 1664 1911 1691 καὶ

207 1708 317 1747 βλιπων
347 1710 391 1738 καὶ
421 1711 459 1746 μή
490 1710 621 1748 βλέπων·
653 1711 773 1749 βλέπων,
798 1712 837 1744 ὡς
866 1711 963 1746 testu,
991 1710 1036 1739 καὶ
1062 1712 1099 1742 ὡς
1125 1709 1211 1747 ἔταξεν
1247 1710 1260 1738 ὁ
1286 1709 1351 1741 Θεύς
1369 1719 1375 1725 ·
1404 1710 1441 1746 μή
1470 1709 1591 1747 βλέπων,
1623 1709 1660 1740 ὡς
1694 1709 1911 1748 πραγματεύεται

208 1754 222 1781 ὸ
238 1754 434 1791 ἀντικιίμενος.

243 1809 357 1836 25.Jam
373 1817 440 1836 vero
453 1809 542 1837 alium
560 1809 689 1845 aliquem
714 1812 890 1846 procedendi
915 1812 1032 1840 modum

1127 1810 1175 1837 κε“.
1192 1809 1243 1836 Καὶ
1271 1809 1325 1845 μὴν
1349 1807 1461 1836 ἐνταῦθα
1483 1808 1527 1835 καὶ
1554 1807 1627 1843 ἄλλη
1656 1806 1816 1845 μεθόδευσις
1847 1807 1915 1846 εὗρες

208 1853 430 1889 lnvestigemus.
456 1855 640 1889 Proponatur
660 1855 821 1890 jejunatori
837 1865 910 1893 opus
926 1856 1036 1892 aliquid

211 1897 337 1924 arduum
354 1897 431 1933 quod
445 1897 480 1925 ad
498 1897 678 1927 intellectum
691 1902 741 1928 aut
755 1908 865 1928 meram
875 1901 963 1929 vitam
975 1909 1038 1937 per-

210 1940 312 1974 tineat,
326 1941 403 1976 quod
420 1941 539 1977 quidem
555 1943 637 1978 puris
653 1944 746 1972 oculis
761 1944 876 1981 lustret,
886 1948 919 1973 ut
934 1948 1039 1973 natura

211 1984 286 2020 vult,
300 1988 327 2013 et
343 1994 358 2013 a
375 1986 485 2015 caeteris
500 1988 678 2023 spectaculis
704 1997 735 2017 se
764 1992 893 2024 avertat;
922 1999 956 2018 ex
985 1991 1039 2019 hoc

211 2030 289 2058 enim
305 2031 409 2059 oculus
423 2031 458 2059 ad
475 2031 503 2059 id
520 2033 597 2068 quod
614 2034 691 2062 dicet
708 2035 894 2063 convertitur.
911 2035 970 2063 Hac
985 2035 1039 2071 igi-

209 2076 259 2103 tur
274 2075 384 2104 ratione
400 2076 479 2104 visus
495 2077 549 2105 rite
561 2079 749 2114 componitur
763 2082 792 2108 et
807 2089 959 2116 nunquam
973 2089 1040 2116 pec-

211 2122 275 2155 cat;
292 2123 321 2148 et
335 2121 396 2150 hac
412 2123 456 2150 est
471 2130 539 2150 vera
555 2123 629 2151 ratio
644 2132 690 2152 res
706 2124 856 2153 naturales
871 2124 1039 2153 contuendi.

212 2165 285 2193 Hinc
301 2174 428 2202 quoque,
446 2168 478 2194 ut
494 2175 511 2194 a
523 2168 635 2195 ceteris
659 2169 868 2197 ubstrahamus
896 2170 1038 2204 animum,

213 2209 352 2238 olfactum
369 2211 477 2246 pariter
491 2211 653 2247 dirigemus
661 2213 764 2241 odores
777 2214 926 2249 jucundos
936 2223 1040 2242 suave-

215 2254 363 2282 olentibus
383 2255 463 2283 verbi
479 2255 603 2284 cmlestis
617 2258 758 2292 apostolis
786 2258 981 2292 attribuendo,
1013 2262 1042 2286 et

216 2307 342 2334 quorum
353 2299 476 2327 odorum
489 2301 660 2336 praeparatio
673 2301 792 2338 longum
802 2302 1040 2338 exigitstudium,

218 2343 294 2379 quod
310 2343 427 2378 quidem
444 2344 502 2372 alio
517 2347 648 2381 tempore
675 2346 809 2375 fecimus.
842 2348 897 2375 Sed
926 2348 1041 2376 auditui

218 2395 333 2422 quoque
348 2387 552 2416 rectitudinem
567 2389 699 2422 dabit,ut
715 2390 776 2418 vult
790 2394 866 2419 Deus
878 2392 927 2427 qui
940 2401 1041 2420 aurem

217 2431 384 2466 plasmavit,
399 2432 494 2460 almus
510 2434 652 2467 conditor,
669 2435 718 2470 qui
735 2436 834 2464 omnia
846 2445 910 2471 qua
926 2437 1041 2464 aurium

217 2475 345 2503 castitati
360 2477 461 2504 nociva
475 2480 554 2513 sunt,
571 2478 712 2514 expellere
726 2479 796 2515 vult,
819 2482 848 2508 et
876 2481 925 2516 qui
955 2489 1041 2509 omne

215 2519 419 2556 vaniloquium
436 2522 599 2550 detestatur
614 2531 671 2559 quo
688 2524 868 2560 protolastus
883 2525 970 2553 homo
986 2528 1037 2553 Pa-

213 2565 358 2601 radisum,
375 2566 404 2593 id
420 2569 464 2594 est
480 2567 615 2602 patriam,
630 2569 711 2597 exsul
728 2569 893 2605 relinquere
921 2574 1040 2599 coactus

213 2613 267 2638 est.
283 2610 364 2638 Idem
379 2610 469 2638 etiam
485 2614 605 2647 gustum
622 2614 781 2650 ordinabit,
797 2623 833 2642 ne
848 2623 890 2649 eo,
909 2624 966 2651 quo
997 2616 1040 2642 las

213 2663 271 2683 non
288 2657 341 2689 est,
361 2655 470 2689 tendat,
487 2659 515 2683 et
530 2656 573 2685 sic
589 2659 806 2687 contaminatus
823 2659 873 2687 Dei
891 2659 1040 2694 justitiam

212 2700 388 2729 annuntiare
413 2700 475 2735 jam
492 2709 550 2729 non
572 2702 678 2738 dignus
707 2703 754 2737 sit,
784 2706 884 2740 utpote
910 2703 1040 2731 humidis

213 2745 386 2781 corporibus
412 2747 441 2773 et
454 2745 534 2774 vitiis
545 2746 650 2774 animae
666 2747 694 2775 in
712 2749 870 2784 perniciem
891 2748 1037 2783 delapsus.

215 2788 262 2816 Sic
291 2789 316 2817 is
345 2797 459 2825 quoque
487 2790 536 2825 qui
562 2790 592 2818 in
607 2791 707 2820 exsilio
724 2793 804 2829 degit
818 2792 1040 2822 condemnatio-

218 2840 285 2860 nem
301 2835 423 2870 spernit,
440 2842 529 2870 quam
544 2834 689 2871 diabolus,
704 2837 774 2867 hine
797 2846 905 2868 nomen
935 2840 1040 2867 nactus

1090 1855 1148 1883 “Itur
1176 1853 1374 1892 Προτειθείσθω
1402 1856 1442 1890 τῷ
1469 1853 1626 1888 νηστεύοντι
1663 1850 1742 1890 ἔργον
1756 1851 1913 1887 σπουδαῖον,

1093 1898 1146 1927 εἴτε
1160 1899 1315 1935 καταμόνας
1339 1897 1504 1935 ἐλλόγιμον,
1529 1896 1582 1925 ιῖίτε
1596 1897 1642 1924 καὶ
1657 1896 1752 1929 ἄλλως
1769 1898 1914 1934 βιώσιμον,

1093 1944 1136 1971 καὶ
1151 1942 1278 1982 ἀφοράτω
1309 1943 1347 1974 εἷς
1376 1942 1548 1979 ἐκεῖνοεμετὰ
1574 1940 1736 1980 βλέμματος
1761 1944 1914 1981 θεοφιλοῦς,

1094 1989 1132 2019 ὡς
1147 1989 1164 2022 ἡ
1188 1987 1266 2026 φύσις
1289 1986 1381 2025 ὥρισε,
1404 1986 1504 2018 παντὸς
1529 1985 1558 2014 δὲ
1581 1984 1680 2014 λοιποῦ
1708 1985 1845 2023 θεάματος
1860 1986 1915 2025 ἀφι-

1095 2032 1199 2060 στάσθω
1215 2043 1220 2049 ·
1237 2031 1283 2060 καὶ
1307 2031 1379 2059 οὕτω
1405 2031 1560 2070 ρυθμίζοιτ¹
1585 2030 1614 2058 ἃν
1641 2031 1655 2058 ὁ
1672 2029 1817 2070 ὀφθαλμὸς
1833 2030 1873 2062 εἷς
1887 2031 1916 2058 τὰ

1095 2076 1199 2106 δέοντα.
1228 2075 1357 2104 Τοιοῦτον
1381 2077 1398 2111 ἡ
1428 2076 1498 2103 κατὰ
1524 2076 1574 2110 τὴν
1596 2074 1688 2113 ὅρασιν
1722 2075 1809 2113 ἀγαθή
1840 2076 1916 2112 μεθο-

1096 2121 1154 2150 δεία
1170 2131 1176 2138 ·
1195 2122 1266 2149 οὕτω
1282 2120 1448 2149 συντελεῖται
1468 2121 1498 2149 τὸ
1515 2121 1573 2148 κατ’
1598 2120 1682 2155 αὐτῆν
1703 2119 1895 2158 ἀναμάρτητον
1910 2129 1915 2135 ·

1095 2169 1174 2195 τοῦτο
1204 2167 1253 2201 τὴν
1283 2166 1455 2204 θεωρητικὴν
1483 2165 1581 2202 ἀρετὴν
1610 2166 1651 2200 τῷ
1678 2165 1739 2196 καθ’
1767 2165 1842 2200 ἡμᾶς
1871 2164 1917 2201 βίῳ

1095 2212 1303 2250 παρεισήγαγεν.
1326 2211 1462 2242 Ἐντεῦθεν
1477 2208 1516 2246 δὲ,
1533 2208 1580 2236 ἵνα
1608 2209 1645 2245 μὴ
1666 2209 1710 2236 καὶ
1735 2210 1795 2239 τοῖς
1811 2207 1917 2238 λοιποῖς

1096 2256 1225 2287 ὡσαύτως
1250 2255 1448 2292 ἐπεξέλθωμεν,
1471 2254 1516 2281 καὶ
1541 2254 1590 2288 τὴν
1615 2253 1748 2292 ὄσφρησιν
1772 2251 1918 2290 διορθώσε-

1094 2299 1139 2327 ταί
1167 2311 1219 2336 τις,
1258 2299 1397 2336 είσκρίνων
1436 2296 1549 2328 εὐωδίας
1586 2296 1751 2334 ἀρεσκούσας
1784 2299 1844 2327 τοῖς
1872 2298 1916 2323 τοῦ

1095 2344 1257 2383 ἐπουρανίου
1296 2343 1391 2381 λόγου,
1430 2344 1560 2379 μυρεψοῖς
1594 2340 1771 2375 ἀποστόλοις,
1807 2340 1840 2371 ἇς
1862 2339 1916 2376 ἄρτι

1097 2388 1276 2424 διασκευάζειν
1300 2388 1383 2426 λόγου
1406 2389 1510 2425 μακροῦ
1529 2385 1610 2424 χρεία
1634 2385 1688 2422 (καὶ
1711 2383 1806 2416 ἄλλως
1831 2383 1861 2412 δὲ
1882 2384 1915 2415 εἰς

1096 2434 1160 2461 αὐτὸ
1176 2431 1266 2471 ἔτερος
1282 2434 1355 2468 ἡμᾶς
1369 2432 1465 2469 καιρὸς
1480 2431 1667 2468 ἀπισχόλησε)
1684 2440 1690 2446 ·
1707 2429 1751 2457 καὶ
1767 2430 1818 2463 τὴν
1836 2429 1915 2463 ἀκοήν

1097 2477 1126 2506 δὲ
1153 2478 1318 2513 καταρτίσει,
1335 2478 1371 2506 ὡς
1397 2476 1472 2515 φιλεῖ
1493 2476 1570 2509 Θεὸς,
1596 2476 1609 2502 ὁ
1626 2474 1758 2513 φυτεύσας
1769 2474 1801 2502 τὸ
1818 2473 1865 2505 οὖς
1882 2483 1888 2489 ⁵
1904 2475 1915 2501 ό

1096 2523 1194 2560 ἀγαθὸς
1224 2522 1387 2562 φυτουργὸς,
1413 2521 1442 2552 ὃς
1468 2520 1513 2548 καὶ
1535 2521 1569 2548 τὰ.
1597 2519 1682 2548 λοιπὰ
1708 2519 1754 2555 μὲν
1782 2517 1916 2556 βλαπτικὰ

1093 2571 1144 2602 τῆς
1159 2568 1244 2600 ἀκοῆς
1273 2567 1380 2602 ἐξωθεῖν
1406 2564 1564 2602 ἀκούσματα
1593 2564 1731 2602 βούλεται,
1747 2562 1791 2590 καὶ
1807 2563 1857 2596 τήν
1873 2562 1916 2599 ψί-

1096 2618 1174 2651 θυρον
1192 2611 1221 2640 δὲ
1236 2613 1272 2643 ὡς
1303 2610 1420 2648 μάλιστα
1447 2608 1633 2649 φαυλολογίαν
1653 2607 1820 2646 ἐκκρούεται,
1837 2606 1872 2634 δι’
1885 2607 1916 2641 ἧς

1096 2658 1109 2684 ὁ
1125 2658 1274 2696 προπάτωρ
1290 2657 1339 2691 τὴς
1360 2655 1427 2682 κατὰ
1451 2654 1497 2682 τὸν
1524 2653 1684 2692 παράδεισον
1706 2650 1836 2690 πατρίδος
1851 2651 1915 2688 ἐξώ-

1096 2712 1197 2740 ριστος.
1222 2700 1416 2738 ’Κατακεράσει
1444 2698 1473 2726 δὲ
1506 2698 1611 2730 πάντως
1648 2699 1662 2725 ὁ
1691 2697 1771 2729 αὐτὸς
1793 2696 1839 2724 καὶ
1867 2696 1913 2730 τὴν

1094 2739 1184 2784 γεῦσιν
1201 2746 1239 2778 εἷς
1268 2745 1424 2783 ἀπρόσιτον,
1450 2743 1497 2772 τίνα
1522 2745 1560 2781 μὴ
1591 2743 1741 2782 καταρῥυῇ,
1764 2741 1834 2780 πρὸς
1848 2739 1912 2778 ἅπερ

1095 2791 1170 2819 οὐδὲν
1185 2791 1251 2827 ἐστι,
1280 2790 1325 2818 καὶ
1351 2790 1422 2817 οὕτω
1451 2790 1598 2827 χρανθεῖσα
1624 2789 1733 2828 γενηται
1762 2785 1853 2821 ἀναξία
1867 2786 1912 2813 τοῦ

1094 2835 1277 2875 ἐκδιηγεῖσθαι
1302 2836 1369 2864 Θεοῦ
1393 2833 1574 2872 δικαιώματα,
1600 2834 1739 2872 μιανθεῖσα
1766 2830 1820 2869 οὐχ
1844 2829 1912 2858 οὕτω
