2030 3167
140 195 200 225 697

640 198 680 228 IN
703 198 734 229 S.
757 198 1099 234 QUADRAGESIMAM
1123 197 1267 229 ORATIO
1290 198 1342 227 ιν.

1785 197 1845 228 698

141 269 199 290 τοις
215 260 454 298 σωματικωτέροις
478 262 523 289 καὶ
551 261 696 300 ἑγχύμοις,
720 263 782 290 ὅσον
809 265 866 293 τοῖς
898 263 963 290 ἀσω-

1022 263 1050 290 in
1068 271 1133 291 eum
1151 262 1286 291 contulit.
1312 262 1544 290 Sanctificabunt
1566 270 1633 289 vero
1648 270 1712 290 eam
1728 270 1845 299 quoque

144 303 239 340 μάτοις
254 303 435 343 φαυλότησιν·
467 305 548 332 ὁποία
567 305 611 332 καὶ
635 306 652 340 ἡ
668 309 718 340 τῆς
742 304 885 341 διαϐολῆς,
902 307 932 341 ἢν
950 307 963 333 ὁ

141 347 301 380 ἐνδιαθέτως
325 349 431 387 φεύγων
457 350 602 387 ἡγίασται,
634 350 793 378 καταπτύων
815 350 908 386 αὐτῆς,
939 350 963 378 εἴ

141 404 172 430 γε
187 393 258 420 οὕτω
272 393 371 429 ταύτην
399 394 555 430 ᾠκειώσατο
584 393 703 431 φιλήσας
728 395 742 422 ὁ
771 395 961 431 ἀντικείμενος.

142 438 180 468 ὡς
206 437 250 466 καὶ
284 438 329 465 ἀπ’
366 438 449 473 αὐτῆς
487 442 708 477 παρωνυμεῖσθαι
747 439 784 470 εἰς
822 438 961 469 διάϐολον.

140 482 298 520 Ἃγιασουσι
326 481 355 510 δὲ
382 482 465 517 αὐτὴν
493 483 535 510 καὶ
567 482 638 520 μέλη
671 484 738 518 θεῖα,
775 483 872 512 ἐκεῖθεν
902 484 962 520 ἐξη-

1019 308 1116 335 divina
1131 308 1339 343 carmina,quw
1355 306 1525 334 solemniter
1544 308 1661 334 cantata
1675 307 1843 335 auditorum

1019 353 1133 380 animos
1148 352 1316 380 demulcent
1331 354 1359 379 et
1372 351 1469 386 ipsum
1487 353 1635 378 cautorem
1647 350 1802 386 delectant,
1815 354 1844 380 et

1018 398 1067 433 qui
1083 400 1201 424 cantum
1217 397 1252 424 ad
1268 404 1409 432 magnum
1434 395 1570 423 Davidem
1587 396 1683 423 refert.
1700 396 1753 423 Sed
1771 396 1845 424 bona

1018 450 1134 478 quoque
1149 441 1293 474 doctrina,
1318 449 1381 476 quas
1410 440 1478 468 inde
1503 440 1636 476 emergit,
1667 440 1697 467 in
1713 440 1841 468 similem

1018 486 1279 514 sanctiﬁcationem
1296 485 1415 513 desinit.

140 527 274 565 χούμενα,
291 527 336 555 καὶ
349 527 412 558 τοὺς
424 528 616 566 ἀκροωμένους
633 528 776 566 θέλγοντα,
802 529 857 567 οὐχ
872 528 970 564 ἥκιστα
986 529 1014 558 δὲ
1029 531 1072 558 καὶ
1087 531 1137 564 τὴν
1162 530 1244 557 αὐτοῦ
1260 529 1362 557 ἐκείνου
1377 529 1469 566 ψυχὴν
1485 530 1534 555 τοῦ
1554 528 1720 565 ψάλλοντος,
1745 529 1787 555 καὶ
1804 531 1843 564 τῷ

143 570 257 608 μεγάλῳ
273 571 355 599 Δαυῗδ
369 572 418 606 τὴν
434 571 523 607 καλὴν
539 571 634 607 ἀοιδὴν
654 570 938 610 συναναϐαλλομὲνου.
955 574 1004 603 Καὶ
1021 574 1180 602 διδασκαλία
1196 573 1224 601 δὲ
1239 574 1326 612 ἀγαθή
1343 573 1442 601 ἐκεῖθεν
1459 572 1636 607 ἐκκόπτουσα,
1653 573 1690 604 εἷς
1711 573 1842 611 ἀγιασμὸν

141 615 237 652 ὅμοιον
253 615 429 652 ἀποτελευτᾷ.

176 669 226 701 κς’.
242 670 318 698 Ἐστι
344 668 373 697 δὲ
400 669 484 697 καλὸν
511 671 647 707 στόματος
676 670 752 710 ἔργον
779 671 824 699 καὶ
852 673 869 707 ἡ
895 672 963 700 ἐκεῖ-

142 719 184 745 θεν
201 713 312 752 εὐλογίη
337 715 381 742 καὶ
412 715 443 742 τὸ
458 712 650 754 ἀϐλάσφημον.
672 715 718 747 Εἷς
735 717 765 743 τὸ
779 716 898 744 καθόλου
913 717 963 755 γὰρ

141 756 316 795 ἀναδραμεῖν,
342 758 455 797 ὀργάνου
479 759 578 790 παντὸς
603 760 705 797 ἀγαθοῦ
734 761 842 799 ἀγαθὸς,
873 761 962 800 ὥσπερ

142 802 156 829 ὁ
172 803 293 840 εὑρετὴς,
321 802 394 830 οὕτω
416 804 460 831 καὶ
478 804 491 831 ὁ
518 804 629 840 σκοπὸς,
646 805 668 832 εἱ
684 805 728 832 καὶ
745 804 836 844 φαύλη
853 807 963 844 μοχθη-

142 846 186 884 ρία
213 848 310 884 ψυχῶν
337 847 447 885 ἀχρειοῑ
474 847 563 876 ἐκεῖνα
592 850 817 887 παραχρωμὲνη,
855 850 892 881 ὡς
924 853 961 886 μή

143 891 239 929 ἰχρῆν.
262 891 366 920 Οὐκοῦν
389 891 433 920 καί
455 893 486 920 τὸ
509 895 558 920 τοῦ
580 892 689 930 βλέπειν
707 892 830 932 ὄργανον,
859 895 902 922 καὶ
931 895 962 922 τὸ

141 937 200 963 κατ’
227 934 371 974 ὄσφρησιν,
400 938 444 964 καὶ
470 937 485 964 8
510 936 538 965 δὶ
565 939 697 976 ὑπουργεῖ
724 941 782 969 τοῖς
799 939 961 975 ἀκούσμασι,

1053 675 1098 701 26.
1117 674 1274 702 Pulchrum
1305 681 1391 709 porro
1419 672 1478 700 oris
1509 680 1582 708 opus
1612 673 1657 699 est
1671 671 1800 699 laudatio
1815 674 1844 700 et

1018 719 1110 746 oratio
1126 717 1466 746 benevola.[nstrumenti
1484 717 1561 744 enim
1574 716 1680 752 egregii
1698 718 1727 743 et
1741 716 1842 743 inven-

1018 766 1064 791 tor
1079 766 1105 791 et
1122 771 1228 799 scopus
1243 763 1339 790 bonus
1355 765 1410 795 est,
1426 761 1492 788 licet
1507 761 1597 788 animi
1613 769 1695 788 error
1709 768 1759 796 per
1770 761 1841 788 abu-

1018 816 1084 835 sum
1099 810 1246 843 operatur.
1262 807 1307 834 Sic
1323 814 1439 842 quoque
1454 805 1582 837 videndi,
1599 805 1739 832 odorandi
1755 807 1842 840 atque

1017 852 1155 880 audiendi
1164 852 1363 888 gustandique
1370 858 1479 886 organa
1486 858 1551 886 quae
1562 849 1681 877 vocibus
1689 850 1842 885 pateﬁunt,

1017 905 1034 924 a
1049 897 1174 933 benigno
1205 899 1334 924 creatore
1364 895 1502 931 praeclara
1526 897 1587 922 arte
1602 895 1745 922 instructa
1761 895 1841 921 sunt.

1017 941 1110 973 Quare
1124 941 1174 977 qui
1189 941 1226 968 iis
1255 940 1346 968 utitur
1370 940 1406 967 ad
1437 940 1544 967 bonum
1561 939 1650 966 tinem
1679 939 1842 966 secundum

141 981 186 1008 καὶ
201 981 232 1008 τὸ
249 981 287 1012 εἷς
299 983 400 1018 γεῦσιν,
430 982 444 1008 ὃ
473 982 518 1009 καὶ
547 981 586 1013 εἱς
609 982 707 1010 λαλιὰν
735 983 912 1011 ἀποτέτακται
929 1000 963 1005 -—

1021 989 1127 1013 natura:
1158 985 1373 1021 praescriptum,
1398 993 1455 1012 non
1485 983 1671 1019 reprehendit
1694 985 1841 1018 naturam,

142 1025 224 1063 σοφός
238 1035 268 1052 τε
282 1025 326 1052 καὶ
341 1025 441 1062 ἀγαθὸς
460 1026 474 1052 ὁ
488 1027 617 1061 ποιήσας,
637 1026 681 1054 καὶ
708 1027 774 1054 αὐτὰ
789 1027 848 1055 λίαν
872 1027 963 1060 καλῶς

1021 1031 1068 1057 sed
1087 1030 1228 1058 artificem
1245 1032 1274 1057 et
1298 1032 1446 1057 auctorem
1475 1028 1610 1061 honorat,
1627 1029 1656 1055 et
1671 1027 1733 1063 ipse
1748 1027 1843 1055 bonus

142 1068 183 1096 ἐπ’
199 1070 290 1106 ἀγαθῷ
306 1069 476 1104 πεποίηνται.
503 1070 554 1098 Καὶ
581 1071 681 1105 τοίνυν,
698 1071 727 1102 ὃς
755 1072 801 1107 μὲν
829 1072 895 1099 αὐτὰ
919 1083 963 1100 πε-

143 1115 287 1151 ριποιεῖται
305 1116 398 1150 σκοπῷ
426 1113 569 1152 κρείττονι⁷
599 1115 666 1153 πρὸς
690 1116 719 1142 ὃν
748 1117 765 1150 ἡ
791 1117 868 1155 φύσις
897 1117 963 1144 αὐτὰ

141 1156 313 1189 κελευσθεῖςα
352 1160 523 1196 κατήρτισεν,
561 1158 623 1187 οὔτε
656 1161 705 1195 τήν
737 1159 814 1199 φύσιν
841 1160 960 1199 ἐλέγχει,

1018 1083 1170 1110 operarius
1186 1082 1250 1102 esse
1265 1074 1403 1101 creditur.
1420 1073 1474 1105 Qui
1489 1075 1591 1100 contra
1605 1072 1686 1104 facit,
1701 1071 1843 1099 daemonis

1017 1119 1065 1154 qui
1082 1119 1138 1146 ista
1153 1119 1182 1146 in
1199 1118 1310 1146 malum
1326 1117 1479 1150 convertit,
1495 1125 1525 1145 se
1541 1116 1695 1149 assimilat,
1711 1118 1740 1144 et
1755 1116 1842 1143 mini-

1017 1172 1064 1191 me
1079 1166 1124 1191 est
1139 1164 1232 1191 bonus
1247 1162 1441 1196 Christianus,
1459 1169 1475 1189 o
1489 1161 1613 1197 benigne
1628 1159 1768 1188 Domine!

141 1201 185 1229 καὶ
212 1202 257 1229 τὸν
288 1201 531 1241 δημιουργήσαντοι
555 1203 583 1232 δὲ
595 1204 724 1242 τεχνίτην
751 1208 819 1242 τιμᾷ
835 1229 842 1240 ,
869 1207 915 1233 καὶ
943 1206 1024 1238 αὐτὸς
1047 1207 1146 1245 ἀγαθὸς
1173 1206 1288 1244 ἐργάτης
1314 1205 1456 1244 κρίνεται·
1486 1206 1500 1232 ὁ
1527 1204 1556 1232 δὲ
1587 1205 1624 1242 μὴ
1653 1204 1723 1231 οὕτω
1753 1203 1840 1231 διατε-

142 1246 265 1282 Θειμένος
294 1249 333 1284 τῷ
360 1248 409 1282 τὴν
431 1248 604 1286 παράχρησιν
633 1250 826 1286 τεκτηναμᾶνῳ
866 1249 976 1287 δαίμονι
1002 1251 1147 1287 ᾠκείωται,
1175 1251 1189 1278 ὂ
1220 1249 1316 1287 μηδεὶς
1343 1250 1440 1287 ἀγαθὸς
1463 1250 1634 1288 Χριστιανὸς,
1666 1247 1842 1288 φιλάνθρωπε

142 1290 232 1328 Κύριε.

176 1336 225 1370 κζ’,
242 1336 293 1364 Καὶ
317 1339 397 1364 τοῦτο
423 1338 470 1374 μὲν
496 1337 582 1369 οὕτως
613 1339 681 1375 ἡμῖν
708 1338 734 1366 ἐν
764 1338 832 1376 εὐχῇ
863 1340 892 1366 ὅν
921 1338 962 1374 εἷίη

142 1379 274 1408 ἐπιτελῶν
292 1382 309 1417 ῇ
325 1383 378 1410 τῶν
396 1380 508 1410 δικαίων
525 1383 613 1420 ιύγῶν
630 1383 705 1414 Θεός.
734 1385 795 1411 Τῶν
811 1383 839 1411 δὲ
863 1394 894 1421 γε
908 1394 965 1411 τεσ-

142 1425 231 1461 σάρων
260 1425 465 1464 αἰσθητηρίων,
491 1429 539 1454 τοῦ
569 1428 654 1466 ὁρᾷν,
682 1430 731 1455 τοῦ
764 1428 963 1467 ὀσφραίνεσθαι,

141 1470 182 1497 ναὶ
198 1470 251 1506 μὴν
266 1470 350 1505 ἀκοῆς
365 1472 408 1498 καὶ
425 1471 551 1510 γεύσεως,
582 1472 665 1508 ὁμοίᾳ
694 1471 783 1511 ἐφόδῳ
807 1472 964 1509 τετελεσμέ-

141 1524 195 1541 νων
226 1513 264 1546 εἷ¹ς
289 1515 399 1550 ἀρετ-ὴν,
423 1516 491 1543 καθὰ
517 1515 699 1554 προέκκειται,
732 1517 783 1544 ὑπὸ
798 1520 875 1551 Θεοῦ,
905 1517 964 1556 ἐφέ-

142 1559 221 1595 ψιται
236 1559 281 1586 καὶ
294 1561 311 1594 ἡ
328 1563 377 1594 τῆς
394 1560 464 1598 ἁφῆς
481 1559 634 1598 διόρθωσις,
650 1563 698 1588 τοῦ
723 1561 748 1588 ἐν
779 1563 846 1598 ἡμῖν
876 1560 966 1599 δυσέρ-

141 1613 193 1640 γου
231 1603 400 1641 πράγματος,
438 1607 486 1632 τοῧ
524 1603 804 1640 δυσκαταπαλαίστου,
831 1608 880 1633 τοῦ
907 1607 967 1633 καθ’

1053 1341 1098 1368 27.
1115 1341 1232 1369 Utinam
1248 1349 1314 1369 vero
1344 1343 1430 1374 Deus,
1453 1340 1503 1376 qui
1533 1340 1664 1367 animum
1696 1340 1731 1367 ad
1745 1339 1843 1374 justas

1018 1394 1118 1421 preces
1143 1385 1277 1419 attendit,
1295 1385 1379 1413 nobis
1406 1385 1463 1412 ista
1487 1385 1677 1420 precantibus
1693 1384 1731 1412 sit
1746 1383 1842 1419 propi-

1019 1429 1096 1458 tius!
1114 1430 1156 1457 Ad
1172 1432 1298 1465 quatuor
1313 1432 1411 1457 autem
1423 1427 1843 1463 senseus,videndi,odorandi,

1019 1473 1155 1501 audiendi
1173 1476 1261 1509 atque
1289 1474 1426 1509 gustandi
1454 1474 1516 1508 qui,
1532 1473 1645 1501 volente
1670 1473 1728 1500 Deo
1744 1481 1845 1500 omnes

1020 1519 1053 1546 ad
1071 1519 1207 1545 virtutem
1223 1518 1358 1553 tendunt,
1374 1518 1513 1554 tangendi
1528 1525 1646 1553 quoque
1661 1517 1782 1553 quintus
1798 1525 1844 1543 ac-

1021 1563 1112 1597 cedet,
1129 1563 1164 1590 ad
1182 1571 1256 1598 opus
1272 1562 1390 1590 difﬁcile
1406 1564 1434 1589 et
1457 1570 1508 1597 per
1523 1564 1616 1589 totum
1642 1569 1747 1596 corpus
1761 1561 1845 1588 diffu-

1021 1615 1086 1635 sum
1099 1607 1298 1643 peragendum
1312 1615 1320 1640 ;
1331 1607 1408 1642 quod
1421 1606 1539 1641 quidem
1551 1605 1699 1641 aliquibus
1710 1613 1761 1640 per
1771 1605 1844 1631 duos

143 1646 210 1674 ὅλον
249 1650 329 1684 σῶμα
366 1648 601 1686 πεπλατυσμένου,
641 1652 690 1677 τοῦ
728 1649 963 1688 πολυσπερὲος·’ὀ

185 1691 251 1699 μ-
314 1692 414 1699 ...η
474 1693 641 1699 ...._-
701 1694 720 1699 ..
790 1694 801 1699 ..

1023 1651 1142 1687 digitos,
1159 1651 1289 1678 medium
1309 1653 1337 1679 et
1366 1651 1504 1683 indicem,
1531 1649 1733 1677 circumscribi
1760 1657 1846 1684 posse

142 1691 266 1723 πολλοῖς
294 1693 341 1729 μὲν
371 1692 444 1730 δόξοι
473 1694 502 1721 ἃν
524 1693 598 1722 δυοῖν
628 1693 770 1722 δακτύλοιν
786 1694 876 1732 ἄκρως
891 1705 967 1733 περι-

142 1737 305 1775 γεγράφθαι,
327 1740 367 1773 τῷ
393 1748 423 1765 τε
453 1738 526 1775 μέσῳ
554 1738 598 1766 καὶ
622 1738 663 1775 τῷ
686 1741 792 1777 Λιχανῷ
818 1738 862 1767 διὰ
876 1740 907 1767 τὸ
921 1739 968 1767 αύ-

141 1783 204 1812 τοῖς
234 1779 355 1819 ἀκριϐῶς
367 1784 535 1820 γνωμονικὸν
551 1785 604 1810 τῶν
628 1783 695 1811 κατὰ
723 1784 876 1823 σφυγμοὺς,
901 1784 968 1820 ἀλη-

141 1827 199 1857 θῶς
227 1824 256 1852 δὲ
284 1826 352 1853 κατὰ
380 1826 442 1858 τοὺς
479 1825 696 1864 ἐπιϐεϐληκότας
733 1828 886 1866 σοφώτατα,
916 1828 967 1866 ὅλῃ

139 1868 283 1906 συνδιήκει
322 1873 355 1908 τῇ
396 1871 505 1907 πλάσει,
549 1873 586 1904 ὡς
623 1873 678 1900 οἷον
715 1873 965 1911 ἐγκατεσπαρμένον

137 1913 222 1951 αὐτῇ.
250 1915 348 1954 Διόπερ
369 1915 426 1944 οὐδ’
453 1917 539 1945 αύτῶν
564 1919 617 1945 τῶν
645 1918 844 1956 ὑπερκειμένων
874 1918 968 1955 αἰσθή-

136 1968 210 1986 σεων
240 1959 355 1996 οὐδεμία
380 1961 479 1997 ταύτην
510 1960 716 2001 διεκπὲφευγεν,
746 1961 770 1989 εἴ
794 1962 839 1990 καὶ
865 1962 965 2001 τρόπος

139 2003 170 2031 ἐν
188 2003 280 2036 αὐτοῖς
295 2004 414 2042 ἑτεροῖος
430 2009 479 2041 τῆς
506 2007 566 2033 καθ’
596 2007 711 2041 ἑκάστην
741 2006 848 2044 ἐπαφῆς
873 2007 967 2035 τεθεώ-

141 2058 235 2086 ρηται,
252 2049 361 2088 ἀπαφής
379 2051 438 2086 μὲν,
464 2051 539 2086 ὅμως
566 2049 594 2077 Si
613 2051 717 2078 πίπτων
736 2051 787 2078 ὑπὸ
810 2051 964 2089 συγγένειαν

139 2094 270 2129 ἀπτικήν.
300 2094 348 2122 Καὶ
374 2092 429 2122 ἔστι
453 2095 497 2122 καὶ
523 2096 540 2129 ἡ
567 2095 620 2133 ἁφὴ
643 2095 724 2122 κακὸν
740 2094 810 2122 ἄλλο
838 2094 965 2133 ἐργῶδες,

139 2137 167 2164 εἷ’
191 2139 229 2175 μή
261 2149 301 2169 τις
330 2138 375 2166 καὶ
404 2139 454 2173 τήν
491 2139 575 2174 αὒτῆς
601 2142 701 2176 χρῆσιν
732 2139 808 2175 φύσει
835 2138 967 2176 διακρινεῖ

138 2182 210 2220 πρὸς
224 2183 307 2220 νόμον
324 2185 400 2212 Θεοῦ.
418 2183 593 2221 Συλλήψεται
618 2183 646 2211 δὶ
673 2185 740 2220 ἡμῖν
767 2183 805 2215 εἷς
831 2183 966 2221 ὀρθότητα

138 2226 270 2262 τοιαύτης
295 2227 453 2267 διακρίσεως
476 2229 493 2263 ἡ
516 2229 625 2266 θεωρία,
655 2229 687 2264 ἣν
717 2228 964 2266 προανεταξάμεθα.

138 2271 173 2300 ⁸Η
188 2271 238 2309 γὰρ
268 2273 336 2300 κατὰ
359 2273 435 2313 φύσιν
459 2273 484 2301 ἐν
501 2275 569 2310 ἡμῖν
585 2273 736 2312 ἀκρόπολις
750 2273 857 2312 ἐχυρως
882 2273 964 2312 ἐσφα-

140 2314 279 2353 λισμένη,
308 2318 377 2350 καθὰ
414 2317 585 2354 δεδίὸακται,
622 2319 830 2357 περιποιήσεται
859 2318 903 2346 καὶ
931 2318 965 2346 τὰ

1024 1696 1147 1723 credunt
1169 1698 1288 1732 propter
1312 1695 1495 1731 pulsationes
1522 1693 1724 1731 gnomonicas,
1747 1693 1846 1721 verius

1023 1742 1133 1774 autem,
1150 1742 1268 1776 propter
1291 1739 1538 1768 constructionem
1564 1737 1782 1774 primordialem
1800 1746 1845 1765 sa-

1023 1784 1136 1820 pienter
1163 1786 1337 1820 coeptatam.
1369 1784 1435 1811 Ideo
1465 1783 1545 1811 nulla
1571 1782 1783 1817 sensationum,
1809 1782 1845 1809 de

1023 1829 1131 1864 quibus
1147 1830 1273 1865 agimus,
1297 1828 1378 1856 illam
1393 1828 1520 1864 eti'ngere
1542 1827 1656 1864 poterit,
1669 1828 1723 1855 etsi
1740 1828 1845 1854 modus

1022 1873 1135 1901 alienus
1151 1873 1228 1901 circa
1243 1875 1375 1900 mutuam
1387 1872 1645 1901 contrectationem
1658 1871 1687 1899 in
1699 1872 1736 1899 iis
1747 1872 1845 1899 obser-

1021 1918 1205 1954 vetur,fal1ax
1217 1918 1403 1954 quidem,sed
1419 1918 1470 1954 qui
1482 1917 1511 1944 in
1527 1917 1701 1945 afﬁnitatem
1713 1918 1842 1944 contrec-

1020 1963 1140 1991 tabilem
1156 1963 1300 1990 cadit.Sed
1313 1964 1341 1990 et
1352 1964 1447 1991 tactus
1459 1963 1487 1990 in
1505 1965 1615 1990 malum
1627 1961 1744 1997 aliquod
1758 1960 1844 1988 verti-

1020 2007 1139 2042 tur,nisi
1155 2007 1218 2042 ejus
1235 2015 1322 2035 usum
1339 2007 1374 2034 ad
1390 2007 1518 2034 divinam
1533 2006 1626 2042 legem
1642 2006 1844 2033 accommodu-

1022 2060 1098 2079 mus.
1116 2051 1152 2078 Ut
1178 2054 1275 2079 autem
1292 2051 1321 2078 in
1348 2051 1505 2086 eojudicio
1527 2058 1562 2078 ne
1593 2049 1730 2077 fallamur
1744 2049 1843 2083 regula

1021 2103 1110 2130 quam
1127 2096 1296 2128 statuimus,
1313 2095 1394 2122 utilis
1408 2095 1473 2122 erit.
1490 2097 1547 2122 Arx
1559 2094 1637 2122 enim
1653 2101 1670 2121 s.
1685 2096 1789 2121 natura
1802 2093 1844 2120 in-

1021 2141 1066 2167 tra
1081 2148 1134 2167 nos
1151 2140 1315 2172 fortiﬁeata,
1333 2142 1365 2166 ut
1380 2139 1490 2166 dictum
1508 2141 1692 2172 est,munere
1706 2146 1760 2165 suo
1777 2138 1842 2165 fun-

1020 2186 1105 2220 getur
1120 2187 1148 2212 et
1165 2192 1210 2212 res
1226 2188 1342 2212 nostras
1358 2184 1387 2211 in
1404 2184 1476 2211 urbe
1491 2183 1541 2211 Dei
1557 2183 1698 2210 virtutum
1715 2184 1844 2218 ponet,et

1021 2229 1183 2256 dumonem
1209 2229 1407 2257 adversarium
1437 2228 1577 2263 impediet
1589 2236 1647 2264 quo
1663 2227 1762 2255 minus
1778 2235 1842 2254 eam

1020 2276 1170 2310 oppugnet
1183 2275 1233 2302 aut
1249 2274 1488 2310 appropinquans
1504 2272 1633 2301 turribus
1650 2274 1788 2300 coerceat.

141 2360 188 2387 ὑπ’
217 2360 312 2396 αὐτὴν,
336 2363 380 2390 καὶ
396 2363 433 2395 εἷς
450 2363 518 2400 ὅλην
535 2363 616 2392 πόλιν
631 2365 681 2391 τοῦ
696 2365 763 2391 Θεοῦ
777 2365 830 2391 τῶν
846 2362 983 2400 δυνάμεων
1013 2363 1129 2400 κυρώσει
1143 2362 1177 2390 τὰ
1191 2363 1248 2395 καθ’
1262 2363 1347 2398 ἡμᾶς·
1363 2362 1407 2389 καὶ
1423 2362 1472 2390 οὐκ
1487 2362 1585 2401 ἀφήσει
1613 2361 1843 2400 παρρησιάζεσθαι

139 2405 199 2431 κατ’
228 2404 310 2438 αὐτῆς
325 2408 370 2434 τὸν
386 2407 520 2445 πολέμιον
537 2408 662 2446 δαίμονα,
690 2407 776 2436 ιῖπεῖν
792 2406 820 2435 δὲ
833 2407 964 2444 τάληθὶς,
992 2407 1054 2436 οὐδὲ
1068 2404 1164 2442 ἔξωθὲν
1180 2408 1261 2435 ποθεν
1276 2406 1469 2444 πολιορκῆσαι,
1487 2408 1527 2434 δτι
1556 2405 1627 2444 μηδέ
1642 2405 1758 2434 πελάσαι
1773 2405 1841 2443 αὐτῇ

139 2449 185 2476 καὶ
200 2460 290 2487 πνργη
296 2451 430 2487 ρώσασθαι
436 2475 442 2481 .

175 2504 229 2539 κη’,
247 2503 336 2532 Ἀλλὰ
351 2515 384 2541 με
400 2506 414 2532 ὁ
429 2505 513 2544 )όγος
529 2507 608 2540 οὗτος
629 2506 809 2544 (ἀναμεινάτω
825 2505 854 2534 δὲ
870 2507 960 2546 βραχύ

1049 2508 1094 2535 28.
1111 2507 1166 2536 Sed
1181 2516 1278 2536 sermo
1294 2516 1422 2543 praesens
1439 2507 1562 2544 (aliquid
1578 2506 1656 2535 enim
1671 2506 1756 2543 spatii
1773 2505 1841 2534 aliis

138 2559 166 2575 τι
183 2548 254 2587 ὥρας
270 2549 302 2576 τὰ
325 2548 431 2588 ἐφεξῆς)
458 2550 495 2582 εἲς
523 2553 635 2588 μνήμην
657 2552 741 2589 ἤγαγε
768 2553 818 2586 τῆς
847 2550 906 2589 ἄρτι
936 2552 961 2579 ἐν

139 2594 207 2629 ἡμῖν
223 2594 409 2624 γαταστάσεως
436 2594 478 2622 καὶ
502 2594 654 2627 διαθέσεως.
685 2595 763 2631 Εἷής,
793 2595 841 2622 Θιὲ
870 2595 963 2633 ὕψιστε

139 2635 325 2674 παμϐασιλεῦ,
350 2638 626 2677 κατασφαλιζόμενος,
652 2641 689 2671 ὡς
703 2641 781 2673 αὐτὸς
797 2639 882 2676 οἶδας,
911 2641 960 2675 τὴν

139 2681 331 2720 οἷκουμενικὴν
366 2684 446 2720 ἡμῶν
485 2683 647 2722 ἀκρόπολιν,
684 2685 730 2713 τὸν
765 2685 959 2723 αὐτοκράτορα,

138 2726 183 2754 καὶ
199 2728 349 2765 κρατύνων,
366 2727 404 2759 εἷς
418 2728 449 2756 τὸ
467 2727 537 2766 μηδὲ
565 2730 633 2766 ἡμῖν
659 2729 774 2758 πελάσαι
797 2729 958 2769 πολιορκίαν

138 2771 183 2798 καὶ
200 2773 468 2812 κατακαυχῆσασθαι·
495 2774 534 2810 μὴ
550 2774 594 2802 καὶ
609 2773 701 2803 τέλεον
729 2773 916 2814 ἐκτριῦείημεν
933 2775 959 2802 οἱ

139 2814 327 2842 ἰλειίνὸτατοι.

173 2815 304 2845 εείνότατο
309 2828 327 2847 ι.

175 2862 224 2889 κΘ¹.
254 2862 303 2890 Καὶ
317 2865 398 2891 τοῦτο
424 2863 472 2902 μὲν
493 2863 538 2892 ἐπὶ
563 2866 690 2893 τοσοῦτον
720 2862 958 2903 παριμϐιϐλήσθω

1019 2561 1133 2589 quoque
1149 2553 1362 2589 quaestionibus
1378 2553 1587 2580 reservandum
1610 2552 1665 2588 est)
1680 2553 1715 2580 ad
1732 2552 1842 2580 consti-

1017 2597 1140 2625 tutionis
1156 2599 1261 2625 nostra:
1277 2597 1397 2624 interna:
1413 2597 1591 2624 mentionem
1609 2595 1771 2624 faciendam
1789 2596 1841 2622 du-

1017 2641 1064 2669 cit.
1082 2644 1122 2669 Tu
1139 2643 1246 2676 autem,
1258 2641 1336 2669 Deus
1353 2641 1558 2675 altissime,rex
1574 2641 1716 2673 omnium,
1733 2648 1784 2676 pro
1797 2649 1840 2667 sa-

1015 2686 1126 2722 pientia
1140 2688 1191 2714 tua
1207 2694 1354 2714 summam
1371 2685 1480 2714 haucce
1495 2686 1654 2722 acropolim
1669 2689 1697 2713 et
1711 2686 1837 2720 impera—

1015 2732 1105 2759 torem
1122 2731 1210 2764 salva,
1227 2734 1256 2759 et
1276 2733 1377 2759 contra
1391 2730 1577 2759 inimicorum
1592 2730 1794 2767 aggressiones
1810 2730 1838 2756 et

1010 2775 1184 2812 jactantiam
1200 2784 1253 2804 nos
1269 2775 1441 2812 defcnde,ne
1456 2776 1485 2804 in
1501 2778 1661 2805 extremam
1677 2774 1835 2811 perniciem

1013 2820 1156 2849 lebamur.

1042 2821 1262 2902 ἒέιῗιὲἷοιωοὰί
1277 2873 1363 2902 porro
1379 2865 1408 2894 in
1422 2865 1518 2894 verbis
1535 2865 1608 2894 meis
1624 2864 1757 2893 doctrina
1772 2864 1832 2892 elu-
