1992 3158
111 199 163 231 ’701

616 207 655 237 ΙΝ
676 207 708 237 S.
733 208 1070 244 QUADRAGESIMAM
1094 212 1241 242 ORATIO
1262 212 1318 242 IV.

1759 214 1818 244 702

111 266 289 314 παρατίθησι.
309 268 454 314 ,Μενοιμενν
474 269 518 298 οὖν
543 272 587 299 καὶ
616 273 700 308 ἡμεῖς
723 272 869 312 ἅνθρωποι,
894 274 923 302 at?

997 287 1053 314 que
1084 278 1216 306 homines
1246 287 1298 306 nos
1331 279 1512 314 przebeamus
1548 281 1577 307 et
1609 280 1818 309 erubescamus

111 311 290 348 σχυνόμενοι,
307 313 350 340 ἐὰν
375 313 417 341 ἐπ’
439 313 537 346 ἄλλοις
563 315 593 343 οὐ
609 317 816 354 παρηγούμενοι
831 318 938 354 ἁπλῶς,

112 354 185 383 ἀλλὰ
211 357 285 394 χειρί
310 359 377 384 Θεοῦ
402 359 602 396 πεπλασμένοι,
627 361 671 388 τὸν
692 362 819 399 τεχνίτην
846 364 941 401 αἰσχύ-

110 410 200 436 νωμεν
216 423 222 428 .
250 401 423 440 Ἐτάχθημεν
447 405 505 431 κατ’
526 405 616 433 εἰκόνα
638 409 705 433 Θεοῦ
722 417 728 424 ·
761 407 831 444 μηδὲ
854 419 939 446 παρα-

110 446 299 491 χαράττοιμεν
325 447 356 474 τὸ
380 448 450 475 θεῖον
472 449 623 486 εἷκόνισμα.
653 451 776 483 Τεθὲντες
803 452 828 479 ἐν
857 463 941 491 παρα-

110 487 202 526 δείσῳ,
221 490 278 518 εἶτα
304 491 517 528 ἐκπεπτωκότες,
540 495 700 532 βιαζοίμεοα
723 497 772 531 τήν
797 487 938 532 ἐπάνοδον,

108 534 154 580 καὶ
185 534 225 570 μή
265 535 476 574 φιλο-τιμώμεθα
513 539 558 566 τὸν
588 539 730 568 ἐπιπλεῖον
766 541 937 580 ἀφορισμόν.

108 578 345 617 Ἐντρεποίμεθα,
368 582 394 609 εἷ’
421 581 511 610 τάλλα
536 583 582 619 μὲν
612 586 667 618 ζῶα
688 585 719 612 οὐ
744 578 867 617 θέλουσιν
893 587 939 613 άν-

108 623 306 659 θρωπίζεσθαι,
331 626 414 662 ἡμεῖς
439 625 467 654 δὲ
483 627 678 666 ἀλογιζόμεθα,
694 630 738 657 καὶ
755 630 787 657 τὸ
801 632 851 663 τῆς
867 641 938 669 παρ-

107 671 220 706 αγωγῆς
255 669 421 707 ἀχρειοῦμεν
457 671 549 708 τίμιον
569 693 575 700 .
605 673 726 711 ’Έχομιν
762 673 938 711 παμϐασιλέα

107 713 185 740 Θεόγ·
217 712 330 750 οἷ’δαμεν
358 715 404 742 τὸν
436 715 461 751 ἐξ
488 715 591 744 ἐκείνου
621 718 784 754 ἀποστάντα,
810 719 856 747 τὸν
876 720 936 748 ἀντ-

106 756 205 794 ἀρτην,
226 758 273 785 τὸν
301 758 454 797 ἀλιτήριον.
479 761 524 795 Μὴ
551 761 595 788 οὖν
623 761 790 800 ἀνταίρωμεν
821 765 863 792 καὶ
893 765 938 792 αὖ-

105 802 163 835 τοὶ,
176 801 252 830 ἀλλὰ
275 805 324 830 τοῦ
351 803 484 841 βασιλέως
508 806 660 843 γινοίμεθα.
677 808 722 841 Μή
739 807 937 846 στρατολογοί-

108 852 179 882 μεθα
204 849 245 882 τῷ
269 847 437 885 κληρονόμῳ
456 851 504 876 τοῦ
532 851 678 889 ταρτάρου,
705 851 768 880 ἀλλ’
783 852 935 881 ἐπακολου-

107 891 226 927 θοίημεν
250 894 291 928 τῷ
317 891 354 924 εἷς
382 892 494 930 οὐρανὸν
512 895 584 931 ἡμᾶς
600 896 736 933 ἀνάγοντι.
753 898 934 935 Ἐνθυμητέον

106 935 138 963 τὸ
153 935 259 973 χωρίον
283 940 334 971 τῆς
359 937 510 974 νοουμένης
535 943 650 977 τρυφῆς,
675 940 812 977 ἐννοητὲον
835 943 866 969 τὸ
880 945 934 970 τῶν

106 981 258 1008 κολάσεων·
275 981 356 1008 τοῦτο
382 985 441 1013 τοῖς
466 982 492 1010 ἐν
508 983 654 1021 ἁμαρτίαις
679 983 844 1021 δαιμονῶσιν
860 987 935 1026 ἀφώ-

106 1034 198 1061 ρισται
215 1046 222 1058 ,
253 1025 339 1053 ἐκεῖνο
367 1029 426 1058 τοῖς
462 1028 569 1064 ἀρεταῖς
597 1028 743 1068 ἐν’τυφῶσιν
768 1025 934 1060 ἀπόκειται.

106 1070 227 1106 Πότερον
257 1068 385 1103 κάλλιον,
414 1070 440 1106 ἐξ
469 1072 584 1110 οὐρανοῦ
613 1077 702 1101 πεσεῖν
721 1097 729 1109 ,
757 1075 775 1110 ἢ
805 1074 935 1109 ἀναϐῆναι

105 1113 179 1158 πρὸς
205 1113 445 1151 οὐρανόν;Ί“οὖτο
470 1118 518 1143 τοῦ
546 1117 698 1156 ἓωσφόρου,
727 1119 813 1147 ἐκεῖνο
843 1122 934 1158 ἡμῶν,

105 1157 184 1195 εἷ’περ
209 1158 349 1204 ἐθέλομεν.
381 1159 585 1199 Εὐκολώτερον,
616 1165 682 1190 Θεοῦ
705 1163 837 1201 γενέσθαι,
864 1164 934 1204 ἤπερ

108 1204 216 1240 μακρὰν
244 1203 473 1240 ἀποπλανηθῆναι
500 1209 551 1240 τῆς
589 1206 690 1235 ἐκείνου
720 1207 910 1246 χρηστότητος
927 1231 934 1239 .

105 1247 282 1285 Μακρύνεται
302 1248 348 1284 μὲν
373 1249 426 1286 γάρ
451 1260 492 1280 τις
509 1253 575 1278 Θεοῦ
592 1251 642 1288 ὀψὲ
661 1262 727 1280 ποτε
752 1252 796 1281 διὰ
810 1254 841 1281 τὸ
865 1254 934 1282 ἐκεί-

104 1303 154 1319 νου
168 1293 375 1330 φιλάνθρωπον,
400 1293 498 1332 ἐγγίζει
522 1293 551 1322 δὲ
575 1294 619 1323 διὰ
641 1297 672 1324 τὸ
696 1299 746 1330 τῆς
768 1298 935 1336 ἀγαθότητος

105 1337 192 1382 αὖτοῦ
207 1336 336 1376 ἐφολκόν.
352 1340 396 1374 Τῷ
421 1337 531 1375 δαίμονι
555 1339 584 1367 δὲ
599 1341 655 1377 ἅμα
675 1340 838 1379 διανοήματι
853 1354 935 1382 προσ.

106 1381 217 1421 ελήφθη
243 1392 294 1416 τις,
325 1382 552 1420 ἐγκαταλιπόντος
581 1384 683 1413 ἐκεῖνον
712 1390 761 1414 τοῦ
789 1381 935 1423 Θεοῦλὸτε

106 1427 180 1463 μήτε
208 1426 363 1463 πόππυσμα
390 1427 503 1463 καθιστᾷ
529 1429 574 1456 τὸν
605 1433 716 1467 στρῆνον
745 1435 795 1466 τῆς
823 1433 933 1470 σαρκὸς,

106 1471 178 1506 μήτε
192 1470 285 1507 κημὸς
311 1469 389 1509 ἄγχει
413 1471 459 1499 καὶ
484 1471 599 1510 χαλινὸς
625 1474 670 1501 τὸν
695 1475 778 1502 αὐτοῦ
804 1469 934 1515 ἀποσκιρ-

103 1525 205 1544 τωντα.

141 1566 186 1605 λβ’
215 1569 277 1597 Ἔτι
302 1568 492 1597 ἀναπεταννύει
519 1571 584 1603 Θεὸς
612 1571 747 1610 ἀγκάλας,
777 1575 822 1601 καὶ
851 1574 934 1603 εἰσδέ-

106 1622 186 1658 χεται
216 1611 266 1640 ὅσα
293 1613 338 1640 καὶ
369 1612 394 1641 ἰν
424 1613 535 1658 λιμένι·
564 1615 664 1654 ἀνοίγει
694 1618 731 1649 ὡς
756 1617 794 1649 εἰς
824 1619 934 1658 φίλημα

998 323 1161 351 inhumana
1178 324 1271 351 facere
1286 326 1315 351 et
1329 324 1472 351 artiﬁcem
1491 325 1578 352 Deum
1597 326 1681 360 cuius
1698 327 1732 353 ad
1744 326 1818 353 ima-

995 368 1090 404 ginem
1109 368 1174 395 facti
1192 377 1306 400 sumus,
1324 377 1359 396 ne
1374 369 1568 396 oll‘endamus.
1586 370 1626 396 Ad
1648 370 1696 397 Dei
1713 370 1817 406 imagi-

995 421 1060 440 nem
1091 413 1170 440 enim
1200 412 1347 448 plasmati,
1364 413 1439 440 hanc
1469 413 1627 448 imaginem
1650 414 1727 441 haud
1744 415 1817 443 foede

995 458 1196 492 deturpemus.
1213 460 1243 484 In
1270 458 1406 493 paradiso
1436 458 1524 493 positi
1546 466 1562 485 a
1578 458 1733 494 principio,
1749 459 1817 487 inde

995 502 1077 537 ejecti
1093 510 1220 535 sumus;
1250 503 1301 530 sed
1331 502 1422 529 nihilo
1449 502 1545 530 secius
1575 505 1606 529 ut
1633 511 1666 530 eo
1691 505 1817 531 reverta-

995 554 1061 573 mur
1076 553 1193 573 omnem
1222 554 1341 581 operam
1361 546 1476 578 demus,
1493 553 1567 581 (egre
1583 545 1658 573 hanc
1673 546 1817 581 separati-

994 598 1079 618 onem
1096 591 1230 618 ferentes.
1259 590 1295 618 Ut
1308 593 1411 618 caetera
1441 591 1559 626 quidem
1573 590 1726 618 hominum
1743 590 1817 618 line-

994 635 1242 662 amentainduere
1253 637 1405 667 recusant;
1420 643 1473 662 nos
1489 634 1650 662 humanam
1667 637 1816 668 naturam,

992 679 1154 715 quainduti
1171 688 1285 711 sumus,
1301 679 1331 706 in
1360 679 1479 707 honoris
1508 679 1570 706 loco
1586 687 1740 714 ponamus.
1759 679 1816 706 Ha-

993 724 1096 751 bemus
1114 725 1202 751 Deum
1220 724 1351 751 omnium
1368 724 1581 751 moderatorem
1599 732 1606 750 :
1623 731 1688 750 eum
1705 723 1816 759 quide-

993 769 1071 801 l‘ecit,
1101 768 1250 796 diabolum
1282 769 1356 801 dico,
1390 768 1535 795 novimus.
1566 767 1606 795 Ne
1641 768 1730 803 igitur
1760 776 1814 796 nos

992 821 1109 850 quoque
1124 814 1315 845 obsistamus,
1333 814 1383 840 sed
1399 813 1429 839 in
1460 813 1508 840 Dei
1538 812 1671 847 partibus
1691 815 1814 847 stemus,

991 859 1032 887 Ne
1057 868 1072 886 a
1089 859 1188 886 lar-tari
1217 859 1330 886 hazrede
1350 861 1469 891 stemus,
1497 858 1547 885 sed
1572 866 1638 885 eum
1655 866 1816 893 sequamur

991 903 1040 939 qui
1056 903 1085 931 in
1102 904 1207 931 ccelum
1223 911 1276 931 no:
1305 902 1451 930 conducit.
1479 902 1587 929 Locum
1608 902 1755 930 felicitatis
1770 902 1815 930 in-

990 948 1176 982 tellectualis,
1189 947 1284 975 locum
1303 947 1463 983 punitionis
1479 947 1515 974 ob
1531 946 1630 974 oculos
1647 955 1791 982 ponamus
1806 954 1813 980 ;

992 993 1041 1020 ille
1058 993 1176 1028 quidem
1192 993 1289 1028 probis
1306 991 1474 1019 hominibus
1491 992 1656 1027 propositus
1675 993 1743 1024 est;
1766 990 1814 1018 hic

991 1039 1157 1073 peccatores
1186 1039 1295 1064 manet.
1321 1036 1394 1068 Quid
1412 1036 1505 1063 satius
1520 1039 1574 1066 est.
1590 1044 1605 1063 ο
1620 1035 1689 1062 coelo
1705 1034 1812 1069 delabi,

991 1084 1042 1109 aut
1057 1082 1087 1108 in
1103 1081 1207 1109 coelum
1224 1081 1378 1108 ascendere
1392 1080 1406 1108 ’ἶ
1432 1079 1556 1107 Facilius
1572 1087 1616 1107 est
1631 1088 1648 1107 a
1663 1079 1720 1107 Deo
1736 1081 1814 1107 stare

991 1134 1080 1161 quam
1097 1126 1132 1153 ab
1149 1126 1212 1161 ejus
1242 1125 1396 1153 sanctitate
1421 1125 1554 1152 deﬁcere.
1577 1124 1654 1152 Deus
1669 1123 1747 1151 enim
1763 1131 1814 1159 per

991 1171 1163 1198 charitatem
1195 1179 1280 1198 suam
1314 1169 1425 1197 homini
1455 1169 1676 1204 prosperitatem
1709 1167 1814 1196 tribuit

991 1218 1020 1243 et
1035 1215 1082 1243 sui
1098 1215 1225 1243 similem
1242 1223 1309 1242 eum
1338 1215 1417 1248 facit,
1435 1214 1504 1241 dum
1522 1213 1647 1241 diemoni
1663 1212 1812 1249 quispiam

990 1260 1127 1294 adhaeret,
1145 1260 1213 1295 quia
1228 1261 1304 1287 Deus
1319 1259 1417 1295 ipsum
1434 1258 1563 1294 reliquit,
1580 1258 1695 1293 quando
1715 1265 1811 1293 neque

990 1304 1119 1332 sibilatio
1134 1304 1231 1332 carnis
1247 1303 1398 1331 libidinem
1419 1303 1507 1338 sistit,
1524 1310 1619 1338 neque
1636 1302 1751 1330 frenum
1768 1309 1813 1330 re-

990 1349 1190 1377 calcitrantem
1207 1349 1368 1384 perdomat.

1024 1572 1068 1600 3‘2.
1085 1572 1147 1600 Huc
1163 1571 1275 1599 accedit
1290 1570 1367 1606 quod
1384 1570 1460 1597 Deus
1469 1569 1590 1597 brachia
1603 1568 1748 1596 tendendo
1760 1575 1813 1596 nos

990 1617 1066 1645 sicut
1090 1617 1165 1644 intra
1194 1617 1312 1651 portum
1341 1614 1453 1650 recipit.
1484 1614 1601 1641 Daemon
1627 1621 1660 1640 os
1675 1612 1759 1648 quasi
1775 1612 1812 1639 ad

108 1657 121 1683 ὁ
137 1655 255 1693 δαίμων,
284 1658 329 1685 καὶ
354 1656 575 1697 καταϐροχθίζει,
605 1651 659 1698 οὖχ
688 1661 737 1689 ὅσα
759 1663 804 1690 καὶ
827 1651 930 1701 ἕδράκων

991 1661 1165 1689 basiandurn
1183 1660 1277 1696 aperit
1291 1662 1318 1687 et
1333 1660 1462 1693 devorat,
1473 1666 1530 1685 non
1548 1660 1578 1685 ut
1593 1658 1679 1685 draco
1696 1656 1813 1690 autleo,

109 1701 125 1736 ἢ
140 1700 222 1735 λέων,
239 1699 302 1729 οὐδὶ
319 1703 372 1739 μὴν
399 1702 468 1735 καθά
491 1714 533 1735 τις
560 1703 703 1742 χάρυϐδις,
721 1706 785 1734 ἀλλ’
801 1699 935 1740 ιδςηαὺτὸς

108 1746 254 1783 τάρταρος.
283 1746 367 1774 Λαλεῖ
397 1748 411 1774 ὁ
438 1748 501 1779 Θεὸς
529 1749 573 1776 καὶ
602 1753 693 1777 ποιεῖ·
723 1751 891 1790 ὑπισχνεῖται
921 1753 935 1780 ὁ

110 1789 296 1826 ἀντικείμενος
322 1792 366 1818 καὶ
393 1791 533 1830 ἀπρακτεῖ.
563 1793 704 1829 Ἀληθεύει
735 1797 749 1823 ὁ
774 1789 934 1835 αὖτάγαοος·

109 1835 235 1874 φαντάζει
273 1836 287 1862 ὁ
325 1836 498 1868 αὖτόκακος.
530 1838 715 1874 Ἐκνικησάτω
753 1841 780 1868 ἐν
809 1843 876 1878 ἡμῖν
903 1843 934 1870 τὸ

107 1879 242 1926 Θειότερον
259 1881 277 1915 ἡ
302 1881 390 1918 ψυχὴ,
406 1882 451 1909 καὶ
481 1883 518 1919 μὴ
540 1883 571 1910 τὸ
587 1887 681 1923 χεῖρον
704 1886 721 1920 ἡ
741 1889 789 1924 γῆ.
807 1887 932 1926 Ἀφῶμεν

106 1925 136 1951 τὸ
160 1927 262 1961 σῶμα,
290 1926 432 1963 γινώμεθα
456 1928 505 1962 τῆς
532 1929 635 1966 ψυχῆς.
667 1929 698 1957 Εἰ
728 1929 756 1958 δὲ
787 1932 824 1968 μή
840 1925 932 1968 τοῦτο,

105 1968 309 2015 ἀκολουθητέον
330 1972 403 2015 ,γοῦν
433 1973 483 2007 τήν
514 1973 598 2010 σάρκα
626 1975 660 2011 τῇ
687 1975 816 2013 ζωογόνῳ
843 1978 930 2015 ψυχῇ,

104 2013 147 2040 καὶ
183 2013 222 2050 μή
253 2010 384 2050 ἔμπαλιν.
410 2016 440 2042 Τί
463 2017 510 2044 τὸν
532 2016 618 2051 πηλὸν
647 2010 823 2057 περιέπομεν,
847 2010 932 2060 ὰφὶέἱιζ

103 2068 146 2088 τις
176 2059 228 2092 τὴν
259 2059 328 2086 κατᾶ
353 2062 459 2097 πνεῦμα
485 2060 565 2096 ζέσιν,
595 2062 613 2100 ᾖ
643 2064 804 2102 συνέχιται;
828 2059 931 2094 Tir-rev

103 2105 169 2140 χοῦν
198 2102 357 2140 στέργομεν,
383 2104 412 2135 ὃς
438 2105 540 2142 ἀνέμου
568 2107 682 2145 βραχείᾳ
712 2109 779 2146 ῥιπῇ
807 2109 930 2145 σκεδάζε-

101 2157 142 2174 ται
161 2157 167 2182 ;
185 2147 222 2176 Τί
247 2158 314 2175 ποτε
337 2147 493 2186 ἀμελοῦμεν
524 2151 663 2188 ἅνθρωποι
693 2155 762 2180 Θεοῦ
791 2153 857 2182 εἶναι
886 2154 930 2183 καὶ

102 2191 195 2230 ἄνδρες
221 2192 386 2229 ἐπιθυμιῶν,
414 2194 509 2222 ὁποῖαι
534 2196 580 2224 τὸν
609 2196 690 2234 μέγαν
712 2198 814 2234 Δανιήλ
839 2198 930 2234 ἐξεπύ-

102 2247 163 2274 ρουν
180 2247 188 2272 ;
204 2237 340 2274 γινόμιθα
356 2237 384 2266 δὲ
407 2238 530 2268 πλούτου
555 2240 661 2280 ἄνδρες,
677 2243 717 2274 οἷς
733 2243 767 2272 τὰ
781 2243 867 2282 χείρω
883 2244 931 2281 ἐμ-

100 2282 298 2324 πορευόμεθα,
328 2283 372 2310 καὶ
402 2282 496 2322 ἄνδρες
540 2286 685 2322 αἱμάτων,
717 2289 757 2320 οἷς
787 2288 929 2324 ἀλλήλους

101 2323 268 2406 λὲστεύομεν
289 2347 297 2362 ,
323 2327 368 2354 καὶ
396 2331 448 2366 γῆς
486 2327 614 2366 ἔνδοξοι,
642 2332 801 2369 προσθήκης
838 2323 927 2361 κακῶν

101 2380 115 2397 α
132 2381 168 2398 ιοι
185 2380 193 2406 ;

100 2380 168 2406 αξιοι
185 2380 193 2406 ;

135 2432 186 2471 λγ’.
205 2434 302 2470 Ὠμοι,
321 2434 361 2462 ὅτι
376 2434 422 2462 τὸν
438 2438 485 2463 τοῦ
502 2439 569 2464 Θεοῦ
584 2439 656 2467 οἷκον
676 2440 750 2476 ἡμᾶς
766 2439 805 2471 εἰς
821 2439 927 2478 λῃστῶν

102 2477 287 2516 ὑπανοίγομεν
315 2479 461 2516 σπήλαιον,
488 2479 548 2513 ἔνθα
577 2481 636 2511 δὲον
662 2484 703 2520 ὃν,
724 2485 788 2513 Θεὸν
814 2477 926 2514 ἐνοικεῖν

99 2522 142 2550 καὶ
159 2522 368 2561 ἐμπεριπατεῖν,
394 2524 457 2553 ἀλλ’
482 2526 560 2558 αὐτὸς
583 2527 621 2559 εἰς
648 2530 800 2566 μωμητοὺς
823 2530 928 2568 βολεῶ-

99 2578 143 2599 νας
171 2571 383 2605 μεταποιεῖται,
408 2570 445 2597 ὢν
471 2571 527 2606 ὄζει
551 2572 690 2611 φαυλότης
713 2574 748 2612 τῇ
771 2575 838 2603 κατά
862 2576 926 2604 Θεὸν

97 2611 234 2657 ἀντίθετος
262 2612 373 2650 εὐωδίᾳ.
389 2614 425 2644 0’.’
449 2626 506 2652 μοι,
524 2616 564 2644 ὅτι
587 2618 619 2646 τὸ
633 2611 798 2656 τιμιώτατον
814 2619 840 2648 ἐν
857 2621 926 2657 ἡμῖν

97 2655 308 2703 γλωσσόκομον,
330 2658 362 2686 τὸ
385 2658 468 2688 καλὸν
495 2661 585 2699 στόμα
600 2684 607 2697 ,
634 2655 667 2691 οὗ
690 2665 821 2702 χρυσέαις
843 2655 928 2703 sapa.

98 2699 199 2746 δύεται,
223 2702 270 2742 ἀφ’
292 2703 330 2730 ὧν
355 2703 458 2742 χρύσεα
483 2699 837 2746 παραδέδονταινοτόματα,
854 2699 927 2738 ἀλλὰ

97 2744 243 2794 κιϐδήλοις
267 2748 408 2794 γλωσσαις
429 2750 473 2778 καὶ
500 2752 682 2790 ὑποχάλκοις,
697 2753 732 2782 δι’
747 2744 783 2782 ὧν
810 2754 926 2794 ἐξηχοῦ-

100 2802 146 2839 μιν
177 2792 217 2839 ως
240 2790 377 2839 *κόμϐαλα
394 2816 401 2829 ,
431 2793 646 2835 δυσφημοῦντες,
675 2790 900 2839 συκοφαντοῦντες
917 2822 924 2836 ,

98 2835 122 2863 εἴ
136 2836 224 2873 μηδὶν
237 2837 321 2876 ἄλλο,
337 2838 433 2882 ἀργοῖς
449 2839 546 2879 λόγοις
561 2835 802 2882 ἐναδολεσχοῢντες
814 2867 821 2881 ,
837 2835 926 2873 τᾶλλά

99 2884 251 2920 ποιοῦντες,
280 2883 318 2911 ὢν
346 2881 431 2913 ἕνεκεν
460 2885 543 2915 καλὸν
570 2888 624 2924 ἧν,
654 2881 778 2926 εῗγμηδὶ
798 2887 925 2928 γλώσσας

991 1710 1041 1734 aut
1056 1705 1276 1742 charybdis,sed
1294 1704 1371 1732 sicut
1388 1705 1525 1731 tartarus.
1547 1702 1624 1730 Deus
1639 1701 1770 1738 loquitur
1785 1703 1814 1729 et

990 1753 1146 1787 operatur;
1173 1749 1356 1778 adversarius
1380 1748 1523 1784 promittit
1539 1749 1568 1775 et
1583 1746 1737 1783 promissis
1755 1754 1812 1773 non

990 1799 1057 1824 stat.
1075 1795 1129 1829 Qui
1158 1797 1264 1823 natura
1293 1794 1387 1821 bonus
1411 1795 1466 1826 est,
1481 1793 1635 1820 veritatem
1651 1791 1720 1819 colit
1737 1799 1743 1823 ;
1760 1790 1812 1826 qui

991 1841 1152 1877 improbus,
1182 1839 1354 1867 hariolatur.
1384 1837 1490 1865 Vincat
1521 1837 1551 1864 in
1582 1835 1664 1864 nobis
1693 1835 1812 1863 animus

989 1886 1039 1922 qui
1055 1885 1160 1913 divinae
1175 1887 1220 1912 est
1248 1882 1380 1919 originis,
1406 1890 1458 1910 nec
1482 1889 1548 1909 vero
1576 1883 1664 1913 terra,
1691 1888 1754 1916 quas
1775 1879 1812 1907 ad

988 1931 1048 1958 ima
1072 1930 1175 1957 tendit.
1206 1929 1321 1956 Omisso
1354 1935 1474 1963 corpore
1504 1926 1595 1954 animi
1624 1927 1721 1961 partes
1749 1931 1812 1952 am-

988 1975 1160 2011 plectamur.
1182 1974 1231 2001 Sin
1243 1973 1353 2005 minus,
1365 1980 1431 2000 caro
1446 1971 1550 1999 animae
1559 1971 1678 1997 vivilicee
1689 1969 1813 1997 submit-

986 2022 1073 2054 tetur,
1091 2027 1144 2047 nec
1170 2019 1230 2045 vice
1258 2025 1352 2045 versa.
1374 2016 1448 2050 Quid
1464 2015 1567 2042 limum
1583 2014 1744 2048 sequimur,
1762 2022 1810 2040 ca-

987 2064 1077 2092 lorem
1105 2062 1288 2099 spiritualem
1320 2069 1378 2096 quo
1405 2060 1571 2088 continetur
1599 2057 1810 2094 negligentes?

986 2109 1059 2142 Quid
1077 2107 1231 2136 colluviem
1247 2105 1406 2136 ambimus,
1422 2112 1485 2140 quas
1497 2104 1550 2130 levi
1561 2105 1645 2130 vento
1659 2101 1809 2129 diruitur?

985 2156 1042 2180 Cur
1057 2161 1113 2180 non
1144 2151 1278 2180 homines
1299 2149 1349 2177 Dei
1376 2151 1406 2176 et
1432 2148 1645 2175 desideriorum
1661 2154 1725 2174 esse
1740 2146 1808 2173 niti-

986 2207 1062 2232 mur,
1088 2199 1120 2225 ut
1148 2204 1274 2232 magnus
1303 2193 1427 2222 Daniel?
1456 2193 1514 2221 Cur
1529 2192 1696 2220 divitiarum
1713 2193 1807 2218 secta-

984 2245 1062 2271 tores
1105 2249 1209 2270 sumus
1250 2248 1315 2275 qum
1350 2246 1403 2266 nos
1425 2237 1615 2267 deteriorant.
1652 2243 1715 2271 qua!
1752 2243 1806 2263 nos

984 2288 1159 2324 sanguinem
1188 2285 1320 2314 sitientes
1347 2283 1476 2311 reddunt
1500 2284 1529 2309 et
1554 2281 1683 2309 latrones
1701 2282 1729 2308 et
1744 2287 1806 2307 om-

985 2332 1072 2361 nibus
1088 2331 1173 2359 malis
1189 2330 1293 2366 dignos
1310 2329 1321 2356 Ρ

1019 2439 1063 2468 33.
1079 2439 1126 2468 Vae
1144 2438 1237 2473 nobis,
1267 2436 1337 2473 quia
1351 2436 1401 2464 Dei
1431 2436 1551 2464 domum
1578 2435 1726 2463 latronum
1740 2441 1807 2470 spe-

984 2485 1102 2513 luncam
1117 2484 1252 2517 facimus,
1269 2482 1319 2510 ubi
1336 2482 1413 2510 Deus
1431 2481 1564 2509 habitare
1579 2482 1606 2508 et
1622 2478 1808 2508 inambulare

983 2531 1112 2565 deberet,
1128 2537 1180 2566 pro
1196 2536 1253 2565 quo
1277 2527 1306 2555 in
1333 2529 1419 2563 turpe
1442 2529 1556 2555 stercus
1586 2526 1718 2554 mutatur
1729 2523 1807 2552 malo

983 2575 1071 2603 odore
1097 2574 1228 2610 plenum.
1252 2572 1300 2600 Vae
1324 2571 1419 2607 nobis,
1437 2571 1506 2607 quia
1529 2569 1761 2606 pulcherrimum
1776 2568 1806 2596 in

983 2620 1068 2649 nobis
1082 2620 1323 2650 instrumentum,
1340 2616 1450 2652 lingua,
1466 2625 1523 2644 non
1539 2615 1636 2644 aureis
1660 2615 1710 2642 sed
1725 2613 1808 2641 adul-

983 2665 1084 2694 terinis
1101 2666 1128 2692 et
1143 2663 1225 2691 aereis
1241 2662 1360 2692 vocibus
1386 2660 1517 2696 inservit,
1534 2669 1591 2697 quo
1618 2660 1650 2687 ﬁt
1679 2660 1710 2686 ut
1730 2657 1806 2685 sicut

981 2709 1214 2738 tintinnabulum
1231 2706 1448 2742 muledicamus,
1466 2706 1672 2734 denuntiemus
1687 2704 1737 2731 aut
1748 2701 1806 2729 sal-

981 2758 1040 2784 tem
1057 2755 1152 2783 tutilia
1181 2754 1375 2790 proferamus,
1405 2761 1463 2780 uno
1494 2751 1590 2780 verbo.
1606 2758 1640 2777 ea
1662 2747 1805 2775 faciamus

981 2804 1099 2838 propter
1114 2808 1177 2835 qua).
1192 2797 1298 2826 melius
1311 2797 1412 2833 lingua
1427 2797 1547 2825 omnino
1557 2800 1730 2822 careremus.
1747 2792 1805 2819 Cur

980 2836 1097 2882 linguas
1113 2845 1217 2872 inanes
1232 2842 1384 2870 reddimus
1399 2844 1426 2870 et
1441 2850 1474 2870 ea
1489 2840 1611 2869 colimus
1623 2845 1687 2873 qua:
1702 2836 1805 2882 domui

981 2880 1086 2920 nostrae
1110 2889 1295 2926 splendorem
1320 2886 1448 2915 tribuere
1462 2883 1593 2922 queant?
1617 2881 1673 2911 Sed
1689 2880 1798 2910 talibus
