1992 3158
221 163 279 193 707

606 158 820 190 EUSTATBll
841 154 1225 189 THESSALONICENSIS
1249 153 1541 186 METROPOLITJE
1836 158 1884 189 108

221 229 314 258 litudo
330 228 454 256 aliorum
470 235 538 255 eum
555 226 693 255 alliceret.
711 225 783 253 Mihi
799 226 897 252 autem
909 223 958 260 qui
980 223 1042 252 tali:

1104 219 1181 249 ἔλεον
1201 220 1288 249 ἐθέλει
1313 219 1484 260 ἐφέλκεσθαι,
1509 220 1626 248 ὀδόντων
1657 222 1702 258 μὶν
1720 223 1785 260 τάχα
1797 233 1842 252 που
1854 224 1887 253 ἓν..

223 276 266 302 est
281 273 395 301 videtur
410 273 565 300 auditurus
588 271 660 298 illud
689 278 771 298 esse:
801 270 831 297 In
859 278 952 297 annos
967 268 1046 296 haud

224 318 310 352 venit,
341 318 487 353 siquidem
521 319 696 352 praematura
731 317 821 342 morte
846 317 962 350 ereptus
990 315 1044 340 est.

223 364 412 399 Supponatur
427 361 534 396 aliquis
550 361 648 388 ebrius
673 359 733 395 qui,
764 367 831 386 cum
853 358 1046 386 fundamenta

223 410 329 436 domus
345 407 409 442 ejus
425 406 566 433 subversa
582 407 660 437 sunt,
675 403 797 440 pedibus
807 406 884 430 stare
900 411 955 429 non
971 402 1047 429 valet

224 454 260 480 ob
276 453 439 485 cerebrum,
469 450 556 486 pedes
585 452 613 477 et
639 451 736 484 caput,
754 456 817 483 quas
834 446 910 474 male
925 447 1045 474 habent.

221 497 380 524 Auferatur
394 504 428 522 ex
452 503 500 522 ore
528 493 672 530 quidquid
689 493 823 520 odiosum
838 501 844 525 ;
861 491 962 527 lingua
979 499 1045 525 pur-

223 544 306 577 getur
321 540 456 568 sordibus
471 539 598 575 polluta;
617 538 804 573 duplicentur
821 537 850 563 in
872 536 965 564 oculis
982 544 1046 571 quas

224 588 383 614 cernuntur
410 587 438 612 et
465 583 507 611 sic
534 583 610 611 male
639 582 833 610 retineantur.
851 581 933 608 Mens
948 583 1046 608 autem

223 629 391 664 huiusmodi
406 628 458 655 viri
475 636 547 655 sana
561 627 609 660 sit,
626 629 654 654 et
683 625 784 661 lingua
811 625 978 653 errabunda
1001 633 1048 652 res

223 675 336 703 debitas
365 673 446 701 tenui
473 681 541 700 voce
564 671 687 705 effutiat,
705 673 737 698 ut
765 670 846 698 nullo
863 670 957 698 facere
969 669 1047 697 vide-

221 727 298 747 mus.
316 718 368 752 Qui
393 712 484 753 igitdr
507 717 585 752 quod
603 715 685 743 audit
710 715 789 751 parvi
817 715 895 747 facit,
929 714 1048 749 quando

221 763 394 799 resipiscere
405 762 489 796 cwpit
505 769 557 788 nec
578 760 663 796 plane
688 759 787 786 ebrius
817 761 870 793 est,
897 758 980 786 valde
996 767 1048 786 su-

222 809 329 844 perbit.

225 855 287 889 μοῖς
314 851 347 878 τὰ
375 851 510 888 ὁρώμενα,
543 849 588 877 καὶ
614 849 685 876 οὕτω
715 845 980 886 παραϐλεπὲσθωσάν
1001 856 1007 863 ·

1100 266 1296 304 κεκρουσμένη,
1321 265 1487 302 ἐμπιπλῶσα
1504 264 1533 293 δὲ
1547 265 1578 293 τὸ
1593 266 1678 302 στόμα
1692 267 1869 303 θεοκλυτήσεως
1882 280 1886 285 ·

1100 311 1114 338 ὁ
1135 310 1223 338 τοίνυν
1244 311 1283 346 μὴ
1309 310 1389 345 ἀξιῶν
1417 310 1487 348 πρὸς
1510 310 1578 347 αὐτῇ
1601 311 1647 338 τὸν
1673 313 1731 339 νοῦν
1753 309 1827 350 ἔχειν,
1843 314 1891 342 οὕτε

1101 355 1165 382 Θεὸν
1192 352 1360 388 εὐλαϐεῖται,
1384 354 1428 382 καὶ
1454 353 1516 381 οὐδὲ
1541 354 1685 392 καραδοκεῖ
1711 356 1822 391 θάνατον,
1848 359 1892 394 μή·

1101 410 1167 427 ποτε
1193 398 1221 426 δὲ
1250 398 1312 426 οὐδὲ
1340 403 1438 437 γῆρας.
1460 399 1492 427 Ei
1515 399 1566 438 γὰρ
1591 399 1667 432 ἐλπὶς
1691 400 1765 428 αὐτὸν
1792 401 1892 430 enim"

1101 443 1316 482 γηραλείὴητος,
1346 443 1434 481 ἐφίλει
1463 443 1492 471 ἂν
1518 445 1550 471 τὸ
1578 445 1748 481 ὁμοιοπαθὲς.
1770 446 1813 473 Καὶ
1832 448 1892 483 οἶμαι

1102 488 1225 516 ἀκούσειν
1251 486 1311 526 ἔχοι
1338 489 1418 516 ποθὲν
1444 488 1488 516 καὶ
1514 489 1527 516 ὁ
1551 491 1674 520 τοιοῦτος
1702 489 1732 517 τὸ
1749 501 1759 514 ε
1783 491 1816 526 μὴ
1838 491 1893 529 ὥρας

1099 532 1200 568 ἵκοιτο,
1228 545 1241 559 n
1269 532 1332 560 ἀλλ’
1359 532 1527 571 ἐκθερισθείη
1568 533 1704 571 πρόωρος.
1732 529 1894 563 Ὑποτεθείσθω

1102 589 1142 610 τις
1165 577 1210 605 καὶ
1241 577 1356 614 μεθύων,
1380 577 1444 609 τοὺς
1468 577 1611 614 θεμελίους
1635 580 1682 606 τοῦ
1705 579 1769 606 κατὰ
1789 582 1895 616 σῶμασε-

1103 621 1269 658 σαλευμὲνος
1285 619 1373 658 οἷ’κου,
1399 622 1444 649 καὶ
1467 622 1517 649 οὐκ
1541 620 1613 660 ἔχων
1637 622 1675 653 εἷς
1698 622 1773 661 ὀρθὸν
1787 622 1894 660 ἵστασθαι,

1102 668 1133 694 τὸ
1170 667 1294 704 ὐπερῳον
1333 667 1573 703 κατασεσεισμένος
1610 667 1715 704 (ἐκεῖνοι
1758 668 1800 704 μὲν
1824 667 1895 705 πόδες,

1102 713 1182 739 τοῦτο
1205 710 1234 738 δὲ
1258 710 1375 750 κεφαλή)
1390 721 1397 728 ·
1424 711 1602 750 ἀποφερὲσθω
1629 714 1677 739 τοῦ
1706 712 1830 749 στόματος
1842 712 1895 741 πολὺ

1103 756 1134 783 τὸ
1150 754 1242 791 ἀηδὲς,
1259 755 1454 795 παραφερὲσθω
1477 757 1495 790 ἡ
1521 755 1636 793 γλῶσσα
1658 756 1767 795 φαύλως
1785 757 1894 794 ἑγκολυμ-

1104 798 1189 828 ϐοὖσα
1215 800 1352 832 τοιούτοις
1379 800 1513 838 ῥεύμασι,
1538 800 1726 835 δυαζεσθωσαν
1747 804 1801 833 τοῖς
1818 801 1896 840 ὀφθαλ-

1039 847 1053 874 ὅ
1082 848 1144 876 νοῦς
1170 844 1199 872 δὲ
1231 845 1307 881 ὅμως
1337 847 1377 881 τῷ
1391 845 1509 882 τοιούτῳ
1525 845 1665 884 ἰρῥώσθω,
1687 846 1732 873 καὶ
1755 845 1896 874 ὑπολαλὲἰτω

221 896 464 934 παρακόπτουσαὴ
491 894 603 932 γλῶσσα
630 893 663 920 τὰ
687 892 791 927 δέοντα,
819 892 930 923 ὁποίους
952 890 1076 922 πολλοὺς
1102 889 1243 920 τοιούτους
1268 889 1427 926 τεθεάμεθα.
1456 891 1487 919 Ὀ
1510 892 1574 928 γοῦν
1600 890 1744 926 ἐξουθινῶν
1770 891 1799 918 τὸ
1823 890 1897 919 ἀκουόι

224 951 316 977 μενον,
334 940 405 967 ὀκνῶ
417 940 512 973 εἰπεῖν,
529 937 603 975 εἷ’περ
622 938 769 976 ἐγρήγορεν
782 937 821 968 εἷς
837 935 984 974 νηφάλιον,
996 935 1039 963 καὶ
1058 936 1096 972 μὴ
1111 934 1203 971 μεθύει
1219 933 1290 962 πολὺ
1306 934 1337 962 τὸ
1353 934 1509 972 ἀγέρωχον.

257 995 302 1023 37.
319 994 371 1022 Sed
388 1002 440 1021 cur
454 992 571 1029 longius
602 992 632 1019 in
648 992 750 1028 cceptis
780 991 853 1037 meis
865 990 1021 1037 procedam
1035 990 1049 1017 ?
1063 1004 1086 1037 B

221 1040 280 1068 Cur
294 1048 352 1067 non
367 1038 464 1066 verbis
480 1037 553 1065 meis
564 1037 652 1064 finem
667 1037 818 1072 imponam
833 1036 847 1062 ‘I
861 1036 890 1063 Si
905 1035 983 1063 enim
1000 1037 1043 1062 ta-

222 1085 301 1113 libus
317 1091 401 1112 aures
417 1085 487 1110 sunt
501 1082 672 1118 praebendas,
685 1081 828 1116 quomodo
853 1089 909 1108 non
939 1079 964 1107 ei
995 1079 1043 1114 qui

224 1137 325 1158 omnes
341 1128 480 1164 superat?
495 1127 542 1154 Sic
554 1130 651 1154 autem
667 1126 775 1154 scimus
791 1125 924 1153 omnium
941 1125 1039 1161 caput,

222 1175 315 1203 Deum
331 1173 463 1208 inquam,
486 1171 591 1204 recoli;
608 1171 631 1198 si
661 1170 797 1198 sensibus
818 1170 926 1197 nostris
954 1170 1042 1197 finem

221 1217 398 1246 laudabilem
417 1215 642 1252 praescribimus,
655 1223 775 1250 scopum
792 1216 871 1249 puta,
903 1214 938 1240 ad
955 1221 1040 1249 quem

223 1271 324 1291 omnes
341 1262 389 1297 qui
405 1260 566 1288 secundum
583 1259 674 1286 Deum
686 1258 975 1293 vivunt,visunt.Nou
1000 1259 1044 1285 est

222 1308 356 1335 hiclccus
368 1306 516 1333 hominem
525 1303 685 1332 secundum
699 1302 821 1338 populus
830 1301 1042 1337 distinguendi,

222 1359 313 1387 quare
324 1352 438 1378 tantum
455 1349 490 1376 de
505 1350 611 1376 nostra:
625 1347 718 1374 etatis
739 1346 859 1374 homine
888 1354 982 1382 greco
1012 1354 1044 1373 ac

220 1395 346 1423 barbaro
358 1392 536 1420 mentionem
562 1390 676 1418 faciam.
695 1390 808 1425 Lingua
835 1392 932 1417 autem
952 1397 1045 1424 graeca

222 1440 390 1475 loquentem
407 1437 519 1470 audire,
535 1435 686 1472 eique,ubi
704 1442 823 1462 necesse
837 1437 890 1469 est,
916 1434 1042 1468 obedire,

222 1493 308 1512 nemo
325 1482 480 1512 recusabit.
499 1482 564 1516 Ipse
587 1480 732 1507 barbarus
757 1487 802 1506 res
832 1479 960 1506 referens
987 1487 1044 1506 non

222 1529 403 1561 refutandus,
442 1527 478 1554 ab
519 1524 637 1553 arbitris
678 1524 786 1551 nostris
822 1523 1043 1551 condemnatur.

221 1573 330 1601 Videns
346 1572 424 1600 enim
440 1579 471 1598 se
486 1579 502 1598 α
514 1569 597 1597 nobis
627 1577 684 1596 non
709 1568 833 1605 intelligi
849 1568 972 1596 barbare
1001 1567 1044 1595 lo-

223 1621 371 1654 quentem,
384 1625 400 1643 n
414 1622 548 1644 sermone
557 1613 649 1650 patrio
665 1612 786 1646 destitit,
803 1612 928 1648 digitum
945 1621 1045 1640 versus

223 1663 328 1690 coelum
345 1661 538 1694 tendens,Deo
551 1658 661 1686 ccelesli
678 1666 732 1685 nos
747 1657 945 1691 commendat,
960 1660 988 1684 et
1003 1657 1045 1685 sic

224 1705 400 1742 theologiam
429 1706 542 1732 exercet
555 1702 704 1730 innuendo
720 1702 905 1729 Altissimum
917 1710 986 1730 suas
1001 1702 1043 1737 ip-

224 1752 287 1779 sius
297 1758 396 1786 preces
412 1748 558 1776 exaudire.
575 1747 603 1774 si
624 1747 715 1782 igitur
743 1746 908 1780 obedimus,
933 1747 1046 1774 miseri-

223 1796 351 1824 cordiam
368 1794 497 1821 divinam
513 1799 739 1826 recuperamus;
757 1791 781 1818 si
794 1799 851 1818 non
866 1791 1047 1827 obtempera-

225 1849 302 1874 mus,
319 1839 349 1866 in
366 1837 537 1865 barathrum
553 1835 690 1870 perniciei
705 1834 849 1862 cedimus.

254 2025 299 2053 38.
325 2025 355 2053 Si
384 2023 450 2060 quis
480 2023 534 2050 hoc
551 2022 613 2050 loco
630 2030 757 2058 querens
784 2022 951 2058 interpellat
966 2024 1044 2059 quod

218 2078 315 2099 sermo
331 2069 429 2105 ipsum
442 2070 470 2095 et
484 2069 616 2095 Graecum
642 2067 860 2101 barbarumque
885 2067 919 2094 ad
947 2068 1042 2102 justas

216 2114 442 2144 lamentationes
456 2113 563 2148 adegit,
581 2121 632 2148 per
660 2120 706 2140 me
734 2115 883 2148 queratur,
915 2112 986 2140 illud
1013 2114 1041 2140 in

217 2160 389 2189 memoriam
403 2166 541 2187 revocans
553 2158 640 2193 quod,
653 2157 730 2184 sicut
745 2157 886 2190 conservi,
903 2158 943 2185 ita
954 2158 1041 2185 etiam

217 2212 395 2242 congeneres
428 2211 532 2231 sumus
557 2203 592 2230 ab
614 2210 672 2229 uno
702 2204 793 2237 patre,
825 2202 853 2230 id
874 2204 918 2230 est
948 2211 964 2230 a
987 2203 1042 2230 Deo

217 2253 357 2284 creatore,
370 2251 398 2277 et
413 2249 449 2276 ab
461 2256 520 2276 una
536 2249 719 2280 matre,lerra
744 2247 877 2282 inquam.
894 2247 1040 2283 prognati.

215 2296 261 2323 Sic
275 2295 394 2332 quidem
406 2292 621 2329 oppositionem
639 2292 704 2326 ejus
718 2291 885 2325 admittam,
902 2292 930 2318 id
947 2300 1039 2319 unum

216 2348 339 2368 monens
352 2339 425 2374 quod
441 2338 517 2365 circa
531 2336 625 2364 multa
645 2335 702 2363 alia
718 2335 802 2363 multi
819 2344 923 2364 sumus
934 2335 963 2363 in
980 2336 1040 2363 dis-

1138 995 1188 1030 λζ’.
1205 996 1262 1024 Ποῦ
1278 994 1306 1022 δὲ
1321 997 1499 1034 προ-χωρήσω
1523 998 1570 1023 τοῦ
1597 996 1699 1024 λοιποῦ
1717 997 1754 1028 εἰς
1768 996 1841 1024 πλέον
1853 1000 1897 1027 τοῖς

1104 1039 1133 1067 ἐκ
1159 1042 1213 1067 τῶν
1240 1039 1395 1067 ἐλαττόνων
1423 1039 1636 1078 ἐπιχιιγήμασι,
1665 1042 1710 1068 καὶ
1732 1041 1768 1078 μὴ
1793 1052 1897 1080 συγκεφα-

1100 1083 1254 1120 λαιώσομαι
1270 1084 1315 1111 τὸν
1332 1083 1414 1122 λόγον
1433 1094 1439 1119 ;
1457 1085 1505 1119 ὡς,
1531 1084 1588 1122 εἷ’γι
1611 1085 1748 1117 τοιούτοις
1763 1086 1897 1123 προσώποις

1099 1126 1190 1156 δοτέον
1216 1128 1262 1159 τὰς
1288 1129 1382 1164 ἀκοὰς,
1405 1131 1445 1164 τῷ
1467 1129 1547 1156 παντὶ
1572 1128 1658 1157 πλέον
1683 1133 1739 1161 τοῖς
1752 1130 1778 1157 ἐν
1793 1130 1891 1167 ὗπιροχῆ

1097 1172 1200 1200 τούτων
1214 1173 1258 1200 καθ
1279 1173 1438 1211 κρείττοσιν,
1465 1173 1557 1205 Οὕτως
1584 1172 1699 1210 οἴδαμεν
1725 1178 1841 1211 τιμᾶσθαι
1854 1175 1892 1208 τὴν

1100 1217 1227 1254 μεγίστην
1252 1218 1333 1253 ἡμῶν
1357 1217 1490 1256 κεφαλὴν,
1517 1219 1561 1245 τὸν
1590 1218 1668 1254 Θεὸν,
1686 1218 1711 1246 εἷ’
1733 1220 1777 1250 τὰς
1799 1219 1822 1246 ἐν
1840 1219 1892 1255 ἡμῖν

1099 1261 1237 1296 αἰσθήσεις
1264 1260 1514 1298 διοικονομούμεθοι
1538 1263 1606 1300 πρὸς
1631 1263 1753 1301 ἐνάρετον
1770 1263 1848 1298 τέλος,
1860 1263 1893 1290 καὶ

1098 1306 1167 1344 πρὸς
1189 1306 1217 1333 ὃν
1239 1307 1338 1333 σκοπὸν
1364 1307 1390 1333 οἱ
1414 1307 1482 1334 κατὰ
1506 1307 1569 1334 Θεὸν
1602 1308 1726 1344 βιοῦντες
1751 1309 1890 1343 τοξάζονται.

1098 1349 1264 1389 Ὑφέλκομαι
1285 1353 1325 1387 τῷ
1354 1349 1429 1389 λόγῳ
1454 1350 1551 1378 διελεῖν
1576 1353 1637 1380 κατ’
1662 1352 1736 1385 ἔθνος
1758 1353 1799 1380 τὸν
1812 1351 1893 1387 ἆνθρω·

1099 1405 1160 1428 πον,
1186 1395 1231 1422 καὶ
1260 1395 1379 1434 ἀφορίζω
1409 1394 1543 1433 παχυλῶς
1571 1396 1611 1428 εἲς
1640 1408 1670 1424 τε
1697 1398 1741 1425 τὸν
1768 1398 1821 1429 καθ’
1838 1398 1894 1432 ἡμᾶς

1098 1439 1223 1475 Ἕλληνα
1237 1440 1281 1466 καί
1302 1439 1341 1470 εἷς
1366 1437 1516 1478 βάρϐαρον.
1530 1441 1582 1469 Καὶ
1611 1441 1743 1479 γλώσσης
1766 1442 1809 1478 μὶν
1830 1440 1894 1474 ἔλλη-

1099 1483 1226 1518 νιζούσ-ης
1241 1483 1347 1511 ἀκούειν
1372 1484 1416 1511 καὶ
1441 1484 1595 1522 ὐπακούειν,
1617 1483 1680 1513 ἔνθα
1701 1484 1760 1514 ὗέον
1773 1486 1843 1519 ἐστὶν,
1856 1484 1892 1512 οὐκ

1100 1527 1129 1555 ἂν
1151 1528 1356 1568 ἀποφάσκοιτις
1375 1539 1381 1546 ·
1397 1529 1410 1556 ὁ
1433 1527 1462 1556 δὲ
1486 1526 1636 1568 ϐάρϐαρος,
1665 1529 1755 1558 λαλῶν
1770 1531 1809 1558 καὶ
1824 1530 1892 1563 αὐτὸς.

1101 1572 1150 1600 ὅσα
1173 1573 1223 1600 οὐκ
1250 1572 1281 1600 ἂν
1309 1571 1365 1600 δὲοι
1402 1573 1615 1612 παρακούεσθαι,
1650 1575 1694 1603 καὶ
1726 1576 1762 1612 μὴ
1787 1576 1891 1611 captum

1101 1617 1276 1654 ἐπιστροφὴν,
1300 1618 1456 1655 κατάκρισιν
1478 1619 1590 1655 ἐμποιεῖ
1618 1620 1665 1648 καὶ
1689 1621 1767 1653 αὐτὸς
1790 1621 1851 1657 πσρά
1866 1621 1893 1654 τῷ

1100 1664 1199 1694 κοινῶς
1214 1661 1370 1690 διαιτῶνται
1381 1665 1441 1694 τοῖς
1456 1664 1514 1690 καθ’
1539 1665 1624 1700 ἡμᾶς.
1655 1664 1744 1697 Εῗδὼς
1758 1666 1814 1703 γὰρ,
1826 1664 1859 1692 ότι
1871 1663 1892 1690 οὐ

1101 1706 1233 1743 ξυνίεμεν,
1250 1708 1286 1734 ὼν
1312 1708 1475 1744 βατταρίζει,
1499 1708 1544 1736 καὶ
1566 1709 1704 1748 ἀπογνοὺς
1728 1714 1775 1745 τῆς
1794 1708 1893 1737 πλείονος

1103 1749 1339 1789 βαρϐαροφωνίας,
1367 1752 1495 1780 ἀνατείνει
1539 1751 1674 1782 δάκτυλον
1712 1755 1748 1786 ὡς
1774 1754 1809 1785 εἰς
1833 1753 1893 1780 αὐτὸν

1101 1795 1225 1833 οὐρανὸν,
1245 1796 1290 1823 καὶ
1314 1796 1471 1832 ἀνατίθησιν
1499 1799 1573 1834 ἡμᾶς
1596 1801 1638 1835 τῷ
1660 1799 1773 1837 οὖρανιῳ
1795 1795 1893 1834 Θεῷ,Μῖ

1101 1839 1172 1868 οὕτω
1188 1839 1324 1878 θεολογεῖ,
1354 1841 1472 1876 ἐπήκοον
1496 1844 1544 1877 τῆς
1569 1842 1654 1871 αὐτοῦ
1676 1844 1754 1879 λιτῆς
1773 1843 1894 1878 αἰνιττόμε-

1099 1895 1145 1916 νος
1160 1885 1225 1912 εἶναι
1239 1885 1285 1913 τὸν
1316 1886 1453 1922 Ὕψιστον.
1477 1887 1529 1915 Καὶ
1553 1886 1571 1922 ἥ
1597 1889 1758 1926 πειθόμεθα,
1781 1886 1892 1916 adiuri-

1100 1939 1185 1968 γομεν
1200 1931 1248 1957 τοῦ
1265 1929 1363 1958 λοιποῦ
1379 1930 1425 1958 τὸν
1442 1930 1542 1959 ἄνωθεν
1560 1930 1638 1960 ἔλεον
1657 1944 1663 1950 ·
1682 1934 1699 1968 ἣ
1717 1931 1892 1967 δυπειθοῦμεν,

1098 1973 1143 2001 καὶ
1158 1971 1328 2012 καταγόμεθα
1344 1974 1381 2006 εἰς
1399 1975 1527 2013 βάθιστον
1544 1975 1671 2015 ὄλεθρον.

1135 2027 1189 2062 λη’.
1206 2027 1236 2055 Εἰ
1253 2026 1282 2055 δὲ
1300 2038 1341 2059 τις
1371 2027 1482 2056 ἐνταῦθα
1513 2029 1711 2068 ὑποκρούσεται
1738 2030 1891 2068 μεμφόμενος.

1098 2071 1138 2099 ὅτι
1155 2072 1250 2099 ἑαυτὸν
1270 2072 1369 2110 ἤγαγεν
1387 2073 1401 2100 ὁ
1421 2073 1505 2111 λόγος
1519 2074 1647 2108 Ἔλληνά
1671 2086 1700 2103 τε
1723 2075 1766 2103 καὶ
1783 2071 1891 2112 βάρϐαρον

1096 2117 1130 2144 τά
1145 2127 1176 2153 γε
1192 2116 1230 2148 εἷς
1249 2117 1280 2144 τὸ
1300 2118 1459 2145 ποτνιᾶσθαι
1488 2118 1611 2153 δικαίως,
1649 2120 1729 2148 αὐτὸν
1755 2120 1797 2156 μὲν
1817 2118 1891 2156 ἇιρήσω

1096 2161 1164 2196 τηνά
1177 2160 1252 2192 λλιος
1269 2161 1375 2195 λαλεῖν,
1402 2160 1549 2190 ὑποϐαλὼν
1575 2163 1724 2201 ἐνθύμησιν
1753 2166 1796 2191 τοῦ
1814 2163 1891 2190 πάντας

1097 2206 1187 2242 ὥσπερ
1217 2204 1398 2242 ὁμοδούλους,
1427 2206 1498 2234 οὕτω
1527 2207 1572 2235 καὶ
1602 2208 1745 2246 ὁμογενεῖς
1766 2209 1843 2236 εἶναι·
1861 2205 1891 2232 ὅτι

1096 2250 1140 2276 καὶ
1156 2250 1258 2288 πατρὸς
1287 2250 1357 2284 ἑνὸς,
1384 2253 1433 2278 τοῦ
1461 2252 1627 2286 ποιήσαντος
1655 2255 1731 2286 Θεοῦ,
1758 2249 1892 2288 καὶμητρὸς

1099 2296 1162 2330 μιᾶς
1189 2297 1252 2331 γῆς,
1279 2295 1323 2333 ἀφ’
1351 2295 1385 2329 ἧς
1414 2295 1603 2332 πεπλάσμεθα.
1634 2298 1685 2325 Καὶ
1710 2297 1779 2325 οὕτω
1802 2296 1844 2332 μὶν
1859 2293 1891 2320 ἔν-

1096 2339 1181 2376 τρὲψα
1207 2339 1286 2366 αὐτὸν
1315 2343 1365 2374 τῆς
1407 2339 1578 2375 ἀντιλαλιᾶς,
1617 2343 1767 2379 ὑπομνάσω
1801 2340 1834 2375 δὲ,
1861 2338 1888 2367 ὡς

217 2384 350 2416 serendo,
375 2382 480 2411 dubias
496 2381 673 2418 quaestiones
689 2381 889 2416 proponendo.
903 2380 933 2407 in
950 2380 1041 2408 Deum

1101 2372 1202 2419 ἑμυῖως
1228 2384 1271 2411 καὶ
1303 2372 1348 2411 ἐπὶ.
1375 2383 1470 2412 ἄλλων
1503 2372 1618 2414 πολλῶν
1646 2372 1725 2423 ἐσμεν
1753 2372 1832 2418 λάλοι,
1856 2381 1889 2409 καὶ

217 2429 314 2464 ipsum
329 2428 513 2463 inquirentes
529 2434 582 2454 cur
600 2426 628 2452 id
646 2433 699 2452 nec
726 2433 794 2452 vero
820 2425 893 2452 illud
923 2425 1041 2458 fecerit;

219 2472 274 2500 etsi
289 2473 352 2508 ipse
367 2480 424 2499 non
444 2471 564 2498 irrideat
587 2470 715 2505 maligne
731 2470 773 2496 uti
795 2469 824 2497 in
847 2469 948 2497 multis
964 2469 1040 2504 aliis,

219 2517 269 2544 sed
298 2516 442 2543 miserans
472 2517 588 2543 nosmet
611 2514 663 2550 qui
691 2514 770 2542 circa
797 2522 873 2541 vana
903 2514 1042 2549 profundi

220 2569 335 2591 sumus.
352 2560 391 2588 De
407 2560 452 2587 his
468 2567 555 2595 quam
572 2559 745 2587 brevissime
761 2567 882 2594 possum
907 2561 1041 2594 monebo,

220 2615 256 2636 ne
279 2608 381 2634 contra
402 2607 490 2631 Deum
515 2604 660 2632 luctamus
688 2606 726 2636 et,
756 2603 846 2631 Deum
872 2606 1042 2637 correcturi,

220 2650 404 2688 legislatores
415 2656 469 2676 nos
483 2655 548 2676 esse
567 2655 794 2684 praasumamus,
816 2650 853 2682 et,
879 2656 937 2684 quo
952 2648 1043 2682 lubet,

219 2697 380 2727 trahentes.
397 2702 412 2722 θ
427 2693 518 2721 servis
543 2693 656 2720 domini
677 2693 743 2720 facti
765 2692 795 2720 in
812 2693 1042 2721 dominationem

220 2742 315 2776 ipsam
330 2739 527 2767 dominemur.

1097 2427 1213 2465 ἀπορίας
1238 2428 1345 2465 ψυχρὰς
1373 2426 1601 2466 προϐαλλόμεθα,
1626 2431 1672 2458 καὶ
1696 2430 1890 2468 λογοπραγοῦμεν

1097 2472 1173 2507 Θεὸν,
1189 2473 1233 2500 καὶ
1250 2473 1407 2510 ἐρωτῶμεν,
1429 2472 1475 2501 διὰ
1502 2474 1528 2502 τί
1555 2477 1636 2502 τοῦτο
1657 2477 1703 2503 καὶ
1721 2477 1756 2512 μή
1772 2475 1845 2502 ἐκεῖνο
1857 2480 1890 2497 πε-

1097 2516 1234 2551 ποίηκεν;
1264 2517 1287 2544 εἰ
1316 2518 1361 2544 καὶ
1386 2517 1466 2549 αὐτὸς
1484 2519 1606 2557 ἀνέχεται
1636 2520 1686 2548 οὐκ
1709 2519 1826 2558 ἰκγελῶν,
1843 2514 1889 2543 οὖδὶ

1100 2561 1271 2599 μνκταρίζων
1287 2561 1340 2598 (ἐπ’
1356 2561 1453 2593 ἄλλοις
1482 2564 1533 2601 γὰρ
1567 2566 1650 2592 ταῦτα
1678 2567 1727 2603 γει,
1748 2563 1813 2591 ἀλλὰ
1824 2560 1888 2589 ἐλεῶν

1098 2607 1172 2642 ἡμᾶς
1186 2605 1250 2637 τοὺς
1276 2606 1300 2634 ιν
1324 2610 1412 2638 κενοῖς
1441 2607 1609 2647 γλαφυρούς,
1637 2611 1694 2649 Ἐφ’
1723 2611 1762 2640 οἷς
1783 2608 1856 2635 ἐκεῖνα
1869 2603 1888 2630 ἐν

1101 2651 1265 2688 βραχυτάτῳ
1281 2652 1349 2687 ἡμῖν
1380 2652 1556 2689 ὑποτίθεμαι,
1583 2653 1629 2682 ἵνα
1660 2655 1696 2691 μὴ
1713 2654 1755 2682 καὶ
1770 2650 1888 2687 θεομαχῶ-

1101 2706 1159 2732 μεν,
1189 2696 1338 2733 πάσχοντες
1368 2695 1450 2732 οὕτω,
1488 2697 1533 2725 καὶ
1572 2699 1618 2726 τὸν
1655 2699 1717 2727 Θεὸν
1746 2697 1888 2734 διορθοῦσθαι

1098 2739 1275 2778 πειρώμενοι,
1303 2741 1527 2777 θεσμοθετοῦντες
1556 2744 1613 2770 οἷον
1641 2744 1723 2779 αὐτῷ,
1750 2741 1789 2769 καὶ
1810 2735 1887 2770 καθέλ·

1099 2795 1202 2819 κοντας,
1225 2785 1288 2812 ὅποι
1315 2785 1482 2822 βουλόμεθα,
1507 2786 1552 2814 καὶ
1579 2787 1637 2815 ἀντὶ
1663 2787 1763 2815 δούλων
1785 2782 1885 2812 δεσπόται

1100 2829 1254 2867 γενόμενοι,
1265 2829 1308 2857 καὶ
1325 2833 1520 2868 τυραννοῦντες
1534 2832 1584 2867 τήν
1601 2832 1752 2871 κυριότητα.
