1992 3158
95 171 153 202 ’109

596 168 637 199 IN
659 169 693 200 S.
716 169 1059 205 QUADRAGESIMAM
1082 173 1229 205 ORATIO
1251 174 1304 206 ιν.

1750 180 1810 210 710

129 236 259 267 λδ’.Οὖκ
287 235 371 271 ἄξιον,
399 236 421 263 ὦ
451 236 524 263 οὗτοι
555 235 662 272 πάντες,
683 233 848 273 λογιότητος
877 236 923 264 ἆν-

1017 239 1062 266 39.
1079 240 1140 268 Non
1157 241 1281 277 dignum
1298 243 1444 278 sapientia
1458 245 1588 274 humana
1612 248 1655 274 est
1680 255 1810 282 quaerere

94 283 250 322 θρωπίνης,
265 282 388 318 ἀπορεῖν,
409 279 454 308 διὰ
472 280 498 308 τί
526 291 593 309 ποτε
621 282 635 308 ὁ
655 282 720 312 Θεὸς
747 283 842 309 τοῦτον
880 282 926 318 μὶν

93 329 138 356 τὸν
158 328 243 363 ξὲνον,
270 327 316 354 καὶ
346 326 447 354 ἐκεῖνον
472 325 518 353 τὸν
549 324 678 363 ἀδελφὸν,
701 326 746 353 καὶ
773 324 852 354 τόνδε
879 327 925 354 τὸν

94 373 216 411 γείτονα,
247 371 292 399 καὶ
322 370 407 399 ἄλλον
434 371 572 408 περίοικον
600 370 785 405 κατήντλησεν
816 371 927 407 ἀγαθοῖς

93 420 154 448 τοῖς
168 417 232 454 περὶ
255 416 369 451 κόσμον,
401 413 579 452 φαιδρότησιν
608 413 691 442 οἴκων
721 413 876 452 ἐλλάμψας,
900 414 928 442 οἵ

95 462 166 494 καθὰ
203 461 248 488 καὶ
286 459 367 495 ἥλιος
404 459 615 497 ἐναστράπτουσι
652 459 792 492 κάλλεσιν,
830 459 928 498 ἀγροὺς

94 505 241 541 πληθύνας
280 504 400 538 πίονας,
443 503 686 540 ὲνευῡηνουμὲνους
728 506 785 534 τοῖς
812 503 840 531 ἐκ
876 508 928 542 γῆς

93 551 221 588 ἀγαθοῖς,
250 549 284 577 τὰ
295 551 394 586 ταμεῖα
409 548 560 584 πληρώσας
589 547 692 582 αὐτοῖς,
718 547 762 575 καὶ
792 558 928 585 στενοχω-

96 596 184 634 ρήσας
215 593 421 630 εὐδαιμονικοῖς
449 592 596 629 ἒνθὲμασι,
628 593 791 630 θεράποντας
819 592 864 620 καὶ
889 598 930 624 θε-

96 640 232 678 ραπαίνας
263 637 372 669 ἰπιδοὺς
401 638 438 668 εἰς
474 637 632 676 φιλοτιμίαν
671 637 834 673 ἀμύθητον,
874 639 930 671 ζῶα

95 684 275 723 προσεπιθιὶς
291 683 329 714 εἰς
359 681 545 719 πλουτισμὸν,
564 681 609 709 καὶ
638 680 733 709 τοῦτον
763 682 928 719 ἀμέτρητον,

983 283 1092 318 quibus
1104 293 1139 313 ex
1154 287 1250 314 causis
1266 288 1448 324 perigrinum
1465 289 1662 326 aliquem,aut
1678 292 1809 327 fratrem,

983 330 1034 355 aut
1048 329 1187 365 vicinum,
1204 335 1254 358 aut
1274 331 1347 360 alios
1376 333 1460 362 bonis
1488 336 1678 363 terrestribus
1707 345 1810 364 cumu-

983 371 1060 408 larit,
1077 373 1223 402 deliciosis
1240 375 1421 412 locupletatis
1437 379 1524 406 rebus
1539 380 1642 407 domos
1657 380 1728 408 solis
1749 382 1811 410 ins-

983 418 1029 444 tar
1044 418 1241 452 splendentes,
1259 429 1378 457 campos
1393 423 1501 450 fertiles
1518 424 1731 458 fructiﬁcando,
1745 426 1811 453 bor-

984 468 1034 489 rea
1049 463 1326 498 replens,felicitatis
1342 475 1458 502 germen
1476 468 1584 503 ubique
1597 469 1812 504 implantando,

984 513 1083 533 servos
1099 510 1128 534 et
1141 516 1240 536 servas
1255 509 1368 538 zelosas
1384 511 1530 545 addendo,
1559 513 1738 541 animalibus
1761 515 1812 542 do-

985 550 1115 578 mesticis
1131 552 1189 580 imo
1205 554 1285 580 omni
1302 556 1506 590 prosperitatis
1522 565 1627 592 genere
1639 558 1818 591 cumulavit,

985 602 1032 622 me
1048 598 1144 623 autem
1162 597 1212 632 qui
1227 597 1270 625 illi
1287 599 1368 626 nulla
1384 600 1412 627 in
1429 609 1458 628 re
1476 601 1594 629 inferior
1606 611 1683 636 sum,
1702 603 1730 630 in
1748 611 1813 631 om-

984 638 1073 667 nibus
1089 640 1245 669 minoravit
1261 645 1289 670 et
1305 643 1413 679 siliqua
1428 644 1590 673 inaniorem
1607 646 1684 681 fecit,
1701 648 1815 676 cunctis

985 684 1131 718 privatum
1141 686 1155 712 (Ζ

93 729 128 756 τὸ
146 728 176 756 ὂὶ
190 731 243 756 πᾶν
260 728 356 762 εἷπεῖν,
373 727 418 754 καὶ
433 729 492 758 τοῖς
504 723 557 753 ἔσω
573 726 618 753 καὶ
633 729 691 757 τοῖς
707 723 757 761 ἔξω
773 726 869 754 ἑαυτοῦ
884 725 1116 756 πολλαπλασίονα
1139 731 1300 769 κορυφώσας
1323 731 1367 758 τὸν
1392 732 1478 764 οὕτως
1500 734 1528 760 εὖ
1552 734 1682 766 παθόντα·
1708 735 1756 771 ἐμὲ
1785 734 1815 763 δὶ

95 772 175 802 οὐδὲν
192 773 341 801 ἀπεοικόται
354 771 457 799 ἐκείνου
469 774 527 802 τοῖς
543 771 640 798 ἅπασιν
656 770 810 806 ἠλάττωσε,
828 771 872 798 καὶ
889 770 986 806 αὐτῆς,
1002 772 1016 799 ’ὸ
1030 783 1105 811 φασι,
1129 772 1276 811 λεϐηρίδος
1301 776 1448 814 κενώτερον
1477 778 1631 814 ἀπετέλεσε,
1656 782 1715 812 τοῖς
1739 779 1816 812 ὅλοις

97 819 288 855 ἀποστερήσας
306 817 354 853 ἐμὲ
365 826 371 851 ;

136 881 174 917 μ’.
205 881 250 914 Μὴ
282 878 316 914 δὴ
345 879 458 907 τοιαῦτά
483 889 524 911 τις
547 878 743 916 ἐπαπορείτω,
773 878 933 918 φιλοσοφεῖν

1024 880 1067 908 40.
1085 881 1175 909 Nemo
1191 882 1291 918 igitur,
1309 883 1499 920 philosophiae
1515 888 1667 922 praetextu,
1684 887 1720 915 de
1741 895 1815 916 novo

99 925 226 959 ἆθὲλων,
252 924 298 952 καὶ
326 926 393 952 Θεοῦ
417 923 675 962 καταψηφιζόμενος
702 923 733 951 τὸ
763 922 930 962 ἀδιάκριτον.

994 925 1076 952 lubia
1092 934 1222 962 movens,
1239 929 1420 957 confusionis
1436 932 1526 958 Deum
1556 931 1716 960 accusabit.
1745 934 1816 960 For-

99 969 230 998 ’Λκούσοι
260 970 312 1007 γὰρ
344 968 375 996 ἄν
404 974 486 1000 ποθεν
511 967 541 995 ἐκ
568 970 621 996 τῶν
650 968 794 1007 κατωτέρω
820 967 931 1005 (ἄνωθεν

98 1016 150 1053 γὰρ
167 1015 182 1041 ὁ
199 1013 299 1050 Κύριος
314 1013 363 1041 οὐκ
378 1013 408 1040 ’ἂν
428 1014 466 1050 μὴ
497 1013 547 1040 οὐκ
570 1012 733 1050 ἐξουδενώσῃ
746 1013 792 1040 τὸν
808 1015 930 1040 τοιοῦτον

102 1059 245 1097 διάλογον)
261 1061 357 1096 πρῶτα
386 1059 444 1095 μὲν·
474 1057 558 1085 Πόθεν
587 1057 671 1092 οἶδας,
698 1057 719 1085 ὦ
733 1057 822 1092 οὗτος,
839 1058 876 1088 ὡς
891 1058 934 1085 οὐ-

103 1104 146 1132 δὲν
165 1103 295 1134 ἀπέοικαις
324 1105 372 1131 τοῦ
397 1103 595 1142 φθονουμὲνου,
625 1103 647 1138 ᾦ
677 1102 808 1140 ἐγκοτεῖς,
837 1102 859 1130 εί
887 1113 933 1130 το-

105 1152 191 1176 σαῦτα
205 1148 356 1183 περίκειται
376 1147 479 1186 ἀγαοά;
495 1148 609 1182 Μήποτε
633 1147 685 1185 γὰρ
701 1147 732 1174 σὺ
759 1148 805 1184 μὲν
831 1147 933 1182 ἐνάξιος

104 1193 287 1231 εὐδαιμονεῖν,
304 1192 405 1223 ἐκεῖνος
421 1191 450 1219 δὲ
465 1192 599 1227 κατάξιος,
622 1192 667 1219 καί
691 1202 744 1219 που
766 1191 810 1219 καὶ
837 1191 934 1220 πλειό-

102 1249 158 1266 νων
176 1237 295 1273 ἐπάξιος.
312 1237 377 1265 Εἶτα
393 1235 486 1271 ἐπειδὴ
510 1238 591 1263 τοᾶτο
621 1235 725 1263 δάκνειν
753 1235 810 1274 ἔχει
840 1247 869 1264 σε
895 1236 933 1268 εἷς

103 1283 198 1320 ψυγήν
225 1282 282 1317 (καὶ
296 1282 348 1320 γάρ
365 1292 407 1308 τοι
423 1284 495 1308 πᾶσα
511 1281 650 1318 σύγκρισις
666 1280 815 1308 ἐλαττοῦσι(
844 1280 933 1308 δάκνει

180 1317 443 1363 ὑποϐιϐαζότμενον),
475 1317 556 1362 μάθεγ
567 1317 623 1360 καὶ,
636 1326 678 1352 ὅτι
706 1327 745 1362 τῷ
763 1325 808 1362 μὶν
825 1324 935 1365 ἀδελφῷ

102 1372 174 1408 πρὸς
202 1371 315 1406 ἰσότητα
338 1369 415 1405 ἥκεις
443 1369 686 1407 ταλαντιυόμενος.
716 1371 806 1398 Ἔστω
834 1369 872 1404 δὲ,
898 1371 935 1402 ὡς

103 1416 307 1448 ηἰκαθὲλκςις
323 1417 357 1452 τῇ
383 1415 455 1453 ῥοπῇ
485 1414 553 1453 πρός
581 1425 607 1442 τι
637 1417 728 1452 μεῖζον
755 1414 800 1442 καὶ
827 1414 935 1442 πολλοῦ

104 1461 190 1497 ἄξιον
205 1461 252 1488 καὶ
277 1459 354 1497 ὅμως
370 1461 447 1488 ὁτοῦ
479 1459 538 1497 βίου
570 1457 685 1496 βραϐεὺς
712 1460 793 1497 μέγας
822 1459 896 1494 Θεὸς,
920 1460 935 1487 ὁ

105 1505 211 1537 δίκαιος
237 1504 383 1542 διανομεὺς
406 1505 601 1542 γεωμερτήσας
620 1503 662 1531 ἐπὶ
691 1504 791 1536 παντὸς
817 1504 848 1531 τὸ
875 1504 935 1531 ἀνά-

105 1550 199 1588 λογον,
215 1549 262 1577 τὸν
282 1549 328 1586 μὲν
357 1548 473 1585 ἀδελφὸν
500 1547 616 1585 διέκρινε
639 1546 779 1583 πλήθοντα
801 1548 866 1575 εἶναι
889 1547 932 1575 καὶ

103 1598 146 1631 τῷ
163 1595 217 1632 βίω
233 1594 322 1628 πίονα,
339 1594 368 1621 σὲ
383 1592 413 1621 δὲ
441 1593 514 1621 ἀλλὰ
543 1593 638 1630 ἲσχνὸν
661 1592 706 1620 καὶ
735 1590 876 1620 ὑπόκενον.
901 1592 934 1620 Τί

107 1639 137 1667 δὲ
165 1639 212 1667 οὖν
243 1638 412 1677 λογιστεύεις
434 1638 480 1666 τὸν
507 1637 552 1666 καὶ
576 1637 712 1672 Δισπότην
737 1637 783 1664 καὶ
816 1637 933 1673 Πατέρα,

105 1685 151 1712 καὶ
168 1683 214 1712 διὰ
230 1683 309 1719 δῖκης
324 1682 407 1722 ἄγεις,
433 1682 473 1722 ἐφ’
489 1683 531 1714 οἷς
554 1681 799 1719 διῳκονομήσατο;
816 1682 932 1720 Πότερον

109 1729 248 1764 Δεσπότην
265 1728 365 1756 ἐκεῖνον
394 1727 488 1764 τίθης;
520 1728 570 1756 Καὶ
600 1729 659 1758 πῶς
685 1726 782 1759 δοῦλος
799 1725 836 1754 ὤν
853 1727 934 1765 λογο-

108 1776 221 1812 πραγεῖς
248 1774 295 1801 τὸν
324 1772 443 1810 Κύριον;
470 1771 559 1800 Ἀλλὰ
582 1771 684 1811 πατέρα
702 1772 854 1810 ὀνομάζεις.
886 1772 933 1800 Καὶ

109 1817 179 1846 διατι
205 1817 323 1854 τολμᾷς,
339 1816 455 1848 ἀναιδῶς
474 1817 684 1855 προσφέρεσθαι,
709 1817 754 1844 καὶ
780 1817 818 1854 μή
849 1816 935 1844 aeaut-

108 1874 151 1891 ναι
164 1863 215 1897 τὴν
247 1862 360 1899 ἔννομον
390 1862 567 1899 ἀποκήρυξιν,
597 1862 620 1889 εἰ
649 1861 720 1890 οὕτω
748 1862 933 1900 καταθρασύνῃ

109 1907 208 1942 αὐτοῦς
225 1906 383 1940 Θεοκλύτει,
409 1905 539 1943 δυσώπιι,
569 1906 728 1943 ἐξευμενιζε,
755 1906 847 1943 μέσοις
873 1908 935 1945 χρῶ

109 1955 167 1983 ταῖς
197 1952 303 1989 εὐχαῖς,
332 1952 377 1979 καὶ
408 1951 525 1988 μάλιστα
553 1954 612 1982 τοῖς
639 1952 727 1990 ἁγίοις
749 1951 853 1979 αὐτοῦ·
890 1952 934 1978 καὶ

111 1998 209 2033 οὕτως,
235 1996 310 2036 εἴπερ
336 1996 394 2025 δέον
420 1997 486 2025 εἶναι
512 1996 654 2034 διακρινεῖ,
669 1997 862 2035 ἀπομιρίσεται
886 1999 934 2024 τοῦ

110 2046 171 2081 παρ’
186 2042 260 2078 αὐτῷ
283 2042 406 2070 πλούτου
430 2042 475 2069 καὶ
503 2042 556 2076 σοὶ,
581 2042 625 2069 καί
655 2040 807 2080 μυρίολϐον
836 2042 935 2069 ἀποκα-

109 2089 237 2123 ταστήσει
254 2097 293 2116 σε.
318 2087 350 2116 Εἰ
374 2086 398 2114 δ’
421 2087 486 2118 ἴσως
509 2087 553 2114 καὶ
571 2086 758 2122 ποτνιώμενος
773 2085 819 2113 καὶ
841 2085 935 2114 πολλὰ

110 2135 209 2166 ποιῶν,
249 2131 315 2159 ἄττα
349 2132 417 2169 πρὸς
454 2129 579 2168 ἔντευξιν,
616 2131 704 2168 μένεις
734 2132 748 2158 ὁ
778 2131 859 2162 αὐτὸς
886 2132 933 2157 τοῦ

111 2175 220 2211 λοιποῦ,
238 2175 348 2214 λόγισαι
365 2176 476 2212 θέμενος
490 2175 516 2206 ἐς
531 2177 638 2213 ψυχὴν,
652 2176 689 2208 ὡς
704 2175 721 2210 ἢ
748 2174 820 2203 πολὺ
848 2175 873 2202 ἰν
891 2175 933 2202 σοὶ

110 2222 139 2249 τὸ
153 2221 322 2260 ἐφάμαρτον,
350 2221 396 2248 καὶ
426 2219 460 2248 δι’
489 2220 553 2248 αὐτὸ
583 2220 632 2248 οὐκ
657 2220 728 2255 ἀξιοῖ
756 2220 801 2248 καὶ
831 2220 860 2248 σὲ
884 2222 933 2247 τοῦ

110 2266 292 2303 πλουτισμοῦ,
309 2265 326 2300 ἢ
352 2265 422 2293 ἄλλο
443 2276 480 2293 τι.
504 2267 555 2293 Νῦν
574 2266 620 2302 μὶν
636 2266 668 2293 οὗ
685 2265 820 2304 συμφέρον
845 2276 886 2292 σοι
901 2265 933 2292 τὸ

109 2311 251 2348 πλήρωμα
273 2313 323 2338 τοῦ
347 2310 507 2346 αῗτήματος·
533 2309 608 2338 ἔσται
632 2309 661 2338 δὲ
690 2302 777 2338 ὅτε-ὁ
800 2312 847 2338 τοῦ
874 2310 933 2348 βίον
951 2302 974 2334 D

111 2355 214 2393 λειμὼν
230 2356 378 2391 ἐξανθήσει,
395 2356 438 2383 καὶ
454 2354 600 2394 δρέψασθαι
629 2366 671 2383 σοι
688 2355 767 2382 δώσει
799 2355 824 2383 ἒν
849 2357 938 2393 καιρῷ

111 2401 195 2428 πολὺν
210 2401 257 2428 τὸν
273 2397 388 2438 καρπὸν.
408 2400 442 2428 Ἣ
472 2399 525 2438 οὐχ
553 2401 618 2438 ὁρᾷς
637 2401 681 2428 καὶ
711 2400 780 2440 φυτὰ
808 2398 936 2437 δένδρων,

111 2446 142 2473 τὰ
155 2446 203 2482 μὲν
227 2448 346 2483 καρποῖς
373 2444 511 2483 βρίθοντα,
534 2445 567 2472 τὰ
592 2444 620 2472 δὲ
643 2455 704 2472 τινα
719 2444 862 2476 διαπαντὸς
888 2445 938 2472 οὐκ

112 2489 238 2529 aqua;
265 2490 309 2517 καὶ
337 2491 391 2517 τῶν
420 2489 564 2527 καρπίμων
590 2490 624 2517 τὰ
654 2490 701 2526 μὲν
728 2489 766 2522 εἷς
785 2489 850 2517 ὅλον
880 2489 938 2520 ἔτος

110 2537 246 2573 τηροῦντα
270 2534 302 2562 τὸ
328 2535 424 2572 τρέφον
457 2536 543 2573 φῦμα,
573 2535 606 2561 τὰ
634 2533 663 2561 δὲ
688 2534 713 2569 ἐξ
731 2531 808 2565 ἔτους
836 2535 883 2571 μὲν
900 2534 937 2565 εἰς

111 2577 167 2611 ἔτος
196 2580 365 2618 εὐφοροῦντα
393 2578 422 2606 ἐκ
451 2577 660 2616 διαλείμματος,
684 2579 730 2607 τὸν
748 2578 776 2606 δὲ
807 2579 832 2606 ἐν
864 2578 938 2615 μὲσῳ

109 2624 202 2661 καιρὸν
217 2624 249 2651 οὐ
267 2623 350 2660 μόνον
378 2622 485 2660 ἄκαρπα
511 2623 549 2654 εἷς
577 2623 608 2651 τό
630 2626 694 2657 πᾶν,
711 2622 784 2651 ἀλλὰ
797 2624 839 2651 καὶ
868 2621 937 2660 φυλ-

111 2667 276 2706 λοχοοῦντα,
296 2668 342 2695 καὶ
370 2669 420 2702 τής
449 2671 576 2706 φυσικῆς,
606 2669 642 2699 ὡς
660 2668 753 2702 εἰπεῖν,
780 2668 870 2704 κόμης
887 2678 937 2705 φα-

112 2712 305 2751 λακροόμενα;
332 2713 368 2740 Τὸ
397 2711 425 2740 δέ
454 2712 525 2740 ἐστιν
556 2712 586 2740 οὐ
604 2713 750 2749 μάτηνκιὶ
767 2713 835 2747 εἰκῆ,
865 2711 937 2740 ἀλλὰ

110 2758 178 2785 διπά
204 2757 282 2796 φύσιν
313 2756 450 2796 ἔλλογον.
480 2758 543 2786 Ὃτε
574 2758 620 2794 μὲν
648 2757 697 2796 γὰρ
728 2757 797 2785 ἔστιν
828 2755 937 2789 ὄνασθαι

109 2812 192 2833 τινος,
210 2802 227 2836 ἢ
245 2801 406 2840 ἀνδρώπους
420 2803 438 2838 ἢ
454 2801 572 2840 ἑτεροίαν
592 2802 680 2842 φύσιν,
708 2805 756 2830 τοῦ
785 2801 935 2840 καρπώμα-

111 2857 168 2883 τος,
181 2847 244 2876 τότε
259 2846 294 2882 δὴ
310 2849 405 2886 καιροῦ
420 2848 463 2876 καὶ
481 2847 507 2874 οἱ
524 2847 637 2885 βλαστοὶ
665 2847 758 2886 μεστοὶ
782 2847 827 2876 καὶ
855 2846 937 2876 καλοῖ

987 971 1067 997 tasse
1081 970 1157 998 enim
1175 971 1211 998 ab
1227 972 1295 1000 imis
1310 973 1382 1001 locis
1398 975 1565 1008 (desursum
1579 976 1656 1003 enim
1675 977 1816 1004 Dominus

988 1014 1134 1049 ejusmodi
1150 1024 1317 1045 sermonem
1334 1020 1506 1052 contemnit)
1536 1019 1662 1048 audierit
1689 1029 1788 1048 vocem
1806 1028 1813 1049 :

988 1060 1067 1087 unde
1094 1061 1162 1095 scis,
1191 1062 1288 1097 sodes,
1319 1064 1396 1098 quod
1414 1073 1470 1092 non
1487 1065 1642 1093 dissimilis
1660 1065 1699 1093 sis
1714 1067 1750 1101 ei,
1767 1066 1814 1094 cui

988 1103 1102 1132 invides
1118 1105 1233 1134 divitias
1244 1107 1258 1134 ?
1274 1107 1334 1135 Non
1350 1108 1428 1136 enim
1446 1111 1477 1137 tu
1495 1109 1644 1145 indignus,
1676 1109 1724 1138 ille
1753 1119 1816 1147 per-

989 1149 1105 1185 dignus,
1131 1150 1190 1178 imo
1214 1151 1350 1186 pluribus
1366 1162 1452 1188 quam
1469 1162 1534 1189 quae
1551 1154 1680 1190 possidet
1695 1155 1814 1191 dignus.

989 1194 1071 1226 Quod
1086 1197 1184 1222 autem
1201 1195 1255 1223 hoc
1282 1197 1414 1225 animum
1444 1200 1529 1226 tuum
1560 1199 1679 1227 devorat
1707 1200 1815 1235 (omnis

989 1239 1067 1266 enim
1097 1241 1278 1275 comparatio
1307 1241 1496 1270 humiliatum
1512 1243 1641 1277 offendit)
1659 1245 1730 1271 scito
1745 1253 1812 1272 cum

991 1283 1078 1311 fratre
1093 1284 1194 1311 eadem
1210 1285 1320 1312 trutina
1337 1289 1364 1313 te
1380 1288 1544 1322 ponderari.
1557 1288 1654 1315 Posito
1671 1291 1768 1316 autem
1785 1291 1818 1316 ut

990 1329 1021 1355 tu
1039 1328 1158 1363 majoris
1175 1330 1315 1358 momenti
1332 1339 1364 1358 ac
1378 1332 1463 1367 pretii
1480 1333 1520 1360 sis
1533 1333 1678 1366 inventus,
1690 1336 1817 1361 attamen

990 1372 1078 1406 Deus,
1097 1381 1220 1409 magnus
1236 1374 1299 1402 vitae
1317 1375 1502 1410 distributor,
1533 1377 1582 1412 qui
1614 1378 1714 1405 omnia
1741 1379 1819 1414 juste

990 1417 1152 1453 dimetitur,
1183 1418 1302 1446 fratrem
1332 1419 1517 1456 locupletem.
1533 1423 1561 1449 te
1575 1429 1642 1449 vero
1658 1431 1817 1458 pauperem

990 1469 1055 1489 esse
1070 1463 1172 1490 statuit
1187 1465 1215 1490 et
1230 1463 1443 1492 miserum.Cur
1457 1465 1548 1501 igitur
1562 1466 1686 1494 Domino
1701 1469 1728 1494 et
1740 1467 1818 1495 Patri

990 1506 1067 1533 diem
1082 1506 1165 1537 dicis,
1180 1509 1209 1534 et
1224 1516 1359 1536 recenses
1375 1510 1440 1543 ejus
1455 1510 1658 1538 creationem?
1684 1511 1758 1538 Num
1788 1511 1818 1538 in

990 1549 1106 1577 Domini
1132 1551 1195 1578 loco
1209 1559 1274 1579 eum
1292 1553 1376 1588 ponis
1388 1553 1401 1580 ‘T
1416 1556 1443 1580 et
1459 1555 1617 1588 quomodo,
1634 1563 1735 1582 servus
1751 1563 1817 1582 cum

991 1594 1043 1627 sis,
1059 1594 1217 1622 Dominum
1235 1597 1268 1623 ad
1287 1597 1429 1625 rationem
1447 1598 1624 1626 reddendam
1644 1599 1756 1627 vocas?
1783 1600 1819 1627 At

991 1641 1106 1667 Patrem
1132 1641 1274 1669 nominas.
1303 1642 1453 1673 Quomodo
1469 1651 1535 1670 vero
1550 1643 1641 1671 audes
1655 1652 1706 1678 pro
1721 1644 1819 1680 impu-

990 1684 1088 1712 dentia
1099 1686 1348 1718 tua,contemnere
1366 1687 1714 1715 excommunicationem?
1730 1688 1818 1716 Auxi-

989 1727 1062 1756 lium
1079 1729 1204 1765 imploro.
1233 1730 1384 1765 divinum;
1415 1732 1460 1759 fac
1489 1732 1705 1768 paenitentiam,
1735 1733 1820 1768 expia

990 1776 1106 1809 peccata
1133 1776 1185 1802 tua
1213 1775 1348 1810 precibus
1374 1776 1443 1808 tuis.
1468 1777 1503 1804 ad
1521 1779 1638 1804 sanctos
1656 1777 1816 1812 praesertim

989 1818 1053 1853 ejus
1064 1819 1176 1852 effusis,
1191 1822 1219 1847 et
1233 1820 1283 1847 ubi
1299 1828 1373 1855 opus
1389 1821 1444 1848 erit
1458 1820 1574 1849 divitias
1602 1821 1654 1849 tibi
1684 1830 1816 1849 commu-

990 1863 1112 1896 nicabit,
1129 1865 1157 1891 et
1169 1872 1233 1892 vere
1245 1864 1364 1892 beatum
1382 1865 1493 1893 reddet.
1511 1866 1538 1892 Si
1563 1868 1672 1899 autem,
1703 1866 1817 1902 suppli-

991 1916 1061 1935 cans
1088 1911 1116 1935 et
1145 1917 1197 1944 pro
1227 1909 1338 1937 viribus
1367 1910 1445 1945 quod
1472 1912 1554 1938 tuum
1572 1913 1617 1938 est
1633 1918 1775 1947 peragens
1789 1911 1818 1938 in

991 1953 1090 1980 eadem
1108 1953 1225 1980 fortuna
1241 1962 1354 1987 manes,
1372 1954 1467 1990 cogita
1483 1955 1560 1990 quod
1577 1956 1613 1983 ob
1629 1957 1747 1991 peccata
1767 1958 1819 1983 tua

990 1998 1041 2024 aut
1055 1997 1134 2025 aliud
1151 1998 1299 2033 quoddam
1317 2001 1344 2026 te
1358 1999 1528 2027 divitiarum
1554 2000 1726 2036 participem
1752 2008 1818 2028 esse

990 2050 1047 2069 non
1063 2041 1221 2069 vult.Nunc
1238 2043 1356 2078 quidem
1366 2043 1423 2071 voti
1433 2046 1597 2080 compotem
1607 2045 1669 2071 ﬁeri
1680 2044 1753 2071 nihil
1765 2044 1818 2072 tibi

989 2087 1159 2122 prodesset;
1175 2087 1270 2114 veniet
1285 2090 1383 2115 autem
1401 2091 1529 2123 tempus,
1546 2097 1604 2124 quo
1621 2088 1684 2116 vitae
1699 2091 1816 2123 pratum

988 2131 1115 2165 ﬂorebit,
1130 2134 1158 2159 et
1173 2133 1204 2159 tu
1221 2132 1348 2159 fructum
1370 2132 1573 2168 largissimum
1603 2132 1738 2168 colligere
1768 2141 1818 2167 po—

988 2176 1070 2203 teris.
1097 2177 1154 2203 Aut
1183 2185 1239 2204 non
1266 2177 1347 2203 vides
1363 2177 1483 2204 arbores
1498 2176 1644 2204 fructibus
1661 2177 1774 2213 plenos,
1791 2179 1820 2205 et

986 2220 1163 2256 frugiferos;
1198 2219 1271 2249 alios
1301 2221 1459 2256 quotannis
1497 2221 1608 2256 passim
1649 2221 1817 2257 frugiferos,

988 2265 1099 2302 passim
1129 2265 1245 2292 steriles
1274 2265 1342 2293 folia
1371 2265 1490 2301 dijicere
1518 2268 1547 2294 ot
1567 2274 1658 2294 conire
1672 2266 1817 2294 naturalis

989 2310 1137 2338 calvitium
1154 2310 1238 2346 pati?
1254 2311 1334 2343 Quod
1351 2319 1408 2337 non
1439 2319 1546 2338 vanum
1577 2319 1610 2338 ac
1641 2311 1738 2345 inane,
1767 2311 1818 2338 sed

993 2354 1155 2382 secundum
1173 2359 1282 2382 natura:
1298 2355 1449 2382 rationem.
1467 2356 1588 2388 Quando
1605 2355 1681 2382 enim
1708 2355 1819 2384 fructus

994 2401 1044 2427 aut
1059 2399 1238 2432 hominibus,
1256 2401 1307 2427 aut
1323 2400 1435 2428 caeteris
1450 2401 1592 2428 creaturis
1608 2400 1748 2436 prodesse
1768 2402 1818 2429 de-

993 2444 1071 2478 bent,
1090 2444 1175 2472 ﬂores
1191 2444 1268 2480 pleni
1282 2447 1310 2472 et
1326 2445 1386 2473 visu
1405 2445 1519 2481 pulchri
1533 2447 1684 2480 apparent,
1701 2448 1728 2473 et
1750 2446 1819 2474 folia

993 2489 1022 2516 in
1040 2490 1167 2517 fructum
1187 2489 1352 2524 virescunt;
1369 2489 1393 2517 si
1409 2492 1506 2517 autem
1523 2490 1635 2517 fructus
1651 2490 1731 2525 abiit,
1749 2491 1819 2518 folia

994 2542 1110 2570 quoque
1125 2534 1208 2562 humi
1225 2534 1372 2562 labuntnr.
1400 2534 1536 2569 Vivipara
1566 2534 1644 2562 enim
1674 2535 1757 2571 quasi
1786 2536 1817 2563 in

993 2579 1105 2606 radices
1122 2579 1225 2606 matris
1241 2578 1476 2615 redeunt,ibique
1493 2579 1650 2608 residentis
1665 2580 1775 2608 sensim
1787 2580 1816 2607 in

992 2632 1042 2652 ver
1057 2632 1165 2651 novum
1182 2624 1359 2652 reviviscunt
1372 2624 1490 2659 quando
1508 2626 1540 2652 ut
1554 2633 1606 2661 per
1634 2624 1752 2652 canales
1773 2633 1817 2652 re-

993 2671 1126 2702 currunt,
1154 2670 1182 2696 et
1197 2670 1229 2695 ut
1245 2677 1320 2696 anno
1336 2668 1436 2704 elapso
1453 2671 1561 2697 natura
1579 2669 1733 2705 peculiaris
1749 2677 1818 2696 mu-

992 2722 1062 2741 nere
1078 2714 1250 2749 funguntur.
1267 2713 1339 2741 Vide
1354 2713 1444 2750 igitur
1466 2722 1501 2741 ne
1526 2716 1558 2742 tu
1586 2722 1702 2750 quoque
1728 2712 1818 2741 simili

991 2758 1048 2795 legi
1063 2757 1241 2794 subjiciaris,
1258 2759 1286 2786 et
1301 2758 1350 2786 ubi
1366 2757 1407 2786 nil
1423 2759 1476 2787 tibi
1492 2759 1621 2795 proderit
1637 2759 1731 2791 arbor,
1741 2758 1819 2786 unde

992 2803 1077 2831 ﬂores
1112 2806 1140 2831 et
1174 2803 1287 2830 fructus
1320 2804 1506 2839 spectabiles,
1542 2806 1572 2831 ut
1601 2802 1670 2830 folia
1691 2806 1718 2830 et
1738 2811 1816 2839 quaa-

990 2855 1106 2884 cunque
1136 2856 1153 2876 a
1181 2848 1258 2876 bona
1279 2848 1382 2877 arbore
1397 2849 1582 2885 proveniunt,
1599 2850 1771 2883 nascuntur,
1787 2849 1819 2877 et
