1992 3158
205 175 261 205 ’111
591 171 802 204 EUSTATHII
824 168 1207 203 THESSALONICENSIS
1227 168 1520 200 METROPOLITE
1822 173 1873 204 τη

206 249 252 275 ne,
268 241 293 268 si
308 241 425 276 quando
440 247 490 268 eos
505 239 641 274 colligere
655 238 750 274 cupis,
772 237 872 265 omnia.
898 238 926 264 te
954 236 1025 264 eﬁ'u-

1086 233 1290 271 βλέπεσθαι,καιὶ
1302 233 1336 261 τὰ
1350 232 1443 272 φύλλα
1460 233 1560 269 τέθηλε
1575 232 1618 262 διὰ
1632 235 1676 262 τὸν
1688 236 1782 273 καρπὸν
1794 239 1874 267 ταῦτα.

205 287 295 322 giant,
326 286 396 321 quia
423 288 540 320 tempus
570 292 627 312 non
643 287 687 311 est
703 284 911 318 opportunum.
929 281 984 309 Sed
999 281 1027 308 id

205 338 321 366 quoque
336 330 411 362 vide,
427 337 462 357 ne
477 329 604 356 carduos
620 328 649 355 in
666 327 755 354 ramis
772 326 922 354 sterilibus
937 326 988 352 aut
999 325 1028 351 in

206 375 287 403 rubis
300 377 327 402 et
340 374 410 410 piris
426 373 608 401 silvestribus
624 372 768 408 producas
792 371 839 406 (ob
869 370 921 397 hoc
951 369 1029 397 enim

205 420 331 447 fructum
346 418 465 454 quidem
483 417 604 449 fers,sed
622 425 679 444 nun
695 415 824 443 debitum
842 416 871 442 et
886 421 1028 442 manuum

205 463 368 492 contractui
398 462 613 498 resistentem).
642 465 747 488 Annon
773 459 850 487 Deus
879 459 1028 486 hominem

206 517 328 544 parvum
359 509 428 536 facit
459 510 488 535 et
516 506 661 534 deminuit
676 505 726 541 qui
742 505 776 532 ad
795 505 907 531 fructus
921 503 1028 538 produ-

206 554 312 580 cendos
328 556 414 580 natus
431 560 488 579 non
504 554 559 584 est,
579 553 630 578 aut
658 551 784 577 fructum
814 548 933 584 quidem
963 547 1028 579 fert,

204 606 253 625 eos
269 599 366 624 autem
382 596 431 632 qui
447 596 512 624 illos
526 599 645 631 tangere
660 595 762 622 volunt
773 591 1029 629 pungendolmdit?

204 648 307 673 Preces
323 645 411 673 funde
426 646 462 672 ad
480 647 580 677 Deum,
596 647 624 671 et
639 651 725 679 spera
745 643 775 670 in
804 650 882 674 eum,
912 643 940 669 et
967 641 1030 676 ipse

203 691 306 718 faciet.
337 689 428 724 Imple
458 690 522 724 ejus
550 688 742 718 voluntatem.
772 689 801 714 et
831 686 881 714 tibi
910 685 1028 712 favebit.

203 735 297 763 lrrora
308 734 418 762 labium
437 734 546 761 siccum
559 732 606 759 siti
623 733 792 767 ﬂagrans,et
808 730 887 766 pluet
903 730 953 758 tibi
970 738 1028 757 ca:-

202 779 272 807 litus
288 787 396 806 manna
410 777 562 814 spirituale
574 780 601 804 et
612 775 762 804 sensibile.
776 779 816 804 An
830 775 905 803 nosti
917 776 1028 810 virgam

203 824 343 851 virentem
355 826 384 850 et
393 823 454 850 solo
470 822 518 850 Dei
534 829 683 849 servorum
699 821 786 847 verbo
802 820 1027 855 germinantem.

203 871 354 896 sexcentos
370 876 385 894 ο
400 869 493 894 morte
509 867 682 894 excitantcm
696 865 705 892 ?
723 865 762 892 Te
778 867 875 892 autem
897 863 1028 899 plantam

204 913 365 946 madidam,
383 919 461 939 nunc
478 910 573 946 pravis
588 909 799 946 cupiditatibus
828 909 1026 944 aegrotantem,

202 965 266 992 quae
280 959 312 983 'e
342 955 456 992 parsiso
469 955 557 987 venit,
573 955 707 986 educare.
736 953 894 981 insertions
923 951 1026 988 ampli-

202 1001 289 1028 ficare
304 1003 332 1028 et
348 1000 501 1028 fecundam
519 999 640 1027 reddere
655 1007 712 1026 non
729 997 928 1026 valesPDssine
943 1005 960 1024 ιι
970 996 1027 1024 Deo

202 1048 309 1081 petere,
338 1047 366 1072 et
397 1045 460 1081 ipse
484 1046 587 1080 sponte
615 1043 668 1071 tibi
702 1042 793 1070 dabit.
832 1042 894 1070 Non
925 1050 941 1069 ο
969 1041 1027 1069 Deo

202 1090 310 1126 petiisti
342 1093 374 1117 ut
403 1089 432 1116 in
462 1088 565 1116 matris
594 1090 650 1115 tua:
681 1090 762 1116 utero
779 1086 982 1122 concipereris,
999 1088 1028 1113 et

201 1137 298 1162 tamen
314 1134 363 1162 illa
377 1138 405 1162 te
418 1134 559 1170 concepit.
574 1136 612 1160 Ex
628 1135 709 1160 utero
732 1132 760 1159 in
791 1131 885 1159 lucem
900 1130 1026 1166 prodire,

202 1179 317 1211 nutriri,
348 1179 514 1215 procedere,
541 1178 589 1205 ubi
608 1186 685 1205 nunc
701 1180 835 1210 stas,non
853 1179 908 1204 tuae
925 1176 1026 1203 volun-

201 1225 270 1252 tatis
286 1224 482 1258 fuit,attamcn
499 1223 559 1250 hec
574 1222 683 1256 omnia,
692 1225 719 1249 te
732 1221 832 1254 invito,
846 1221 1023 1248 acciderunt.

202 1269 294 1304 Igitur
307 1271 408 1296 caetera
423 1275 538 1303 quoque
555 1267 606 1294 tibi
632 1266 790 1299 dabuntur,
817 1265 977 1292 dummodo
993 1272 1027 1291 ea

201 1312 300 1346 facias,
331 1314 397 1348 post
426 1320 490 1348 qua:
513 1314 615 1338 catera
630 1311 774 1338 addentur
789 1312 817 1337 et
832 1312 865 1336 ut
880 1309 908 1336 in
926 1308 1026 1336 funda-

201 1360 297 1385 mento
313 1357 397 1384 ﬁrmo
413 1355 608 1383 stabilientur.
627 1355 699 1387 Quid
733 1354 854 1381 Domino
883 1352 1025 1381 reddituri

201 1402 295 1429 simus
312 1401 472 1432 nescimus,
489 1402 616 1428 attamen
634 1399 714 1426 dedit
730 1399 824 1431 nobis,
841 1406 966 1433 quorum
982 1399 1026 1424 est

201 1446 225 1474 ei
242 1449 359 1482 accepta
375 1445 491 1472 referre.
508 1444 580 1478 Quid
600 1443 689 1479 igitur
705 1446 800 1479 petere
815 1442 859 1470 vis
887 1450 903 1469 a
930 1441 1026 1469 credi-

200 1490 284 1518 tore?
308 1489 450 1518 Dominus
464 1489 628 1517 mercedem
645 1488 712 1516 tibit
728 1487 794 1515 dedi
810 1486 950 1522 servo,cui
967 1494 1025 1514 non

201 1535 336 1568 debebat,
352 1534 411 1562 noli
428 1534 518 1570 igitur
531 1533 732 1570 impudentem
750 1534 777 1560 te
792 1540 891 1568 gerere
907 1533 935 1558 et
958 1538 1026 1566 pre-

201 1579 284 1608 cibus
299 1579 358 1607 tuis
374 1579 506 1615 fatigare,
523 1587 558 1606 ne
573 1587 606 1605 ex
622 1578 658 1605 iis
674 1586 738 1613 quae
756 1576 888 1613 possides
908 1575 1024 1603 excidas

201 1633 230 1658 et
245 1630 320 1658 servi
335 1629 449 1657 inutilis
471 1631 579 1657 sortem
608 1627 752 1663 obtingas.
783 1627 868 1654 Pater
895 1625 1024 1654 bisredes

202 1675 381 1710 designavit;
399 1682 456 1702 non
471 1673 560 1709 igitur
576 1673 605 1700 in
621 1681 655 1700 ea
670 1675 714 1700 est
730 1672 913 1704 necessitatel
937 1678 1024 1706 quam

202 1722 232 1747 tu
245 1719 270 1747 ei
282 1719 441 1747 attribuere
452 1719 505 1745 vis.
522 1719 645 1752 Magnus
659 1716 727 1744 olim
745 1717 874 1752 possedit
887 1715 956 1748 Job;
974 1714 1024 1742 sed

201 1765 300 1793 omnia
316 1763 514 1800 perdidit,imo
531 1770 562 1789 se
577 1762 675 1796 ipsum
691 1761 800 1788 amisit.
815 1760 931 1787 Efﬂuxit
946 1759 1024 1786 enim

200 1809 230 1836 in
247 1809 359 1836 saniem
376 1807 533 1839 resolutus,
547 1814 599 1833 nec
628 1809 725 1832 tamen
754 1805 846 1832 Deum
877 1804 1025 1831 accusavit

199 1853 424 1883 inconsiderate,
455 1859 510 1877 non
541 1850 577 1876 de
605 1849 774 1884 repetundis
803 1847 961 1884 postulavit
973 1855 1025 1875 nec

201 1897 275 1923 dixit
290 1905 320 1924 se
337 1895 447 1930 aliquid
467 1894 612 1929 amisisse,
643 1894 693 1921 sed
723 1894 753 1920 in
783 1893 840 1921 Deo
870 1894 1024 1920 facutatem

200 1940 288 1967 dandi
305 1942 332 1967 et
348 1939 490 1975 eripiendi
505 1939 632 1974 agnovit.
652 1938 742 1974 igitur
756 1938 793 1966 ob
818 1938 1025 1974 gratitudinem

200 1992 257 2012 non
287 1985 426 2019 majorem
457 1983 623 2012 felicitatem
653 1983 806 2011 affectavit.
837 1983 895 2018 Ego
926 1985 1024 2010 autem

200 2031 298 2057 metuo
314 2038 350 2058 ne
365 2029 442 2057 Deus
459 2029 595 2064 precibus
610 2028 669 2055 tuis
686 2028 826 2063 fatigatus
842 2028 894 2055 tibi
911 2027 960 2054 det
975 2036 1026 2062 aut

199 2074 296 2110 potius
313 2073 449 2102 restituat
463 2074 540 2109 quod
562 2073 614 2101 tibi
640 2072 834 2108 expetendum
865 2081 923 2100 non
953 2075 1024 2100 erat.

199 2125 270 2152 Cum
293 2124 371 2152 enim
390 2125 445 2152 Deo
461 2123 567 2151 dedisti
582 2123 658 2159 quod
676 2131 728 2158 par
741 2131 798 2150 non
814 2125 887 2157 erat,
903 2125 935 2150 tu
951 2131 1025 2159 quo-

199 2177 255 2205 que
271 2169 406 2205 redipisci
423 2168 513 2196 debes
527 2176 590 2203 qua:
603 2167 743 2195 nolueris.
774 2167 829 2195 Job
859 2167 935 2195 inter
962 2168 1026 2196 dira

199 2216 344 2242 tormenta
359 2216 415 2241 Deo
431 2221 488 2241 non
504 2213 667 2248 incongrua
682 2212 765 2245 dixit,
783 2214 814 2239 tu
831 2214 939 2243 autem.
965 2220 1025 2240 non

199 2258 308 2287 similia
323 2267 440 2295 passus,
456 2265 523 2285 eum
540 2256 837 2292 hlasphemangitur
852 2257 887 2284 ab
904 2265 936 2284 eo
952 2257 1026 2284 reci-

1083 280 1147 307 ’Ὸτε
1162 277 1190 306 δὲ
1206 277 1285 309 αὐτὸς
1301 277 1482 316 ἀπέλθῃ,τότε
1496 279 1539 306 καὶ
1557 279 1589 306 τὰ
1604 279 1693 318 φύλλα
1707 279 1776 318 ἔραζε
1789 281 1876 319 πίπτει,

1082 324 1126 352 καὶ
1142 325 1175 351 τὰ
1191 323 1275 351 λοιπὰ
1291 322 1320 351 δὶ
1333 326 1382 351 τοῖ’)
1399 323 1508 362 δένδρου
1522 325 1571 359 τὴν
1583 324 1711 363 προτὲραν
1724 325 1787 364 ὥραν
1802 327 1875 356 air/in

1083 368 1152 406 ἔχει.
1167 368 1345 396 Παλιννοστεῖ
1359 369 1410 407 γὰρ
1425 369 1457 396 τὸ
1483 369 1616 407 ζωογόνον
1645 369 1682 401 εἷς
1709 371 1753 401 τὰς
1778 372 1876 409 μητέρας

1084 412 1192 440 ἐκείνων
1209 413 1293 451 ῥίζας,
1310 413 1354 440 καὶ
1376 412 1524 450 ὑφιδρεύει,
1554 414 1598 441 καὶ
1629 414 1780 453 ὑποσμύχον
1804 418 1878 450 ζωπυ-

1084 457 1221 495 ρεῖταιείς
1250 457 1308 494 ἔαρ,
1339 457 1384 485 ὅτε
1411 457 1493 485 πάλιν
1520 459 1556 489 ὡς
1580 457 1614 485 δι’
1632 459 1786 497 ὑπαγωγᾶων
1811 463 1877 488 τινῶν

1083 499 1277 539 ἐκθλιϐόμενον
1294 502 1435 540 ἀνατρέχει
1451 503 1495 530 καὶ
1510 505 1589 540 γεννᾷ
1612 503 1646 531 τὰ
1668 505 1772 541 πέρυσιν
1798 506 1877 542 ἀγαθά.

1082 548 1153 584 Ὀρα
1168 549 1245 584 γοῦν,
1261 548 1370 583 μήποτε
1384 548 1428 574 καὶ
1446 547 1476 574 σὺ
1505 547 1624 584 τοιούτῳ
1640 547 1713 586 λόγῳ
1739 549 1877 578 Omnia-tm-

1083 602 1141 627 καις,
1165 591 1210 619 καὶ
1239 593 1255 627 ἢ
1284 591 1314 619 οὐ
1343 592 1483 632 σύμφορόν
1513 603 1555 620 σοι
1585 592 1679 620 λαλεῖν
1709 593 1784 630 ὕλην,
1812 594 1834 630 ἐξ
1853 596 1880 629 ἧς

1083 638 1155 668 ἔσται
1186 639 1290 678 βλάστη
1319 641 1363 668 καὶ
1400 641 1504 679 καρπὸς
1534 642 1606 677 ἄξιος
1632 641 1713 679 λόγου
1738 643 1779 670 καὶ
1805 643 1879 682 φύλλα

1083 686 1126 712 καὶ
1147 684 1232 720 λοιπὴ
1262 688 1334 713 πᾶσα
1362 685 1456 724 εὐφυΐα
1484 688 1608 724 χρηστοῦ
1635 685 1753 724 δένδρου,
1781 688 1797 722 ἢ
1823 687 1880 715 ἀλλὰ

1082 730 1138 765 καὶ,
1155 729 1244 757 εἴποτε
1275 727 1372 767 Λάῦῃς,
1399 730 1461 758 ὅιλλ⁷
1478 731 1554 763 αὖθις
1575 731 1772 769 ἀπορῥυήσεταί
1797 743 1833 760 σοι
1854 733 1881 760 τὰ

1084 772 1214 810 δεδομένα
1241 773 1285 802 διὰ
1299 775 1330 802 τὸ
1345 775 1382 811 μή
1397 775 1512 813 καίριον.
1544 775 1645 803 Σκόπει
1661 775 1690 803 δὲ
1713 777 1766 811 καὶ,
1794 778 1881 812 μήποτε

1083 819 1289 857 ἀκανϐροφορῇς
1302 820 1369 847 κατὰ
1381 820 1428 850 τὰς
1446 819 1564 857 ῥάμνους
1587 821 1643 856 (καὶ
1669 819 1712 848 διὰ
1734 823 1807 849 τοῦτο
1831 821 1881 849 οὐδὲ

1082 864 1321 902 χαρποφορεῖς),ἢ
1343 865 1410 892 κατὰ
1424 864 1489 896 τοὺς
1510 865 1608 902 βάτους
1633 865 1679 892 καὶ
1705 866 1766 897 τοὺς
1792 866 1880 903 ἀγρίους

1083 908 1178 939 ἀπίους
1205 907 1310 945 (καὶδι⁷
1326 909 1392 936 αὐτὸ
1419 908 1507 948 φὲρεις
1532 909 1581 946 μὲν
1611 911 1725 947 καρπὸν,
1752 911 1880 950 περιφέριις

1084 951 1106 979 δ’
1133 953 1242 988 ἐκεῖνον,
1271 953 1364 980 ὁποῖον
1395 954 1451 991 χρή
1475 955 1697 992 τιΛεσφοριῖσ-θαι
1726 957 1796 993 φυτῷ
1819 955 1882 983 ἀχάν-

1082 997 1124 1024 ῧαι
1172 997 1321 1036 φρίσσοντι,
1367 998 1411 1025 καὶ
1459 998 1491 1026 τὰ
1536 999 1763 1036 προσαπτομένας
1804 1003 1880 1038 χεῖρας

1082 1041 1252 1078 ἀμύσσοντι).
1283 1042 1316 1069 Ἦ
1345 1042 1395 1080 γὰρ
1424 1042 1454 1070 οὐ
1479 1043 1622 1081 σμικρύνει
1639 1045 1704 1076 Θεὸς
1724 1045 1766 1072 χαὶ
1793 1044 1882 1082 ἀχρειοῑ

1082 1086 1237 1123 ἄνθρωπον,
1265 1086 1295 1117 ’ὸς
1313 1086 1330 1121 ἢ
1346 1090 1544 1126 καρποτροφεῖν
1568 1087 1599 1115 οὐ
1624 1088 1752 1127 πέφυκεν,
1779 1088 1880 1127 ἢτρὲφει

1084 1130 1130 1167 μὲν
1160 1131 1282 1168 καρπὸν,
1312 1131 1442 1168 χεν-τρίζει
1472 1130 1501 1159 δὲ
1527 1132 1591 1163 τοὺς
1635 1132 1825 1170 προσάπτεσθαι
1846 1133 1880 1160 καὶ

1082 1173 1224 1212 δρέπεσθαι
1251 1174 1400 1210 θέλοντας,
1426 1174 1505 1213 Εὕξαι
1535 1176 1574 1213 τῷ
1597 1179 1676 1213 Θεῷ,
1705 1178 1741 1208 ὡς
1763 1178 1803 1205 καὶ
1827 1177 1881 1205 ἄπο-

1082 1218 1171 1247 δοῦναι
1187 1219 1259 1256 αὖτῷ
1271 1220 1318 1251 τὰς
1334 1220 1426 1258 εὐχὰς,
1441 1221 1486 1248 καὶ
1515 1219 1628 1249 ἕλπισον
1653 1221 1694 1249 ἐπ’
1723 1222 1826 1258 ἐκεῖνον,
1846 1221 1881 1249 καὶ

1080 1263 1159 1294 αὐτὸς
1183 1266 1313 1300 ποιήσει.
1348 1265 1568 1304 Πληροφὸρησον
1597 1271 1651 1301 τήν
1682 1265 1825 1303 μετάδοσιν,
1846 1266 1880 1293 χαί

1080 1307 1207 1336 ἐπιδώσει
1235 1320 1288 1336 σοι.
1306 1309 1434 1347 Δρόσισον
1450 1309 1548 1348 χεῖλος
1576 1310 1676 1347 ἐνδεὲς,
1707 1311 1880 1348 ὐποκαιόμενον

1080 1351 1172 1389 δίψει,
1200 1354 1246 1381 καὶ
1275 1352 1407 1392 ἐπιϐρὲξει
1437 1365 1479 1382 σοι
1508 1354 1607 1387 ἄνωθεν
1636 1356 1669 1383 τά
1699 1356 1822 1394 ζωογόνα,
1846 1356 1880 1382 καὶ

1080 1397 1144 1424 αὐτὸ
1169 1396 1197 1425 δὲ
1225 1398 1320 1434 μάννα,
1350 1399 1380 1426 τὸ
1408 1399 1452 1427 καὶ
1482 1399 1632 1436 νοούμενον
1661 1400 1705 1428 καὶ
1733 1401 1880 1440 φαινόμενον.

1080 1445 1113 1469 ’Ἠ
1144 1440 1242 1480 ῥάϐδον
1273 1443 1320 1480 μὲν
1351 1442 1424 1475 οἶδας
1456 1443 1648 1482 βλαστήσασαν
1665 1467 1673 1480 ,
1707 1445 1750 1472 καὶ
1777 1445 1837 1482 φυτά
1860 1443 1880 1471 δὲ

1081 1487 1164 1524 μυρία
1188 1487 1217 1514 ἐκ
1235 1488 1391 1527 νεκρώσεως
1416 1489 1626 1524 ἀναθηλήσαντα
1654 1489 1729 1527 λόγῳ
1756 1489 1796 1516 καὶ
1823 1488 1881 1525 μόνῳ

1078 1534 1132 1558 τῶν
1157 1534 1205 1559 τοῦ
1221 1535 1287 1560 Θεοῦ
1301 1532 1490 1571 θεραπόντων;
1506 1533 1587 1560 αὐτὸν
1617 1532 1648 1561 δέ
1674 1544 1713 1568 σε,
1741 1534 1771 1561 τὸ
1785 1531 1818 1560 ἔτι
1840 1530 1881 1559 ἔνι-

1079 1586 1148 1612 κμον
1177 1577 1270 1616 φυτὸν,
1300 1578 1330 1605 τὸ
1359 1580 1405 1605 νῦν
1436 1578 1483 1615 μὲν
1511 1578 1686 1616 ἠγριωμένον
1717 1579 1835 1612 πάθεσιν,
1859 1576 1881 1605 ἐκ

1081 1624 1246 1663 παραδείσου
1277 1625 1304 1653 δὲ
1329 1627 1453 1654 ἀνέκαθεν
1479 1628 1607 1666 πεφυκὸς,
1636 1627 1686 1655 οὐκ
1709 1626 1765 1666 ἔχει
1781 1628 1880 1664 μοσχιῦ-

1081 1680 1143 1705 σαι,
1172 1671 1216 1698 καῖ
1247 1671 1285 1703 ὡς
1313 1673 1370 1698 οἷον
1402 1671 1436 1699 δι’
1465 1669 1625 1708 ἐπεμϐολῆς
1656 1676 1827 1709 μεταποιῆσαι
1852 1671 1879 1700 si:

1080 1715 1166 1750 πάντη
1196 1715 1312 1753 ἥμερον,
1347 1716 1391 1743 καὶ
1427 1715 1647 1744 χαταπλουτίσαι
1676 1717 1714 1748 εἰς
1750 1716 1880 1754 ἔγκαρπον,

1080 1760 1162 1798 Ἀιρες
1185 1760 1305 1787 ἀπαιτεῖν
1331 1761 1377 1788 τὸν
1403 1761 1468 1789 Θεὸν
1486 1783 1493 1795 ,
1529 1760 1575 1788 καὶ
1603 1761 1687 1794 αὐτὸς
1715 1760 1790 1789 δώσει
1817 1761 1879 1788 ἑκών.

1080 1805 1138 1832 Οὐκ
1163 1804 1296 1840 ἐζήτησας
1326 1806 1372 1832 τὸν
1401 1805 1465 1832 Θεὸν
1484 1827 1491 1839 ,
1521 1805 1546 1832 ἐν
1579 1806 1675 1842 κοιλίᾳ
1713 1805 1879 1845 συλληφθῆναι

1082 1849 1185 1887 μητρός
1204 1859 1209 1864 ·
1237 1850 1282 1877 καὶ
1311 1849 1398 1884 ἐκείνη
1429 1847 1559 1878 συνέλαϐε
1587 1861 1616 1878 σε
1633 1873 1641 1880 ,
1669 1851 1726 1880 Οὐκ
1753 1851 1879 1887 ἠνάγκασας

1080 1893 1241 1932 πφοσελοεῖν
1273 1896 1389 1932 μήτρας,
1406 1895 1451 1922 καὶ
1476 1897 1532 1933 φῶς
1548 1894 1627 1929 ἰδεῖν,
1657 1897 1703 1923 καὶ
1732 1895 1880 1934 ἐκτραφῆναι,

1080 1940 1123 1966 καὶ
1141 1936 1288 1975 προϐῆναι,
1317 1939 1380 1967 ὅποι
1409 1942 1454 1966 νῦν
1483 1938 1607 1975 ἕστηκας·
1637 1941 1682 1968 καὶ
1711 1943 1789 1968 ταῦτα
1813 1938 1881 1966 πάντα

1079 1983 1174 2021 γέγονὲ
1204 1995 1244 2011 σοι
1274 1984 1457 2022 ἀπραγμόνως
1486 1984 1606 2017 ἐκεῖθεν,
1646 1986 1740 2013 Ἔσται
1765 1985 1823 2022 γοῦν
1848 1991 1880 2009 σοι

1081 2026 1185 2064 ὁμοίως
1211 2027 1256 2054 καὶ
1285 2028 1318 2055 τὰ
1346 2028 1451 2067 ἐφεξῆς,
1469 2029 1492 2056 εἰ
1522 2028 1604 2065 μόνον
1636 2028 1726 2056 ἔκεῖνα
1752 2030 1838 2060 ποιεῖς,
1851 2025 1878 2052 ὧν

1080 2073 1229 2110 γινομένων
1246 2073 1290 2100 καὶ
1311 2072 1344 2100 τὰ
1372 2071 1444 2100 ἄλλα
1473 2073 1647 2111 προτίθενται
1668 2074 1713 2101 καὶ
1742 2073 1878 2111 ὀροφοῦνται

1081 2121 1117 2151 ὼς
1153 2120 1195 2148 ἐπὶ
1234 2121 1353 2158 θεμελίῳ
1389 2121 1503 2161 στεῤῥῷ.
1539 2121 1572 2150 Τί
1609 2121 1829 2158 ἄνταποδώσομεν
1851 2120 1881 2153 τῷ

1081 2166 1212 2202 Δεσπότῃ,
1228 2166 1272 2193 καὶ
1301 2166 1467 2203 ἀποροῦμεν,
1497 2166 1541 2194 καὶ
1571 2166 1767 2204 μεθοδεύομεν,
1789 2165 1821 2196 ὡς
1845 2164 1879 2191 οἷα

1081 2209 1188 2245 δηλαδὴ
1216 2208 1299 2245 δόντι,
1328 2211 1372 2238 καὶ
1403 2211 1489 2242 οὕτως
1518 2210 1727 2249 ἐποφειλομὲνῳ
1746 2211 1775 2238 τὸ
1790 2210 1878 2241 ἀντιση-

1081 2257 1144 2282 κοῦν
1158 2265 1164 2290 ;
1181 2254 1212 2282 ⁷Ι¹ί
1236 2257 1301 2292 γοῦν
1318 2255 1439 2282 ἀπαιτεῖν
1456 2254 1556 2286 ἐθέλεις
1580 2255 1627 2282 τὸν
1658 2254 1879 2294 χρεωστούμενον;

199 2304 260 2339 pies
276 2304 353 2339 quod
371 2303 423 2330 tibi
440 2304 555 2338 gratum
571 2301 693 2329 minime
717 2301 781 2334 erit,
811 2301 867 2328 nisi
897 2302 1023 2329 charitas

1081 2297 1212 2326 Ἀπέδοτό
1229 2299 1328 2326 σοιτὸν
1357 2300 1452 2336 μισθὸν
1479 2301 1493 2327 ὁ
1518 2299 1669 2335 Δεσπότης,
1695 2300 1739 2327 καὶ
1755 2301 1830 2326 ταῦτα
1849 2295 1878 2332 μή

199 2348 297 2376 divina
324 2347 402 2375 mala
430 2356 445 2375 a
473 2349 501 2374 te
529 2346 633 2373 aufert.
649 2346 678 2372 Si
695 2349 790 2373 autem
807 2345 843 2372 ob
858 2346 1024 2374 vexationes

202 2400 370 2420 murmuras
384 2394 413 2420 et
428 2391 568 2428 quereris,
586 2393 614 2418 te
629 2391 776 2425 interrogo
794 2398 800 2418 :
819 2392 855 2417 Ds
870 2398 928 2425 quo
957 2399 1025 2426 que-

201 2436 274 2463 reris
302 2436 434 2464 amisso?
459 2439 534 2464 Sane
563 2436 642 2463 dices
672 2435 753 2462 nulla
773 2438 800 2462 te
816 2443 846 2462 re
861 2443 945 2470 egere
960 2444 1023 2471 quae

201 2480 329 2507 hominis
346 2484 454 2508 naturae
470 2479 723 2508 convenit.0mnia
738 2478 790 2506 tibi
814 2480 891 2506 bona
920 2483 1024 2514 priesto

201 2527 281 2553 sunt.
298 2525 485 2552 Metuendum
501 2525 553 2552 tibi
570 2533 628 2552 non
644 2526 688 2552 est
703 2533 738 2551 ne
753 2524 782 2551 in
800 2524 935 2551 morbum
951 2524 1023 2552 inci-

200 2570 263 2598 das.
278 2569 383 2596 Omnia
399 2577 486 2604 opera
500 2569 629 2597 humana
646 2570 783 2604 perficere
800 2568 876 2602 potis
900 2577 931 2596 es
956 2569 1024 2596 inde

200 2624 217 2642 a
245 2614 340 2651 prima
368 2616 451 2640 estate
474 2622 536 2649 quas
554 2614 634 2641 humi
651 2615 726 2649 repit
740 2616 768 2640 et
783 2613 829 2640 vix
844 2617 948 2649 sponte
964 2623 1024 2640 mo-

199 2663 290 2688 vetur.
309 2659 379 2686 Ecce
395 2660 422 2685 te
437 2658 573 2686 vestitum
589 2661 617 2686 et
632 2666 720 2694 super
743 2658 889 2685 columnis
919 2658 1023 2692 firmis,

199 2709 322 2744 pedibus
342 2707 407 2735 dico
424 2728 430 2740 ,
452 2707 645 2734 constitutum
679 2706 860 2734 incedoutcm
880 2727 886 2734 .
920 2706 1026 2735 Omnia

199 2761 295 2788 porro,
311 2752 420 2789 quibus
436 2750 547 2778 homini
565 2751 598 2778 ad
616 2751 810 2778 incedendum
827 2753 856 2778 et
870 2750 943 2778 alias
958 2759 1026 2787 ope-

201 2798 328 2825 rationes
344 2805 418 2832 opus
435 2798 489 2828 cst,
504 2795 606 2828 habes,
622 2795 682 2822 sive
697 2795 796 2828 homo,
827 2795 886 2823 sive
912 2795 1023 2823 animal

201 2839 322 2876 simplex
350 2841 503 2878 spectaris,
520 2840 599 2869 dives
616 2848 656 2868 es.
673 2840 748 2873 Quid
765 2840 853 2876 igitur
870 2840 1025 2870 Dominum

171 2938 223 2967 in.

1079 2343 1195 2374 ὀφείλων
1214 2344 1326 2380 μισθοὺς
1351 2347 1391 2380 τῷ
1407 2343 1509 2380 δούλῳ.
1535 2345 1617 2382 Ἀφες
1645 2344 1691 2372 οὗν
1721 2342 1878 2372 dvenae-5:60“

1079 2389 1123 2416 καὶ
1138 2391 1357 2426 προσεπιζητεῐν,
1377 2389 1414 2425 μὴ
1430 2389 1475 2416 καὶ
1500 2389 1536 2416 ὧν
1560 2388 1633 2427 ἔχεις
1649 2390 1772 2424 ἐκπέσης,
1795 2387 1832 2414 καὶ
1854 2383 1879 2411 τὰ

1078 2436 1126 2460 τοῦ
1151 2433 1261 2470 ὀχρείου
1291 2432 1391 2460 δούλου
1424 2433 1638 2469 καθυποσταίῆς.
1671 2431 1877 2471 Ἐκληροδότησεν

1080 2478 1094 2505 ὁ
1111 2479 1213 2515 Ηυξ-ἦρ’
1231 2477 1319 2505 οὐκέτι
1334 2480 1398 2516 γοῦν
1415 2478 1532 2516 ἀνάγκην
1557 2477 1618 2516 ἔχοι
1641 2478 1778 2515 τοιαύτην,
1800 2474 1877 2503 ὁποίαν

1080 2533 1121 2549 σοι
1137 2521 1244 2559 ἐπάγειν
1261 2521 1374 2553 ὶθέλεις.
1394 2522 1460 2560 Εἴχᾶ
1487 2532 1554 2550 ποτε
1583 2515 1596 2550 ὅ
1621 2523 1705 2560 μὲγας
1736 2518 1802 2549 Ἰώϐ·
1829 2515 1878 2545 ἀλλ’

1080 2566 1186 2601 ἐξέπεσε
1200 2567 1320 2601 πάντων,
1347 2567 1384 2594 ὧν
1401 2567 1469 2604 εἶχε,
1485 2567 1530 2594 καὶ
1546 2567 1633 2594 οὐκέτ’
1660 2568 1730 2604 εἶχεν
1746 2563 1804 2593 οὐδὲ
1825 2563 1876 2590 Elv-

1078 2610 1135 2640 τόν.
1166 2611 1297 2649 Ἀπὲῥρεε
1322 2611 1385 2648 γὰρ,
1417 2612 1454 2642 εἷς
1485 2611 1589 2650 ἰχῶρας
1615 2611 1803 2647 ἀναλυόμενος·
1828 2604 1878 2650 tu}.

1080 2657 1130 2684 οὐχ
1159 2655 1314 2688 ἐλογίστευε
1336 2657 1382 2684 τὸν
1404 2657 1480 2690 Θεὸν,
1507 2657 1559 2684 οὐκ
1575 2654 1816 2693 ἒπολυπραγμόνιιγ
1839 2649 1878 2677 οὐκ

1081 2706 1179 2742 ἐζήτει,
1197 2705 1259 2734 οὐδὲ
1277 2706 1330 2742 μὴν
1346 2705 1448 2744 ἔλεγεν,
1466 2705 1671 2733 ἀποΛωλεκέναι
1694 2713 1730 2732 τι·
1754 2701 1819 2730 ἀλλὶ
1839 2698 1875 2744 τὸν

1081 2751 1180 2788 Κύριον
1210 2750 1255 2778 καὶ
1283 2749 1374 2778 δοῦναι
1401 2750 1446 2778 καὶ
1469 2749 1613 2789 ἀφελέσθαι
1638 2748 1801 2788 ἀπεφαίνετο.
1816 2742 1876 2772 Οὖκ·

1081 2798 1125 2822 οὖν
1154 2795 1302 2832 ἀνεκαμψεν
1335 2795 1372 2827 εἷς
1399 2796 1429 2822 τὸ
1454 2794 1526 2822 πολὺ
1550 2798 1669 2831 κρεῖττον
1698 2793 1741 2821 xxi
1768 2789 1874 2824 εὔδαιμην

1082 2839 1126 2868 διὰ
1150 2840 1181 2868 τὸ
1210 2840 1384 2878 εὐχάριστον.
1414 2839 1484 2877 Ἐγὼ
1518 2838 1546 2867 δὶ
1569 2840 1614 2867 καὶ
1641 2837 1808 2874 εὐλαϐοῦμαι,
1835 2831 1875 2869 μή·
