2030 3167
100 178 159 208 713

612 176 653 207 ΙΝ
675 176 709 207 S.
733 175 1078 212 QUADRAGESIMAM
1099 176 1245 208 ORATIO
1266 177 1319 208 ιν.

1751 179 1812 208 ’114

100 253 169 270 ποτε
195 241 376 280 παρενοχλῶν
396 244 437 278 τῷ
459 244 517 278 Θεῷ
545 239 641 279 λάϐῃς,
672 240 778 278 μᾶλλον
803 242 850 278 μὲν
879 240 924 268 οὗν

988 242 1230 277 ηἱῢθιιαιὶεείιῃυω,
1251 243 1500 279 gloriosissimum
1526 244 1658 280 fatigas?
1673 247 1730 273 Cur
1752 253 1811 273 non

100 285 259 324 ἀντιλάϐῃς,
275 287 374 319 ἐκεῖθεν
390 287 422 314 τὸ
441 286 514 323 ἄξιον
540 287 600 323 μὲν,
623 287 783 314 ἀπευκταῖον
814 285 842 313 δέ
871 296 922 314 σοι.

100 331 216 360 Διδόντα
231 331 281 370 γάρ
311 342 340 359 σε
367 334 407 367 τῷ
432 333 500 367 Θεῷ,
531 332 597 368 ἅπερ
621 330 671 358 οὐκ
689 330 786 368 ἔχρῆν,
814 330 924 358 ἀντιλα-

97 375 157 405 ϐεῖν
181 377 282 415 χρεὼν,
312 375 329 403 ἃ
358 377 396 412 μὴ
428 374 605 414 βεϐούλησαι.
635 376 756 413 Πάσχων
787 375 881 406 δεινῶς
912 376 926 402 ὁ

97 422 104 433 ν
129 419 162 432 «ρ
221 421 227 430 1
275 419 302 431 NN
499 420 506 430 ρ
606 422 619 427 ~
693 422 706 427 -ν
771 420 776 428 ι
817 419 838 429 Nx
919 423 926 431 \

107 423 173 458 Ιωο,
200 432 249 448 ουκ
275 428 372 448 εοωκεν
404 421 558 459 ἀφροσυνην
586 431 626 456 τῳ
655 423 723 456 Θεῳ·
754 431 785 447 συ
815 428 853 454 οε,
881 431 926 447 και

98 469 185 494 ταῦτα
210 465 323 504 πάσχων
348 463 424 492 οὐδὲν
439 464 553 503 φαῦλον,
570 463 652 496 δίδως
667 463 784 502 ἄφρονας
815 464 926 501 λόγους.

100 513 235 540 Τοιοῦτον
260 510 311 547 γὰρ
341 510 371 536 τὸ
402 509 448 536 σὸν
468 508 631 547 βλάσφημον
663 510 708 536 καί
738 509 927 544 ἀπαιτητικόν.

96 556 203 583 Οὐκοῦν
221 554 360 591 ἀντιλήψῃ
386 553 486 586 ἐκεῖθεν
513 554 543 581 τὸ
573 553 616 581 σοὶ
646 551 811 588 ἀϐούλητον,
837 554 858 580 εἰ
891 554 928 589 μή

980 287 1054 315 sinis
1069 296 1135 315 eum
1152 288 1231 324 regio
1247 297 1316 324 erga
1331 290 1358 316 te
1383 289 1481 316 animo
1497 297 1574 320 esse.
1589 291 1616 316 et
1634 289 1734 326 largiri
1756 290 1810 318 tibi

981 332 1143 359 secundum
1173 332 1345 360 charitatem
1373 334 1481 360 suam?
1504 344 1518 359 «
1536 334 1607 366 Quis
1631 335 1749 362 tandem
1779 343 1810 363 es

981 376 1074 412 tu,qui
1091 385 1207 404 servum
1224 377 1351 405 alienum
1364 377 1529 412 judicas?»
1546 377 1655 413 aliquis
1672 380 1808 413 audierit,

983 421 1033 456 qui
1055 421 1150 448 alieno
1175 429 1257 448 servo
1277 422 1365 456 jussu
1386 422 1455 449 dare
1480 422 1641 456 praesumit.
1657 422 1808 453 Quomodo

983 465 1075 501 igitur
1090 474 1147 493 non
1163 465 1226 501 ipse
1241 474 1358 502 quoque
1373 466 1480 493 metuis
1497 475 1532 493 ne
1548 467 1665 502 quando
1683 467 1808 494 audias:

983 510 1066 537 Unde
1078 513 1109 537 tu
1120 510 1202 538 venis
1213 510 1283 546 quia
1292 519 1308 537 a
1316 510 1440 538 Domino
1449 513 1499 538 tuo
1510 511 1652 539 rationem
1665 511 1717 539 tibi
1729 512 1811 539 reddi

985 554 1154 590 expostules
1169 555 1182 582 ‘I
1198 566 1212 579 ››

95 599 183 637 ἅραὴ
201 599 257 632 θεία
272 598 466 638 φιλανθρωπία
494 598 708 635 προσισταμένη,
738 599 768 624 τὸ
800 598 921 635 βλάπτον
952 598 1086 636 ἀπαγάγοι
1114 598 1144 625 ἐκ
1173 601 1229 626 σοῦ.
1259 602 1345 626 Ἐστω
1366 597 1395 626 δὲ
1423 598 1464 625 ὅτι
1493 599 1537 626 καὶ
1566 599 1682 636 πάσχῶν
1712 599 1818 637 γογγύ-

99 649 154 680 ζεις
184 645 229 673 καὶ
260 643 368 675 λαλεῖς.
399 644 509 680 Ἐρωτῶ
538 642 583 678 δή.
615 643 673 670 Ἐπὶ
700 643 755 670 τίδι
782 642 934 680 γογγύζεις,
962 643 1008 669 καὶ
1037 643 1110 674 τίνος
1139 642 1321 680 λειπόμενος;
1355 643 1498 675 Λείπεσθαι
1530 644 1578 679 μὲν
1609 643 1679 681 ἐρεῖς
1709 644 1740 671 ἂν
1768 644 1814 671 οὖ-

98 689 178 721 δενὸς
205 691 260 716 τῶν
288 688 337 716 ὅσα
367 687 509 726 ἐπιπρέπει
538 687 694 724 ἀνθρώπῳ.
733 685 881 722 Ὁλομελές
907 697 949 714 σοι
979 687 1009 714 τὸ
1035 686 1120 714 καλὸν
1148 687 1192 714 καὶ
1219 688 1306 722 πάντη
1330 686 1421 724 ἄρτιον
1438 709 1444 716 ,
1486 687 1542 715 Οὐκ
1573 687 1646 724 ἔχεις
1676 688 1813 722 κίνδυνον,

101 736 260 766 ἀνακεῖσθαι
301 732 465 771 ἀρρώστως.
506 731 609 766 Ἔξεστί
653 742 694 758 σοι
737 730 895 768 ἐργάζεσθαι
934 732 1041 767 πάντα,
1080 733 1129 759 ὅσα
1166 734 1224 759 κατ’
1261 731 1402 770 ἄνθρωπον
1442 732 1494 759 ὰπὸ
1532 735 1637 769 γυμνοῦ
1676 731 1809 769 ἐμϐρύου,

100 779 148 806 καὶ
176 778 229 806 ἀπὸ
269 778 385 816 βρὲφους
423 776 615 812 ἱΛυα-πωμὲνου
651 777 714 811 περὶ
741 779 791 812 γῆν
811 799 818 810 ,
848 776 893 803 καὶ
925 777 962 812 μή
992 774 1105 814 ἔχοντος
1131 776 1265 804 ἀνανεύειν
1283 798 1290 804 .
1322 775 1391 804 Ἰδοὺ
1419 777 1464 803 καὶ
1493 775 1656 813 ἐνδεδυσαι,
1685 778 1730 804 καὶ
1765 777 1810 805 ἐπὶ

99 823 199 851 κιόνων
229 823 375 860 παθερῶν,
406 823 458 848 τῶν
489 819 593 853 ποδῶν,
623 818 714 857 ὄρθιος
745 819 942 854 ἀνεστήλωσαι.
971 819 1007 847 Οὐ
1039 821 1092 856 μὴν
1121 819 1149 848 δὲ
1165 820 1238 848 ἀλλὰ
1266 821 1310 847 καὶ
1337 821 1370 847 τὰ
1399 820 1437 851 εἰς
1465 822 1516 854 τὴν
1534 821 1643 858 πορείαν
1659 820 1811 849 καὶτᾶλλα

100 878 188 895 παντα
214 867 264 894 ὅσα
292 866 447 894 κατευθύνει
475 865 519 892 τὸν
551 863 693 901 ἄνθρωπον
723 864 759 895 ὡς
785 864 829 891 καὶ
860 866 929 898 ζῶον
957 864 1051 895 ἁπλῶς
1081 865 1125 892 καὶ
1153 865 1189 896 ὡς
1220 864 1372 902 ἄνθρωπον,
1401 864 1541 895 πλουτεῖς.
1571 865 1604 893 Τί
1633 864 1661 892 δὲ
1692 865 1737 892 οὖν
1765 865 1811 893 τὸν

97 914 181 940 ταῦτα
221 910 475 949 φιλοτιμησάμενον
522 909 810 947 μεγαλοπρεπέστατον
855 909 993 944 Δεσπότην
1037 908 1145 947 ὀχλεῖς,
1185 911 1230 936 καὶ
1271 908 1321 936 οὐκ
1359 909 1443 947 ἀφίης
1475 909 1625 945 βασιλικῶς
1660 908 1811 941 διακεῖσθαι

102 957 164 995 περὶ
193 957 232 992 σὲ,
262 955 307 983 καὶ
338 953 501 989 ἐπιδιδόναι,
529 954 616 982 ὁπόσα
644 954 738 990 ἐκείνῳ
767 953 837 981 ἐστὶν
865 954 997 988 ἐθέλοντι,
1040 955 1108 982 κατὰ
1145 957 1177 982 τὸ
1216 954 1242 981 ἐν
1278 954 1351 990 αύτῷ
1380 953 1639 993 φιλεύσπλαγχνον;
1671 966 1685 981 ι‹
1713 955 1760 986 Τίς
1789 955 1815 982 εἴ

100 1001 144 1036 σὺ,
171 1001 186 1028 ὁ
214 1000 311 1038 κρίνων
341 999 491 1036 ἀλλότριον
520 998 648 1034 οἰκέτην,
676 1011 691 1024 ››
719 999 831 1026 amem
858 999 888 1026 ἄν
915 1009 968 1034 τις,
992 999 1057 1026 αὐτό
1086 999 1299 1034 κατεξουσιάζειν
1329 998 1478 1037 ἀλλοτρίου
1508 998 1608 1026 δούλου
1623 999 1809 1036 πειρώμενος.

99 1045 131 1073 Τί
158 1047 222 1082 γοῦν
252 1044 282 1072 οὐ
312 1042 434 1076 δέδοικας
463 1043 508 1071 καὶ
534 1043 627 1077 αὐτὸς,
658 1044 765 1079 μήποτε
798 1042 917 1081 ἀκούσῃς
942 1044 1022 1070 ποθεν
1051 1044 1093 1070 τό·
1125 1055 1139 1069 ι(
1169 1043 1252 1070 Πόθεν
1275 1043 1306 1070 σὺ
1332 1043 1516 1081 ἀναπέφηνας,
1545 1045 1593 1070 τοῦ
1609 1045 1658 1071 σοῦ
1672 1044 1813 1071 Δεσπύτου

103 1090 235 1127 λογιστής
248 1098 255 1125 ;
273 1100 287 1115 ››

141 1155 194 1189 μα’.
226 1151 295 1190 Φέρε
310 1150 379 1179 εἷ’πω
403 1161 444 1178 σοι
471 1151 730 1189 κεφαλαιωσάμενος
747 1150 848 1188 λόγον,
864 1150 934 1178 ἆντι-
948 1154 972 1186 Β

102 1196 212 1237 φάσκειν
244 1197 292 1233 μὲν
315 1194 456 1230 δοκοῦντα,
551 1195 574 1222 δ’
603 1195 719 1231 ἀληθείᾳ
746 1195 784 1227 εἰς
807 1196 833 1222 ἓν
859 1206 928 1232 συμ-

103 1243 256 1279 φιυνοῦντα.
286 1240 343 1269 Οὐχ
366 1237 421 1267 ἔστι
440 1240 494 1267 τῶν
510 1239 536 1266 ἐν
552 1241 619 1275 ἡμῖν
634 1238 710 1267 ούδὶν
740 1241 809 1275 ἴσον,
836 1240 881 1267 καὶ
895 1238 929 1267 αὖ

103 1285 187 1314 πάλιν
217 1284 293 1313 οὐδὲν
322 1284 377 1312 ἐστι
404 1286 457 1312 τῶν
488 1284 514 1312 ἐν
529 1285 597 1321 ἡμῖν
618 1283 720 1313 ἄνισον.
737 1286 930 1321 Πνευματικῶς

105 1329 128 1358 δ’
159 1330 270 1362 ἐνταῦθα
299 1328 385 1357 ἐθέλω
413 1329 570 1368 ἀντιφωνεῖν
590 1349 596 1356 .
626 1328 726 1356 Καοότι
756 1329 802 1365 μὲν
832 1329 883 1366 γὰρ
915 1329 928 1355 ὁ

105 1375 170 1406 Θεὸς
198 1373 341 1412 ἀναλόγως
371 1374 494 1404 ἑκάστοις
519 1373 669 1412 ἐπιμερίζει
693 1373 727 1401 τὰ
755 1371 860 1409 δέοντα,
884 1373 930 1400 καὶ

102 1422 157 1448 τῶν
185 1419 230 1456 μὲν
257 1417 346 1457 αἴρει,
379 1421 438 1449 τοῖς
464 1417 493 1445 δὲ
515 1417 677 1455 προστίθησι
705 1418 928 1456 γεωμετρικώτε-

105 1475 164 1503 ρον,
203 1463 296 1499 ἰσότης
336 1462 362 1490 ἐν
399 1464 466 1500 ἡμῖν
505 1463 638 1501 θειότερον
672 1463 856 1497 πολιτεύεται,
885 1462 929 1490 καὶ

104 1509 197 1536 ἀκούει
212 1506 324 1538 ἕκαστος
337 1507 378 1534 τό·
397 1519 411 1534 (ι
427 1508 543 1545 Ἑταῖρε,
560 1505 633 1544 ἔχεις
648 1507 679 1534 τὸ
696 1507 826 1544 ἀνάλογον
843 1506 901 1535 σόν.
915 1518 929 1532 ››

106 1553 160 1582 Καὶ
189 1552 261 1580 οὕτω
278 1552 433 1589 μανθανέτω
448 1552 492 1579 καὶ
509 1552 523 1579 ὁ
535 1552 567 1579 τὸ
594 1551 687 1589 ὀλίγον
711 1550 792 1588 ἔχων,
818 1550 931 1582 δικαίως

105 1596 181 1636 ἔχειν
198 1597 274 1633 αὐτὸ,
290 1596 338 1624 εἴτ’
362 1595 408 1624 οὖν
437 1597 505 1634 πρὸς
532 1595 776 1634 γεωμετρουμένην
807 1594 930 1631 them-ra.

103 1642 207 1669 Ταύτὸν
237 1642 289 1679 γάρ
316 1652 375 1672 πως
406 1653 420 1667 α
447 1641 506 1668 ἴσον
523 1652 537 1666 ››
566 1640 650 1668 εἴπεῖν
667 1641 711 1668 καὶ
741 1652 756 1666 ι(
787 1639 902 1674 δίκαιον,
916 1651 931 1666 ›)

105 1686 166 1714 ἐπεὶ
192 1687 235 1714 καὶ
254 1686 380 1721 ἰσότητος
396 1687 413 1720 ἡ
431 1684 586 1720 δικαιοσύνη
604 1685 775 1723 στοχάζεται.
792 1685 842 1713 Καὶ
860 1683 932 1712 οὕτω

105 1731 155 1768 μὶν
173 1731 218 1758 ἴσα
232 1734 290 1761 τοῖς
303 1729 380 1761 ὅλοις
397 1731 511 1764 ἅπαντα,
528 1729 605 1767 λόγῳ
622 1728 645 1757 δ’
668 1728 747 1766 ἄλλῳ
771 1729 815 1757 καὶ
846 1728 930 1756 ἄνισαε

103 1776 150 1803 καῖ
181 1776 195 1803 ὁ
224 1774 305 1813 λόγος
331 1775 348 1809 ἢ
371 1775 439 1802 κατὰ
463 1775 494 1802 τὸ
519 1773 615 1802 δοκοῦν
649 1777 708 1805 τοῖς
740 1775 932 1812 ἀμαθεστέροις

106 1819 210 1856 (δοτέον
236 1818 265 1847 δὲ
293 1820 377 1847 εἰπεῖν
406 1819 451 1847 καὶ
477 1819 680 1856 ἁμαθεστὲροις)
709 1819 726 1854 ἢ
762 1821 825 1857 γοῦν
860 1817 934 1847 ἀλλὰ

104 1866 176 1893 κατὰ
190 1865 317 1903 ἀριθμὸν,
334 1865 372 1895 ὡς
385 1863 452 1891 εἶναι
476 1864 510 1890 τὰ
538 1864 598 1896 καθ’
626 1865 700 1900 ἡμᾶς
729 1862 815 1895 οὕτως
840 1863 933 1891 ἆνακε-
948 1850 969 1884 C

104 1910 227 1947 κραμένα
257 1909 362 1944 ἰσότητι
387 1908 431 1936 καὶ
460 1907 620 1944 ἀνισότητι,
649 1907 694 1936 καί
723 1908 819 1944 ἐξεῖναι
845 1908 932 1946 λέγειν

104 1956 154 1990 τὴν
170 1955 296 1992 ἁρμογὴν
311 1955 360 1980 τοῦ
376 1953 401 1980 ὲν
415 1954 483 1989 ἡμῖν
511 1953 572 1990 βίου
601 1953 618 1988 ἢ
647 1952 794 1988 ἀνισότητα
817 1951 889 1989 ἴσην,
915 1952 933 1987 ἢ

104 2000 136 2028 τὸ
151 1998 298 2027 ἀνάπαλιν.
326 1997 397 2026 Μένε
412 1998 467 2033 οὗν,
499 1997 524 2024 ἐν
554 1998 595 2028 οἷς
619 1997 750 2034 ἐτάχθης,
779 1998 802 2024 ὧ
823 1996 932 2036 ἀδελφὲ,

107 2045 151 2072 καὶ
171 2043 291 2081 χαρίτων
318 2041 462 2080 ὀφειλέτην
488 2040 567 2073 εἰδὼς
589 2044 630 2078 τῷ
654 2044 711 2077 Θεῴ
741 2042 862 2075 σεαυτὸν,
892 2040 933 2068 εὕ-

106 2099 172 2126 χου,
204 2087 249 2114 καὶ
278 2086 384 2122 ἔλπιζε,
410 2086 455 2114 καὶ
481 2087 552 2122 μήτε
574 2087 620 2114 τὸν
642 2084 811 2124 κυϐερνήτην
826 2085 935 2124 μέμφου

109 2133 258 2172 στρέφοντα
286 2132 335 2166 τὴν
365 2131 425 2158 καθ’
448 2132 521 2167 ἡμᾶς
553 2129 656 2158 ὁλκάδα
687 2131 853 2168 τεχνηέντως
882 2129 935 2157 ὦδε

107 2178 153 2206 καὶ
170 2177 234 2212 ἐκεῖ,
263 2176 316 2208 ’ὲως
343 2175 372 2203 ἂν
396 2176 455 2213 περὶ
482 2175 546 2206 τοὺς
572 2175 716 2213 βιωτικοὺς
730 2174 858 2211 πλέωμεν
888 2176 936 2202 σά-

110 2222 187 2254 λους·
206 2223 276 2258 μήτε
303 2221 349 2248 τὸν
381 2220 525 2257 σύμπλουν
543 2218 658 2259 ἀδελφὸν
677 2219 795 2259 μέμφου,
818 2220 840 2247 εἶ
866 2220 936 2258 πρὸς

108 2267 154 2295 τὸν
180 2265 208 2294 εὖ
235 2264 335 2304 ἔχοντα
361 2268 456 2303 τοῖχον
472 2265 485 2292 ὁ
500 2268 551 2300 τῆς
565 2265 633 2296 νεὼς
659 2265 752 2302 κύριον
768 2264 846 2292 αὐτὸν
872 2265 935 2292 ἐτά-

109 2312 182 2348 ξατο.
203 2311 232 2338 Τί
247 2311 298 2349 γὰρ
321 2310 365 2338 καὶ
392 2310 553 2349 φθονητὲον,
579 2307 642 2337 ἔνθα
665 2310 683 2344 ἡ
711 2309 814 2346 μέμψις
830 2307 935 2336 διαϐαί-

114 2367 153 2384 νει
169 2355 238 2392 πρὸς
252 2355 297 2382 τὸν
326 2354 423 2393 Κύριον
439 2365 446 2390 ;
461 2355 492 2384 Ὁ
508 2353 623 2393 ἀδελφὸς
639 2353 716 2382 οὐδὲν
741 2354 841 2381 οἰκεῖον
866 2354 934 2392 ἔχει,

112 2398 177 2428 οὐδὲ
192 2399 218 2434 ἐξ
235 2399 330 2433 αὐτοῦ,
360 2399 422 2427 ἀλλ’
448 2399 514 2437 ὅπερ
535 2398 650 2426 δέδωκεν
674 2400 688 2426 ὁ
713 2399 786 2430 Θεός.
811 2401 857 2435 Τῷ
872 2401 936 2437 γοῦν

110 2443 223 2483 ἀδελφῷ
250 2445 355 2482 φθονῶν
370 2466 377 2478 ,
410 2443 530 2479 λέληθας
555 2443 666 2471 σεαυτὸν
693 2443 867 2482 μεμφόμενος
890 2444 934 2471 τὸν

110 2489 188 2525 Θεὸν,
205 2487 249 2516 καὶ
276 2488 347 2515 οὕτω
370 2487 471 2525 τρόπον
495 2489 556 2515 τινὰ
586 2491 741 2527 θεομαχῶν.
771 2488 805 2517 Τί
821 2487 849 2516 δὶ
865 2488 936 2516 οὕτω

1024 1152 1142 1180 41.ιῖοω
1159 1152 1285 1187 denique
1300 1160 1466 1180 sermonem
1483 1160 1580 1180 meum
1595 1159 1743 1179 resumam
1761 1152 1813 1188 qui

985 1197 1183 1225 contradicere
1206 1197 1330 1230 videtur,
1348 1205 1378 1224 re
1399 1205 1466 1225 vere
1482 1199 1577 1224 autem
1592 1197 1620 1224 in
1647 1197 1726 1224 idem
1742 1205 1811 1224 con-

983 1241 1073 1270 venit.
1090 1241 1169 1269 Nihil
1194 1250 1295 1269 eorum
1321 1250 1384 1278 quae
1410 1241 1489 1269 intra
1513 1250 1577 1276 nos,
1603 1241 1714 1269 similia
1742 1243 1813 1269 sunt

984 1293 1080 1321 neque
1101 1285 1268 1313 dissimilia.
1290 1285 1489 1321 Spiritualiter
1512 1287 1610 1313 autem
1635 1285 1812 1322 respondere

983 1330 1058 1358 volo.
1085 1330 1338 1362 Quemadmodum
1361 1331 1440 1358 enim
1465 1331 1542 1358 Deus
1565 1330 1691 1366 singulis
1715 1329 1812 1357 officia

985 1383 1037 1412 pro
1066 1374 1178 1402 viribus
1206 1375 1367 1408 distribuit,
1399 1374 1464 1402 aliis
1493 1375 1612 1410 quidem
1644 1375 1810 1410 detrahens,

985 1420 1058 1447 alios
1071 1420 1157 1447 bonis
1173 1419 1339 1453 eumulans,
1356 1419 1397 1447 sic
1411 1419 1532 1455 aequitas
1547 1419 1684 1447 diviniori
1700 1419 1813 1447 ratione

985 1465 1062 1492 intra
1085 1472 1140 1492 nos
1164 1465 1234 1500 agit,
1251 1466 1280 1492 et
1295 1464 1404 1500 singuli
1431 1465 1554 1492 audiunt
1571 1474 1577 1492 :
1596 1465 1705 1499 Amice,
1722 1464 1814 1492 habes

986 1509 1159 1544 contingens
1184 1511 1278 1536 tuum.
1296 1509 1401 1544 Sicque
1427 1509 1475 1544 qui
1493 1517 1583 1544 pauca
1605 1509 1694 1536 habet
1718 1509 1814 1536 discat

986 1562 1053 1580 cum
1079 1561 1198 1580 summa
1217 1552 1335 1588 justitia
1359 1561 1392 1580 ea
1408 1553 1568 1588 possidere.
1585 1553 1711 1587 Equum
1734 1552 1813 1580 enim

988 1606 1020 1625 ac
1032 1598 1147 1633 justu'n
1165 1597 1260 1624 dicere
1272 1596 1349 1624 idem
1366 1599 1411 1624 est
1426 1605 1492 1624 cum
1505 1597 1707 1632 justitia,cum
1724 1597 1813 1632 aequi-

987 1644 1045 1670 late
1070 1641 1238 1669 societatem
1261 1641 1336 1668 inire
1360 1641 1462 1668 tendit.
1482 1641 1529 1668 Sic
1553 1641 1690 1668 omnibus
1714 1641 1814 1669 omnia

987 1695 1070 1723 aequa
1084 1687 1113 1714 et
1128 1686 1240 1721 iniqua,
1256 1688 1284 1713 et
1300 1693 1396 1713 sermo
1421 1687 1479 1713 stat
1494 1687 1544 1713 aut
1569 1686 1729 1713 secundum
1748 1694 1814 1721 spe-

987 1732 1061 1759 ciem
1075 1730 1200 1758 indoctis
1217 1730 1267 1766 qui
1284 1729 1394 1766 aliquid
1411 1730 1533 1758 docendi
1551 1732 1630 1764 sunt,
1640 1733 1691 1758 aut
1707 1739 1813 1758 secun-

988 1777 1055 1804 dum
1072 1783 1239 1808 numerum,
1257 1775 1296 1802 ita
1320 1777 1351 1802 ut
1367 1783 1412 1802 res
1429 1777 1534 1802 nostra:
1548 1775 1589 1803 sic
1611 1775 1770 1811 {equalitati
1786 1777 1815 1803 et

987 1820 1180 1857 inaequalitati
1192 1820 1329 1848 immistm
1341 1822 1501 1856 appareant
1517 1822 1545 1848 et
1559 1822 1591 1847 ut
1607 1820 1738 1848 ordinem
1750 1820 1814 1847 vitae

989 1869 1093 1894 nostra:
1110 1865 1338 1901 inrequalitatcm
1350 1865 1492 1901 aqualem
1505 1867 1556 1893 aut
1566 1865 1628 1892 vice
1642 1873 1724 1893 versa
1735 1865 1814 1893 dica-

988 1911 1152 1939 mus.Mane
1165 1910 1294 1947 igiturin
1309 1909 1460 1943 iis,f'rater,
1471 1910 1500 1937 in
1514 1909 1622 1946 quibus
1638 1909 1816 1938 constitutus

987 1964 1029 1989 es,
1046 1957 1074 1984 et
1089 1964 1156 1984 cum
1181 1955 1257 1982 scias
1273 1957 1300 1982 te
1324 1955 1380 1983 Deo
1396 1955 1505 1991 gratias
1525 1963 1611 1991 agere
1633 1955 1748 1990 debere,
1764 1964 1815 1983 ora

988 2002 1017 2028 et
1032 2008 1126 2036 spera,
1144 2002 1172 2027 et
1195 2008 1231 2027 ne
1259 1999 1378 2026 incuses
1394 2000 1619 2035 gubernatorem
1646 2000 1695 2035 qui
1711 2009 1814 2028 navem

989 2047 1119 2072 nostram
1137 2044 1209 2071 scite
1224 2046 1330 2078 movet,
1342 2044 1434 2071 donec
1450 2044 1485 2071 ad
1503 2044 1566 2070 vitae
1582 2046 1700 2079 portum
1715 2043 1814 2079 appel-

989 2089 1104 2123 lamus;
1120 2097 1212 2124 neque
1239 2088 1320 2116 fratri
1345 2088 1452 2124 navigii
1478 2088 1604 2115 consorti
1630 2087 1772 2121 invideas,
1790 2087 1815 2114 si

990 2133 1143 2161 nauclerus
1159 2133 1214 2168 ipsi
1230 2134 1427 2168 opportunum
1456 2132 1552 2160 locum
1571 2132 1741 2168 assignavit.
1758 2132 1816 2159 Cur

989 2177 1067 2205 enim
1100 2177 1210 2205 invidia
1239 2179 1425 2211 exerceatur,
1461 2177 1510 2204 ubi
1544 2177 1745 2204 incriminutio
1779 2176 1814 2203 ad

991 2221 1146 2250 Dominum
1163 2230 1253 2257 usque
1271 2222 1426 2249 ascendit?
1442 2222 1542 2249 Frater
1568 2221 1639 2249 nihil
1656 2221 1815 2258 peculiare,

990 2266 1063 2295 nihil
1080 2266 1230 2302 proprium
1255 2266 1343 2294 habet
1358 2266 1414 2294 nisi
1432 2267 1508 2303 quod
1524 2266 1601 2294 Deus
1616 2266 1641 2293 ei
1663 2265 1814 2302 impertiit.

991 2315 1062 2340 Dum
1079 2312 1170 2348 igitur
1191 2311 1270 2339 fratri
1288 2311 1410 2344 invides,
1427 2311 1519 2338 Deum
1537 2311 1652 2339 nescius
1677 2310 1815 2346 blasphe-

991 2357 1078 2385 masti
1096 2359 1123 2384 et
1146 2357 1363 2392 quodammodo
1388 2356 1498 2384 bellum
1515 2355 1540 2383 ci
1563 2355 1700 2383 intulisti.
1719 2356 1816 2388 Quan-

990 2405 1089 2439 topere
1105 2401 1195 2438 igitur
1219 2410 1332 2438 peccas,
1350 2401 1398 2430 Dei
1424 2402 1466 2429 sic
1482 2409 1637 2429 censuram
1664 2400 1775 2428 faciens
1791 2401 1819 2427 et

991 2455 1064 2483 pene
1089 2447 1113 2474 ei
1140 2455 1204 2482 qum
1229 2446 1323 2473 facere
1349 2446 1452 2473 debeat
1477 2445 1694 2482 praescribons?
1716 2447 1819 2472 Nonne

991 2492 1072 2519 vides
1101 2494 1128 2519 te
1157 2491 1361 2527 blnsphnmare
1394 2499 1515 2527 prorsus
1543 2491 1568 2518 si
1598 2491 1715 2518 dubitas
1747 2498 1819 2518 num

113 2535 160 2572 μὲν
186 2533 232 2560 τὸν
254 2533 319 2560 Θεὸν
351 2531 517 2570 ἀνακρίνων,
541 2532 586 2560 καὶ
614 2533 763 2571 μονονουχὶ
790 2533 932 2561 ἐπιτάσσω·

993 2537 1106 2573 Olympi
1125 2535 1226 2564 incola:
1243 2535 1305 2564 sine
1317 2537 1396 2563 metu
1413 2537 1463 2562 aut
1478 2543 1543 2562 cum
1561 2543 1684 2562 mcerore
1699 2535 1819 2563 vivant?

110 2579 143 2606 τὸ
166 2577 307 2612 ποιητέον,
336 2575 500 2614 ἁμαρτωλὸν
526 2579 638 2614 πρᾶγμα
665 2580 772 2611 ποιεῖςς
803 2578 938 2615 Ἀπορού-

116 2633 194 2659 μενος
223 2621 262 2658 δὲ,
285 2621 312 2649 τί
339 2620 450 2657 δήποτε,
480 2620 574 2648 αλλων
603 2621 629 2649 ἐν
651 2621 790 2658 Ὀλυμπίᾳ
807 2622 936 2659 βιούντων

112 2670 167 2696 τῶν
194 2667 239 2695 καὶ
269 2665 380 2704 ἀτρεμεὶ
398 2666 516 2700 ζώντων,
538 2665 602 2692 αὐτὸ
617 2665 661 2692 καὶ
687 2666 777 2701 λύπην
805 2665 864 2704 ἔχει
892 2669 935 2695 καὶ

115 2710 210 2751 φόϐον,
226 2711 315 2743 δοκεῖς
337 2710 430 2738 λαλεῖν
455 2711 631 2748 ἀναμάρτητοι
655 2711 686 2738 ού
714 2712 844 2746 πάντως;
875 2712 936 2740 Δέον

114 2756 202 2785 τοίνυν
231 2757 365 2784 κάνταῦθα
391 2753 579 2793 διαγνομονεῖν
610 2765 640 2782 σε
666 2755 700 2783 τὰ
724 2756 791 2783 κατὰ
819 2757 867 2791 οὶ,
892 2758 938 2785 καὶ

114 2798 290 2839 συμϐιϐάζειν
317 2801 408 2832 αὐτοῖς
438 2800 471 2827 τά
493 2811 523 2828 τε
547 2799 624 2836 ἡδέα,
646 2801 680 2828 τά
703 2811 733 2829 τε
747 2800 868 2839 λυπηρὰ,
893 2803 937 2830 καὶ

278 2867 413 2898 Pauor"
437 2866 494 2898 Gn.
516 2865 661 2898 CXXXV.

994 2582 1114 2617 Oportet
1137 2581 1227 2617 igitur
1240 2583 1269 2608 te
1293 2589 1327 2608 es.
1342 2589 1406 2616 qua
1425 2582 1476 2608 tua
1498 2582 1568 2608 sunt
1591 2580 1746 2608 decernere
1761 2579 1821 2607 sive

989 2626 1121 2662 jucunda
1137 2625 1206 2660 sint,
1219 2626 1279 2652 sive
1292 2633 1402 2656 amara,
1421 2625 1520 2660 sicque
1536 2633 1640 2652 causas
1655 2625 1820 2660 ponderan-

993 2671 1029 2697 do
1044 2670 1098 2697 tibi
1115 2669 1252 2697 solatium
1275 2670 1388 2696 εποντο.
1405 2669 1445 2696 De
1461 2669 1497 2696 iis
1513 2669 1638 2705 denique
1664 2677 1726 2704 quin
1743 2675 1820 2695 nunc

993 2715 1129 2744 accidunt
1144 2714 1229 2750 plura
1245 2714 1340 2742 dicere
1358 2722 1403 2742 me
1425 2722 1482 2741 non
1500 2714 1599 2748 decet;
1617 2722 1706 2749 penes
1730 2714 1819 2740 Deum

993 2760 1069 2788 enim
1091 2759 1205 2795 judicia
1226 2767 1350 2795 quorum
1378 2759 1561 2794 profunditas
1586 2761 1631 2786 est
1657 2758 1820 2794 incompre-

992 2803 1157 2833 hensibilis.

1621 2869 1662 2899 23
