  <div class='ocr_page' id='page_1' title='image "/cluster/home/n/w/nwhite01/storage/ocr_20150623/135/njp.32101077773107/374.png"; bbox 0 0 1992 3158; ppageno 0'>
   <div class='ocr_carea' id='block_1_1' title="bbox 106 197 165 226">
    <p class='ocr_par' dir='ltr' id='par_1_1' title="bbox 106 197 165 226">
     <span class='ocr_line' id='line_1_1' title="bbox 106 197 165 226; baseline -0.017 0"><span class='ocrx_word' id='word_1_1' title='bbox 106 197 165 226; x_wconf 79' lang='grc'>’117</span> 
     </span>
    </p>
   </div>
   <div class='ocr_carea' id='block_1_2' title="bbox 619 197 1324 235">
    <p class='ocr_par' dir='ltr' id='par_1_2' title="bbox 619 197 1324 235">
     <span class='ocr_line' id='line_1_2' title="bbox 619 197 1324 235; baseline 0 -7"><span class='ocrx_word' id='word_1_2' title='bbox 619 200 659 229; x_wconf 79' lang='grc' dir='ltr'>ΙΝ</span> <span class='ocrx_word' id='word_1_3' title='bbox 681 200 714 230; x_wconf 92' lang='lat' dir='ltr'>S.</span> <span class='ocrx_word' id='word_1_4' title='bbox 738 197 1077 235; x_wconf 78' lang='lat' dir='ltr'>OUADRAGESIMAM</span> <span class='ocrx_word' id='word_1_5' title='bbox 1100 198 1246 229; x_wconf 79' lang='lat' dir='ltr'>ORATIO</span> <span class='ocrx_word' id='word_1_6' title='bbox 1271 199 1324 229; x_wconf 81' lang='grc' dir='ltr'>ιν.</span> 
     </span>
    </p>
   </div>
   <div class='ocr_carea' id='block_1_3' title="bbox 1757 200 1818 231">
    <p class='ocr_par' dir='ltr' id='par_1_3' title="bbox 1757 200 1818 231">
     <span class='ocr_line' id='line_1_3' title="bbox 1757 200 1818 231; baseline 0 -1"><span class='ocrx_word' id='word_1_7' title='bbox 1757 200 1818 231; x_wconf 84' lang='grc'>718</span> 
     </span>
    </p>
   </div>
   <div class='ocr_carea' id='block_1_4' title="bbox 104 262 931 302">
    <p class='ocr_par' dir='ltr' id='par_1_4' title="bbox 104 262 931 300">
     <span class='ocr_line' id='line_1_4' title="bbox 104 262 931 300; baseline 0.001 -11"><span class='ocrx_word' id='word_1_8' title='bbox 104 273 158 297; x_wconf 81' lang='grc' dir='ltr'>πης</span> <span class='ocrx_word' id='word_1_9' title='bbox 183 262 416 299; x_wconf 69' lang='grc' dir='ltr'>ὰπαλειφθήσεται</span> <span class='ocrx_word' id='word_1_10' title='bbox 452 263 466 290; x_wconf 82' lang='grc' dir='ltr'>ὁ</span> <span class='ocrx_word' id='word_1_11' title='bbox 491 263 672 300; x_wconf 81' lang='grc' dir='ltr'>λυπούμενος.</span> <span class='ocrx_word' id='word_1_12' title='bbox 700 266 752 292; x_wconf 79' lang='grc' dir='ltr'>Τοῖ’)</span> <span class='ocrx_word' id='word_1_13' title='bbox 782 263 810 292; x_wconf 77' lang='grc' dir='ltr'>δὲ</span> <span class='ocrx_word' id='word_1_14' title='bbox 840 263 931 291; x_wconf 78' lang='grc' dir='ltr'>τοιού-</span> 
     </span>
    </p>
   </div>
   <div class='ocr_carea' id='block_1_5' title="bbox 990 262 1819 302">
    <p class='ocr_par' dir='ltr' id='par_1_5' title="bbox 990 263 1819 302">
     <span class='ocr_line' id='line_1_5' title="bbox 990 263 1819 302; baseline 0.005 -11"><span class='ocrx_word' id='word_1_15' title='bbox 990 263 1173 299; x_wconf 72' lang='lat' dir='ltr'>dispensator</span> <span class='ocrx_word' id='word_1_16' title='bbox 1187 266 1232 292; x_wconf 83' lang='lat' dir='ltr'>est</span> <span class='ocrx_word' id='word_1_17' title='bbox 1247 265 1334 298; x_wconf 82' lang='lat' dir='ltr'>Deus,</span> <span class='ocrx_word' id='word_1_18' title='bbox 1347 264 1396 300; x_wconf 86' lang='lat' dir='ltr'>qui</span> <span class='ocrx_word' id='word_1_19' title='bbox 1410 273 1527 292; x_wconf 88' lang='lat' dir='ltr'>omnem</span> <span class='ocrx_word' id='word_1_20' title='bbox 1543 266 1671 302; x_wconf 88' lang='lat' dir='ltr'>corporis</span> <span class='ocrx_word' id='word_1_21' title='bbox 1686 266 1819 295; x_wconf 82' lang='lat' dir='ltr'>inﬁrmi-</span> 
     </span>
    </p>
   </div>
   <div class='ocr_carea' id='block_1_6' title="bbox 103 306 931 346">
    <p class='ocr_par' dir='ltr' id='par_1_6' title="bbox 103 306 931 346">
     <span class='ocr_line' id='line_1_6' title="bbox 103 306 931 346; baseline 0.004 -13"><span class='ocrx_word' id='word_1_22' title='bbox 103 317 151 333; x_wconf 83' lang='grc' dir='ltr'>του</span> <span class='ocrx_word' id='word_1_23' title='bbox 181 306 405 345; x_wconf 74' lang='grc' dir='ltr'>ἀλεξιφαρμάκου</span> <span class='ocrx_word' id='word_1_24' title='bbox 429 308 554 345; x_wconf 75' lang='grc' dir='ltr'>χορηγὸς</span> <span class='ocrx_word' id='word_1_25' title='bbox 582 309 595 335; x_wconf 82' lang='grc' dir='ltr'>ὁ</span> <span class='ocrx_word' id='word_1_26' title='bbox 618 308 694 341; x_wconf 79' lang='grc' dir='ltr'>Θεὸς,</span> <span class='ocrx_word' id='word_1_27' title='bbox 712 308 819 344; x_wconf 71' lang='grc' dir='ltr'>ἀπάσης</span> <span class='ocrx_word' id='word_1_28' title='bbox 848 318 931 346; x_wconf 74' lang='grc' dir='ltr'>καχε-</span> 
     </span>
    </p>
   </div>
   <div class='ocr_carea' id='block_1_7' title="bbox 103 351 933 389">
    <p class='ocr_par' dir='ltr' id='par_1_7' title="bbox 103 351 933 389">
     <span class='ocr_line' id='line_1_7' title="bbox 103 351 933 389; baseline 0.002 -11"><span class='ocrx_word' id='word_1_29' title='bbox 103 351 160 386; x_wconf 78' lang='grc' dir='ltr'>ξίας</span> <span class='ocrx_word' id='word_1_30' title='bbox 192 353 372 388; x_wconf 68' lang='grc' dir='ltr'>θεραπευτής,</span> <span class='ocrx_word' id='word_1_31' title='bbox 387 352 425 383; x_wconf 83' lang='grc' dir='ltr'>είς</span> <span class='ocrx_word' id='word_1_32' title='bbox 456 352 485 379; x_wconf 80' lang='grc' dir='ltr'>ὃν</span> <span class='ocrx_word' id='word_1_33' title='bbox 513 352 651 384; x_wconf 68' lang='grc' dir='ltr'>ἀναθέντες</span> <span class='ocrx_word' id='word_1_34' title='bbox 667 354 742 389; x_wconf 77' lang='grc' dir='ltr'>ἡμᾶς</span> <span class='ocrx_word' id='word_1_35' title='bbox 764 353 860 384; x_wconf 67' lang='grc' dir='ltr'>αὐτοὺς</span> <span class='ocrx_word' id='word_1_36' title='bbox 889 354 933 380; x_wconf 80' lang='grc' dir='ltr'>Οε-</span> 
     </span>
    </p>
   </div>
   <div class='ocr_carea' id='block_1_8' title="bbox 103 396 935 434">
    <p class='ocr_par' dir='ltr' id='par_1_8' title="bbox 103 396 935 434">
     <span class='ocr_line' id='line_1_8' title="bbox 103 396 935 434; baseline 0.002 -12"><span class='ocrx_word' id='word_1_37' title='bbox 103 397 344 432; x_wconf 77' lang='grc' dir='ltr'>ραπευθησόμεθα,</span> <span class='ocrx_word' id='word_1_38' title='bbox 360 396 498 434; x_wconf 69' lang='grc' dir='ltr'>χαρέντες⁷</span> <span class='ocrx_word' id='word_1_39' title='bbox 515 397 559 424; x_wconf 79' lang='grc' dir='ltr'>καὶ</span> <span class='ocrx_word' id='word_1_40' title='bbox 585 397 655 424; x_wconf 72' lang='grc' dir='ltr'>οὕτω</span> <span class='ocrx_word' id='word_1_41' title='bbox 684 399 733 432; x_wconf 74' lang='grc' dir='ltr'>τὴν</span> <span class='ocrx_word' id='word_1_42' title='bbox 762 397 852 433; x_wconf 79' lang='grc' dir='ltr'>λύπην</span> <span class='ocrx_word' id='word_1_43' title='bbox 881 398 935 434; x_wconf 76' lang='grc' dir='ltr'>ἐξε-</span> 
     </span>
    </p>
   </div>
   <div class='ocr_carea' id='block_1_9' title="bbox 102 439 934 480">
    <p class='ocr_par' dir='ltr' id='par_1_9' title="bbox 102 439 934 480">
     <span class='ocr_line' id='line_1_9' title="bbox 102 439 934 480; baseline 0.002 -13"><span class='ocrx_word' id='word_1_44' title='bbox 102 441 245 471; x_wconf 70' lang='grc' dir='ltr'>Αάσαντες.</span> <span class='ocrx_word' id='word_1_45' title='bbox 271 440 301 468; x_wconf 85' lang='grc' dir='ltr'>Τί</span> <span class='ocrx_word' id='word_1_46' title='bbox 339 440 390 478; x_wconf 75' lang='grc' dir='ltr'>γὰρ</span> <span class='ocrx_word' id='word_1_47' title='bbox 423 439 494 468; x_wconf 71' lang='grc' dir='ltr'>ἄλλο</span> <span class='ocrx_word' id='word_1_48' title='bbox 523 441 650 476; x_wconf 76' lang='grc' dir='ltr'>ποιητὲον</span> <span class='ocrx_word' id='word_1_49' title='bbox 684 441 708 468; x_wconf 83' lang='grc' dir='ltr'>ἐν</span> <span class='ocrx_word' id='word_1_50' title='bbox 738 445 797 473; x_wconf 82' lang='grc' dir='ltr'>τοῖς</span> <span class='ocrx_word' id='word_1_51' title='bbox 827 442 864 478; x_wconf 85' lang='grc' dir='ltr'>μὴ</span> <span class='ocrx_word' id='word_1_52' title='bbox 895 441 934 480; x_wconf 72' lang='grc' dir='ltr'>ἐφ’</span> 
     </span>
    </p>
   </div>
   <div class='ocr_carea' id='block_1_10' title="bbox 100 484 936 524">
    <p class='ocr_par' dir='ltr' id='par_1_10' title="bbox 100 484 936 524">
     <span class='ocr_line' id='line_1_10' title="bbox 100 484 936 524; baseline 0.002 -13"><span class='ocrx_word' id='word_1_53' title='bbox 100 484 218 521; x_wconf 78' lang='grc' dir='ltr'>ἡμῖν,ἢ</span> <span class='ocrx_word' id='word_1_54' title='bbox 245 486 352 516; x_wconf 80' lang='grc' dir='ltr'>πάντως</span> <span class='ocrx_word' id='word_1_55' title='bbox 379 485 410 512; x_wconf 85' lang='grc' dir='ltr'>τὸ</span> <span class='ocrx_word' id='word_1_56' title='bbox 439 485 483 512; x_wconf 79' lang='grc' dir='ltr'>ἐπὶ</span> <span class='ocrx_word' id='word_1_57' title='bbox 512 486 579 521; x_wconf 81' lang='grc' dir='ltr'>ἡμῖν</span> <span class='ocrx_word' id='word_1_58' title='bbox 611 486 715 522; x_wconf 72' lang='grc' dir='ltr'>αὐτοῖς,</span> <span class='ocrx_word' id='word_1_59' title='bbox 742 487 824 524; x_wconf 78' lang='grc' dir='ltr'>οὗπερ</span> <span class='ocrx_word' id='word_1_60' title='bbox 854 487 936 522; x_wconf 76' lang='grc' dir='ltr'>ἡμεῖς</span> 
     </span>
    </p>
   </div>
   <div class='ocr_carea' id='block_1_11' title="bbox 99 528 935 567">
    <p class='ocr_par' dir='ltr' id='par_1_11' title="bbox 99 528 935 567">
     <span class='ocr_line' id='line_1_11' title="bbox 99 528 935 567; baseline 0.001 -11"><span class='ocrx_word' id='word_1_61' title='bbox 99 528 181 565; x_wconf 77' lang='grc' dir='ltr'>ἐσμεν</span> <span class='ocrx_word' id='word_1_62' title='bbox 205 529 317 567; x_wconf 77' lang='grc' dir='ltr'>κύριοι;</span> <span class='ocrx_word' id='word_1_63' title='bbox 347 528 513 567; x_wconf 84' lang='grc' dir='ltr'>Κυριεύομεν</span> <span class='ocrx_word' id='word_1_64' title='bbox 547 529 576 557; x_wconf 74' lang='grc' dir='ltr'>δὲ</span> <span class='ocrx_word' id='word_1_65' title='bbox 610 530 635 558; x_wconf 69' lang='grc' dir='ltr'>ἐν</span> <span class='ocrx_word' id='word_1_66' title='bbox 669 530 767 562; x_wconf 88' lang='grc' dir='ltr'>λύπαις</span> <span class='ocrx_word' id='word_1_67' title='bbox 796 530 935 562; x_wconf 82' lang='grc' dir='ltr'>τοιαύταις</span> 
     </span>
    </p>
   </div>
   <div class='ocr_carea' id='block_1_12' title="bbox 99 571 933 612">
    <p class='ocr_par' dir='ltr' id='par_1_12' title="bbox 99 571 933 612">
     <span class='ocr_line' id='line_1_12' title="bbox 99 571 933 612; baseline 0.001 -11"><span class='ocrx_word' id='word_1_68' title='bbox 99 575 146 601; x_wconf 76' lang='grc' dir='ltr'>χαί</span> <span class='ocrx_word' id='word_1_69' title='bbox 182 571 281 612; x_wconf 74' lang='grc' dir='ltr'>φόϐοις</span> <span class='ocrx_word' id='word_1_70' title='bbox 314 574 499 610; x_wconf 71' lang='grc' dir='ltr'>ἐπικειμένοις</span> <span class='ocrx_word' id='word_1_71' title='bbox 525 574 684 612; x_wconf 71' lang='grc' dir='ltr'>ἀμηχάνοις</span> <span class='ocrx_word' id='word_1_72' title='bbox 721 577 769 602; x_wconf 71' lang='grc' dir='ltr'>τοῦ</span> <span class='ocrx_word' id='word_1_73' title='bbox 806 574 933 606; x_wconf 65' lang='grc' dir='ltr'>δεῖσθαι’</span> 
     </span>
    </p>
   </div>
   <div class='ocr_carea' id='block_1_13' title="bbox 100 617 935 656">
    <p class='ocr_par' dir='ltr' id='par_1_13' title="bbox 100 617 935 656">
     <span class='ocr_line' id='line_1_13' title="bbox 100 617 935 656; baseline 0 -10"><span class='ocrx_word' id='word_1_74' title='bbox 100 617 208 646; x_wconf 75' lang='grc' dir='ltr'>δέεσθαι</span> <span class='ocrx_word' id='word_1_75' title='bbox 229 617 258 646; x_wconf 73' lang='grc' dir='ltr'>ὃὶ</span> <span class='ocrx_word' id='word_1_76' title='bbox 281 619 311 646; x_wconf 80' lang='grc' dir='ltr'>οὐ</span> <span class='ocrx_word' id='word_1_77' title='bbox 336 621 385 645; x_wconf 68' lang='grc' dir='ltr'>τοῦ</span> <span class='ocrx_word' id='word_1_78' title='bbox 401 619 583 656; x_wconf 79' lang='grc' dir='ltr'>τυγχάνοντος</span> <span class='ocrx_word' id='word_1_79' title='bbox 603 619 766 656; x_wconf 72' lang='grc' dir='ltr'>ἀμύντορας,</span> <span class='ocrx_word' id='word_1_80' title='bbox 781 618 855 647; x_wconf 82' lang='grc' dir='ltr'>ἀλλὰ</span> <span class='ocrx_word' id='word_1_81' title='bbox 887 621 935 646; x_wconf 77' lang='grc' dir='ltr'>τοῦ</span> 
     </span>
    </p>
   </div>
   <div class='ocr_carea' id='block_1_14' title="bbox 99 662 933 700">
    <p class='ocr_par' dir='ltr' id='par_1_14' title="bbox 99 662 933 700">
     <span class='ocr_line' id='line_1_14' title="bbox 99 662 933 700; baseline 0 -10"><span class='ocrx_word' id='word_1_82' title='bbox 99 662 303 691; x_wconf 75' lang='grc' dir='ltr'>δυνατωτάτου.</span> <span class='ocrx_word' id='word_1_83' title='bbox 331 665 464 694; x_wconf 79' lang='grc' dir='ltr'>Τοιοῦτος</span> <span class='ocrx_word' id='word_1_84' title='bbox 494 662 522 691; x_wconf 78' lang='grc' dir='ltr'>δὲ</span> <span class='ocrx_word' id='word_1_85' title='bbox 553 665 566 691; x_wconf 84' lang='grc' dir='ltr'>ὁ</span> <span class='ocrx_word' id='word_1_86' title='bbox 595 664 661 694; x_wconf 79' lang='grc' dir='ltr'>Θεὸς</span> <span class='ocrx_word' id='word_1_87' title='bbox 691 666 744 691; x_wconf 83' lang='grc' dir='ltr'>τῶν</span> <span class='ocrx_word' id='word_1_88' title='bbox 775 663 933 700; x_wconf 75' lang='grc' dir='ltr'>δυνάμεων·</span> 
     </span>
    </p>
   </div>
   <div class='ocr_carea' id='block_1_15' title="bbox 98 706 936 745">
    <p class='ocr_par' dir='ltr' id='par_1_15' title="bbox 98 706 936 745">
     <span class='ocr_line' id='line_1_15' title="bbox 98 706 936 745; baseline 0.001 -11"><span class='ocrx_word' id='word_1_89' title='bbox 98 708 184 735; x_wconf 75' lang='grc' dir='ltr'>αύτοῦ</span> <span class='ocrx_word' id='word_1_90' title='bbox 213 707 263 743; x_wconf 70' lang='grc' dir='ltr'>ἄρα</span> <span class='ocrx_word' id='word_1_91' title='bbox 289 708 334 735; x_wconf 80' lang='grc' dir='ltr'>χαί</span> <span class='ocrx_word' id='word_1_92' title='bbox 358 706 479 743; x_wconf 78' lang='grc' dir='ltr'>δεητέον,</span> <span class='ocrx_word' id='word_1_93' title='bbox 502 710 550 735; x_wconf 73' lang='grc' dir='ltr'>τοῦ</span> <span class='ocrx_word' id='word_1_94' title='bbox 576 708 621 735; x_wconf 81' lang='grc' dir='ltr'>καὶ</span> <span class='ocrx_word' id='word_1_95' title='bbox 637 709 690 739; x_wconf 72' lang='grc' dir='ltr'>τὰς</span> <span class='ocrx_word' id='word_1_96' title='bbox 721 707 825 739; x_wconf 71' lang='grc' dir='ltr'>δικαίας</span> <span class='ocrx_word' id='word_1_97' title='bbox 853 708 936 745; x_wconf 73' lang='grc' dir='ltr'>εὐχὰς</span> 
     </span>
    </p>
   </div>
   <div class='ocr_carea' id='block_1_16' title="bbox 99 751 934 792">
    <p class='ocr_par' dir='ltr' id='par_1_16' title="bbox 99 751 934 792">
     <span class='ocr_line' id='line_1_16' title="bbox 99 751 934 792; baseline 0.001 -13"><span class='ocrx_word' id='word_1_98' title='bbox 99 753 145 780; x_wconf 78' lang='grc' dir='ltr'>καὶ</span> <span class='ocrx_word' id='word_1_99' title='bbox 179 753 228 783; x_wconf 80' lang='grc' dir='ltr'>τὰς</span> <span class='ocrx_word' id='word_1_100' title='bbox 257 753 355 790; x_wconf 70' lang='grc' dir='ltr'>ἀγαθὰς</span> <span class='ocrx_word' id='word_1_101' title='bbox 387 751 501 784; x_wconf 77' lang='grc' dir='ltr'>ἐλπίδας</span> <span class='ocrx_word' id='word_1_102' title='bbox 538 752 780 792; x_wconf 59' lang='grc' dir='ltr'>τεὶιεσφοροῦντος.</span> <span class='ocrx_word' id='word_1_103' title='bbox 812 753 934 790; x_wconf 66' lang='grc' dir='ltr'>’ἰσχυρὸς</span> 
     </span>
    </p>
   </div>
   <div class='ocr_carea' id='block_1_17' title="bbox 98 795 935 835">
    <p class='ocr_par' dir='ltr' id='par_1_17' title="bbox 98 795 935 835">
     <span class='ocr_line' id='line_1_17' title="bbox 98 795 935 835; baseline -0.001 -10"><span class='ocrx_word' id='word_1_104' title='bbox 98 798 180 829; x_wconf 78' lang='grc' dir='ltr'>αὐτὸς</span> <span class='ocrx_word' id='word_1_105' title='bbox 209 797 303 833; x_wconf 79' lang='grc' dir='ltr'>μόνος⁸</span> <span class='ocrx_word' id='word_1_106' title='bbox 321 795 363 824; x_wconf 81' lang='grc' dir='ltr'>διὸ</span> <span class='ocrx_word' id='word_1_107' title='bbox 391 797 436 824; x_wconf 71' lang='grc' dir='ltr'>καὶ</span> <span class='ocrx_word' id='word_1_108' title='bbox 465 798 575 833; x_wconf 79' lang='grc' dir='ltr'>ποιήσει</span> <span class='ocrx_word' id='word_1_109' title='bbox 605 797 719 835; x_wconf 65' lang='grc' dir='ltr'>ῥᾳδίως.</span> <span class='ocrx_word' id='word_1_110' title='bbox 745 800 773 826; x_wconf 72' lang='grc' dir='ltr'>Ὀ</span> <span class='ocrx_word' id='word_1_111' title='bbox 803 797 826 825; x_wconf 82' lang='grc' dir='ltr'>δ’</span> <span class='ocrx_word' id='word_1_112' title='bbox 855 798 935 828; x_wconf 79' lang='grc' dir='ltr'>αὐτὸς</span> 
     </span>
    </p>
   </div>
   <div class='ocr_carea' id='block_1_18' title="bbox 97 842 936 880">
    <p class='ocr_par' dir='ltr' id='par_1_18' title="bbox 97 842 936 880">
     <span class='ocr_line' id='line_1_18' title="bbox 97 842 936 880; baseline 0 -11"><span class='ocrx_word' id='word_1_113' title='bbox 97 842 143 870; x_wconf 78' lang='grc' dir='ltr'>καὶ</span> <span class='ocrx_word' id='word_1_114' title='bbox 177 842 373 879; x_wconf 81' lang='grc' dir='ltr'>μακρόθυμος¹</span> <span class='ocrx_word' id='word_1_115' title='bbox 392 843 422 869; x_wconf 73' lang='grc' dir='ltr'>οὗ</span> <span class='ocrx_word' id='word_1_116' title='bbox 451 842 534 879; x_wconf 77' lang='grc' dir='ltr'>χάριν</span> <span class='ocrx_word' id='word_1_117' title='bbox 566 845 698 880; x_wconf 84' lang='grc' dir='ltr'>μακρυνεῖ</span> <span class='ocrx_word' id='word_1_118' title='bbox 728 842 776 874; x_wconf 73' lang='grc' dir='ltr'>τὰς</span> <span class='ocrx_word' id='word_1_119' title='bbox 801 842 936 879; x_wconf 74' lang='grc' dir='ltr'>ἁμαρτίας</span> 
     </span>
    </p>
   </div>
   <div class='ocr_carea' id='block_1_19' title="bbox 96 886 936 925">
    <p class='ocr_par' dir='ltr' id='par_1_19' title="bbox 96 886 936 925">
     <span class='ocr_line' id='line_1_19' title="bbox 96 886 936 925; baseline 0 -11"><span class='ocrx_word' id='word_1_120' title='bbox 96 888 190 923; x_wconf 75' lang='grc' dir='ltr'>ἡμῶν,</span> <span class='ocrx_word' id='word_1_121' title='bbox 218 887 263 914; x_wconf 78' lang='grc' dir='ltr'>καὶ</span> <span class='ocrx_word' id='word_1_122' title='bbox 293 886 414 914; x_wconf 79' lang='grc' dir='ltr'>ἱλάσεται</span> <span class='ocrx_word' id='word_1_123' title='bbox 444 888 525 923; x_wconf 77' lang='grc' dir='ltr'>ἡμῖν,</span> <span class='ocrx_word' id='word_1_124' title='bbox 551 887 625 925; x_wconf 65' lang='grc' dir='ltr'>ειπερ</span> <span class='ocrx_word' id='word_1_125' title='bbox 657 889 674 922; x_wconf 91' lang='grc' dir='ltr'><strong>ἡ</strong></span> <span class='ocrx_word' id='word_1_126' title='bbox 709 886 801 922; x_wconf 66' lang='grc' dir='ltr'>δέησις</span> <span class='ocrx_word' id='word_1_127' title='bbox 827 887 936 922; x_wconf 82' lang='grc' dir='ltr'>ἐκτενής</span> 
     </span>
    </p>
   </div>
   <div class='ocr_carea' id='block_1_20' title="bbox 95 930 936 969">
    <p class='ocr_par' dir='ltr' id='par_1_20' title="bbox 95 930 936 969">
     <span class='ocr_line' id='line_1_20' title="bbox 95 930 936 969; baseline 0.001 -11"><span class='ocrx_word' id='word_1_128' title='bbox 95 932 141 959; x_wconf 74' lang='grc' dir='ltr'>καὶ</span> <span class='ocrx_word' id='word_1_129' title='bbox 174 931 200 966; x_wconf 76' lang='grc' dir='ltr'>ἐξ</span> <span class='ocrx_word' id='word_1_130' title='bbox 227 930 298 967; x_wconf 74' lang='grc' dir='ltr'>ὅλης</span> <span class='ocrx_word' id='word_1_131' title='bbox 312 932 405 969; x_wconf 75' lang='grc' dir='ltr'>ψυχῆς</span> <span class='ocrx_word' id='word_1_132' title='bbox 435 931 480 958; x_wconf 87' lang='grc' dir='ltr'>καὶ</span> <span class='ocrx_word' id='word_1_133' title='bbox 509 930 630 963; x_wconf 83' lang='grc' dir='ltr'>διανοίας</span> <span class='ocrx_word' id='word_1_134' title='bbox 655 933 699 959; x_wconf 74' lang='grc' dir='ltr'>καὶ</span> <span class='ocrx_word' id='word_1_135' title='bbox 727 934 845 969; x_wconf 79' lang='grc' dir='ltr'>καθαροῦ</span> <span class='ocrx_word' id='word_1_136' title='bbox 875 932 936 959; x_wconf 85' lang='grc' dir='ltr'>στό-</span> 
     </span>
    </p>
   </div>
   <div class='ocr_carea' id='block_1_21' title="bbox 100 974 937 1015">
    <p class='ocr_par' dir='ltr' id='par_1_21' title="bbox 100 974 937 1015">
     <span class='ocr_line' id='line_1_21' title="bbox 100 974 937 1015; baseline 0.001 -12"><span class='ocrx_word' id='word_1_137' title='bbox 100 986 187 1012; x_wconf 84' lang='grc' dir='ltr'>ματος</span> <span class='ocrx_word' id='word_1_138' title='bbox 202 985 208 992; x_wconf 84' lang='lat'>&#39;</span> <span class='ocrx_word' id='word_1_139' title='bbox 232 976 262 1007; x_wconf 83' lang='grc' dir='ltr'>’ὸς</span> <span class='ocrx_word' id='word_1_140' title='bbox 287 974 350 1003; x_wconf 76' lang='grc' dir='ltr'>οὐδὲ</span> <span class='ocrx_word' id='word_1_141' title='bbox 380 976 508 1012; x_wconf 70' lang='grc' dir='ltr'>ἀναμένει</span> <span class='ocrx_word' id='word_1_142' title='bbox 542 975 743 1015; x_wconf 77' lang='grc' dir='ltr'>διαρθρωθῆναι</span> <span class='ocrx_word' id='word_1_143' title='bbox 771 977 817 1004; x_wconf 85' lang='grc' dir='ltr'>τὸν</span> <span class='ocrx_word' id='word_1_144' title='bbox 841 975 937 1012; x_wconf 77' lang='grc' dir='ltr'>δεητή-</span> 
     </span>
    </p>
   </div>
   <div class='ocr_carea' id='block_1_22' title="bbox 99 1019 937 1059">
    <p class='ocr_par' dir='ltr' id='par_1_22' title="bbox 99 1019 937 1059">
     <span class='ocr_line' id='line_1_22' title="bbox 99 1019 937 1059; baseline -0.001 -11"><span class='ocrx_word' id='word_1_145' title='bbox 99 1032 172 1059; x_wconf 81' lang='grc' dir='ltr'>ριον,</span> <span class='ocrx_word' id='word_1_146' title='bbox 196 1020 262 1048; x_wconf 74' lang='grc' dir='ltr'>ἀλλ’</span> <span class='ocrx_word' id='word_1_147' title='bbox 276 1019 316 1048; x_wconf 68' lang='grc' dir='ltr'>ἔτι</span> <span class='ocrx_word' id='word_1_148' title='bbox 344 1019 497 1052; x_wconf 75' lang='grc' dir='ltr'>λαλοῦντός</span> <span class='ocrx_word' id='word_1_149' title='bbox 524 1032 599 1052; x_wconf 88' lang='grc' dir='ltr'>τινος</span> <span class='ocrx_word' id='word_1_150' title='bbox 624 1021 767 1059; x_wconf 77' lang='grc' dir='ltr'>πάρεστιν.</span> <span class='ocrx_word' id='word_1_151' title='bbox 791 1022 937 1058; x_wconf 81' lang='grc' dir='ltr'>Ἐπιθυμεῖ</span> 
     </span>
    </p>
   </div>
   <div class='ocr_carea' id='block_1_23' title="bbox 97 1064 936 1104">
    <p class='ocr_par' dir='ltr' id='par_1_23' title="bbox 97 1064 936 1104">
     <span class='ocr_line' id='line_1_23' title="bbox 97 1064 936 1104; baseline 0.001 -12"><span class='ocrx_word' id='word_1_152' title='bbox 97 1066 151 1103; x_wconf 76' lang='grc' dir='ltr'>γὰρ</span> <span class='ocrx_word' id='word_1_153' title='bbox 182 1064 306 1100; x_wconf 71' lang='grc' dir='ltr'>δέξασθαι</span> <span class='ocrx_word' id='word_1_154' title='bbox 337 1065 439 1093; x_wconf 74' lang='grc' dir='ltr'>ἱκεσίαν</span> <span class='ocrx_word' id='word_1_155' title='bbox 478 1065 592 1103; x_wconf 73' lang='grc' dir='ltr'>ἕλλογον</span> <span class='ocrx_word' id='word_1_156' title='bbox 631 1066 675 1093; x_wconf 80' lang='grc' dir='ltr'>καὶ</span> <span class='ocrx_word' id='word_1_157' title='bbox 711 1066 846 1104; x_wconf 77' lang='grc' dir='ltr'>εὐεργεσίᾳ</span> <span class='ocrx_word' id='word_1_158' title='bbox 888 1068 936 1093; x_wconf 80' lang='grc' dir='ltr'>τοῦ</span> 
     </span>
    </p>
   </div>
   <div class='ocr_carea' id='block_1_24' title="bbox 99 1109 934 1149">
    <p class='ocr_par' dir='ltr' id='par_1_24' title="bbox 99 1109 934 1149">
     <span class='ocr_line' id='line_1_24' title="bbox 99 1109 934 1149; baseline 0.002 -12"><span class='ocrx_word' id='word_1_159' title='bbox 99 1109 327 1142; x_wconf 68' lang='grc' dir='ltr'>θεοκλυτοῦντος.</span> <span class='ocrx_word' id='word_1_160' title='bbox 352 1110 387 1137; x_wconf 86' lang='grc' dir='ltr'><strong><em>Ἦ</em></strong></span> <span class='ocrx_word' id='word_1_161' title='bbox 420 1110 471 1148; x_wconf 84' lang='grc' dir='ltr'>γὰρ</span> <span class='ocrx_word' id='word_1_162' title='bbox 512 1110 638 1148; x_wconf 80' lang='grc' dir='ltr'>βασιλεὺς</span> <span class='ocrx_word' id='word_1_163' title='bbox 677 1111 723 1148; x_wconf 74' lang='grc' dir='ltr'>μὶν</span> <span class='ocrx_word' id='word_1_164' title='bbox 753 1111 866 1149; x_wconf 78' lang='grc' dir='ltr'>ἀγαθὸς,</span> <span class='ocrx_word' id='word_1_165' title='bbox 897 1111 934 1147; x_wconf 82' lang='grc' dir='ltr'>μὴ</span> 
     </span>
    </p>
   </div>
   <div class='ocr_carea' id='block_1_25' title="bbox 97 1155 935 1194">
    <p class='ocr_par' dir='ltr' id='par_1_25' title="bbox 97 1155 935 1194">
     <span class='ocr_line' id='line_1_25' title="bbox 97 1155 935 1194; baseline 0 -11"><span class='ocrx_word' id='word_1_166' title='bbox 97 1155 269 1193; x_wconf 80' lang='grc' dir='ltr'>εὐεργετικὸς</span> <span class='ocrx_word' id='word_1_167' title='bbox 302 1157 448 1194; x_wconf 74' lang='grc' dir='ltr'>προσφυῶς</span> <span class='ocrx_word' id='word_1_168' title='bbox 478 1155 507 1183; x_wconf 79' lang='grc' dir='ltr'>ἂν</span> <span class='ocrx_word' id='word_1_169' title='bbox 539 1155 613 1194; x_wconf 69' lang='grc' dir='ltr'>λέγοι</span> <span class='ocrx_word' id='word_1_170' title='bbox 635 1156 664 1182; x_wconf 85' lang='grc' dir='ltr'>τό</span> <span class='ocrx_word' id='word_1_171' title='bbox 696 1166 738 1183; x_wconf 78' lang='grc' dir='ltr'>τι“</span> <span class='ocrx_word' id='word_1_172' title='bbox 767 1169 780 1182; x_wconf 72' lang='grc' dir='ltr'>ε(</span> <span class='ocrx_word' id='word_1_173' title='bbox 808 1157 935 1194; x_wconf 76' lang='grc' dir='ltr'>Σήμερον</span> 
     </span>
    </p>
   </div>
   <div class='ocr_carea' id='block_1_26' title="bbox 94 1197 934 1238">
    <p class='ocr_par' dir='ltr' id='par_1_26' title="bbox 94 1197 934 1238">
     <span class='ocr_line' id='line_1_26' title="bbox 94 1197 934 1238; baseline 0.002 -12"><span class='ocrx_word' id='word_1_174' title='bbox 94 1199 146 1227; x_wconf 77' lang='grc' dir='ltr'>οὐκ</span> <span class='ocrx_word' id='word_1_175' title='bbox 162 1197 335 1227; x_wconf 69' lang='grc' dir='ltr'>ἐϐασίλευσαν</span> <span class='ocrx_word' id='word_1_176' title='bbox 353 1198 415 1227; x_wconf 74' lang='grc' dir='ltr'>οὐδὲ</span> <span class='ocrx_word' id='word_1_177' title='bbox 430 1201 480 1238; x_wconf 70' lang='grc' dir='ltr'>γὰρ</span> <span class='ocrx_word' id='word_1_178' title='bbox 510 1200 645 1238; x_wconf 75' lang='grc' dir='ltr'>εὐηργέτη</span> <span class='ocrx_word' id='word_1_179' title='bbox 653 1211 706 1236; x_wconf 71' lang='grc' dir='ltr'>καις</span> <span class='ocrx_word' id='word_1_180' title='bbox 723 1211 735 1227; x_wconf 78' lang='grc' dir='ltr'>ι)</span> <span class='ocrx_word' id='word_1_181' title='bbox 754 1202 782 1227; x_wconf 78' lang='lat'>&#39;0</span> <span class='ocrx_word' id='word_1_182' title='bbox 813 1199 841 1228; x_wconf 69' lang='grc' dir='ltr'>δὲ</span> <span class='ocrx_word' id='word_1_183' title='bbox 869 1201 934 1235; x_wconf 81' lang='grc' dir='ltr'>Θεὸς</span> 
     </span>
    </p>
   </div>
   <div class='ocr_carea' id='block_1_27' title="bbox 94 1243 937 1283">
    <p class='ocr_par' dir='ltr' id='par_1_27' title="bbox 94 1243 937 1283">
     <span class='ocr_line' id='line_1_27' title="bbox 94 1243 937 1283; baseline 0.002 -12"><span class='ocrx_word' id='word_1_184' title='bbox 94 1245 227 1280; x_wconf 68' lang='grc' dir='ltr'>ἀνέξεται,</span> <span class='ocrx_word' id='word_1_185' title='bbox 260 1245 299 1280; x_wconf 75' lang='grc' dir='ltr'>μὴ</span> <span class='ocrx_word' id='word_1_186' title='bbox 330 1243 515 1276; x_wconf 78' lang='grc' dir='ltr'>ἀδιαλείπτως</span> <span class='ocrx_word' id='word_1_187' title='bbox 547 1245 710 1283; x_wconf 77' lang='grc' dir='ltr'>εὐεργετεῖν,</span> <span class='ocrx_word' id='word_1_188' title='bbox 738 1247 819 1273; x_wconf 79' lang='grc' dir='ltr'>τοῦτο</span> <span class='ocrx_word' id='word_1_189' title='bbox 847 1244 937 1280; x_wconf 79' lang='grc' dir='ltr'>διηνε-</span> 
     </span>
    </p>
   </div>
   <div class='ocr_carea' id='block_1_28' title="bbox 91 1287 936 1328">
    <p class='ocr_par' dir='ltr' id='par_1_28' title="bbox 91 1287 936 1328">
     <span class='ocr_line' id='line_1_28' title="bbox 91 1287 936 1328; baseline 0 -12"><span class='ocrx_word' id='word_1_190' title='bbox 91 1289 139 1320; x_wconf 75' lang='grc' dir='ltr'>κὲς</span> <span class='ocrx_word' id='word_1_191' title='bbox 169 1287 249 1326; x_wconf 72' lang='grc' dir='ltr'>ἔργον</span> <span class='ocrx_word' id='word_1_192' title='bbox 277 1289 378 1317; x_wconf 73' lang='grc' dir='ltr'>αὐτοῠε</span> <span class='ocrx_word' id='word_1_193' title='bbox 396 1288 453 1316; x_wconf 70' lang='grc' dir='ltr'>ἐπεὶ</span> <span class='ocrx_word' id='word_1_194' title='bbox 484 1290 530 1317; x_wconf 76' lang='grc' dir='ltr'>καὶ</span> <span class='ocrx_word' id='word_1_195' title='bbox 559 1289 709 1328; x_wconf 75' lang='grc' dir='ltr'>αὐτάγαοός</span> <span class='ocrx_word' id='word_1_196' title='bbox 739 1290 792 1318; x_wconf 80' lang='grc' dir='ltr'>ἐστι</span> <span class='ocrx_word' id='word_1_197' title='bbox 818 1290 861 1318; x_wconf 79' lang='grc' dir='ltr'>καὶ</span> <span class='ocrx_word' id='word_1_198' title='bbox 890 1290 936 1318; x_wconf 80' lang='grc' dir='ltr'>αὖ-</span> 
     </span>
    </p>
   </div>
   <div class='ocr_carea' id='block_1_29' title="bbox 93 1331 937 1371">
    <p class='ocr_par' dir='ltr' id='par_1_29' title="bbox 93 1331 937 1371">
     <span class='ocr_line' id='line_1_29' title="bbox 93 1331 937 1371; baseline 0.001 -9"><span class='ocrx_word' id='word_1_199' title='bbox 93 1331 272 1364; x_wconf 68' lang='grc' dir='ltr'>τοὸασιλεύς.</span> <span class='ocrx_word' id='word_1_200' title='bbox 309 1334 354 1361; x_wconf 85' lang='grc' dir='ltr'>Διὸ</span> <span class='ocrx_word' id='word_1_201' title='bbox 380 1334 426 1361; x_wconf 79' lang='grc' dir='ltr'>καὶ</span> <span class='ocrx_word' id='word_1_202' title='bbox 458 1332 604 1371; x_wconf 71' lang='grc' dir='ltr'>λαμϐάνων</span> <span class='ocrx_word' id='word_1_203' title='bbox 636 1334 738 1370; x_wconf 73' lang='grc' dir='ltr'>δέησιν,</span> <span class='ocrx_word' id='word_1_204' title='bbox 771 1335 819 1363; x_wconf 79' lang='grc' dir='ltr'>οὐκ</span> <span class='ocrx_word' id='word_1_205' title='bbox 850 1336 937 1370; x_wconf 71' lang='grc' dir='ltr'>ἀνέξε-</span> 
     </span>
    </p>
   </div>
   <div class='ocr_carea' id='block_1_30' title="bbox 93 1378 934 1418">
    <p class='ocr_par' dir='ltr' id='par_1_30' title="bbox 93 1378 934 1418">
     <span class='ocr_line' id='line_1_30' title="bbox 93 1378 934 1418; baseline 0.004 -13"><span class='ocrx_word' id='word_1_206' title='bbox 93 1389 151 1413; x_wconf 74' lang='grc' dir='ltr'>ται,</span> <span class='ocrx_word' id='word_1_207' title='bbox 171 1379 210 1415; x_wconf 77' lang='grc' dir='ltr'>μὴ</span> <span class='ocrx_word' id='word_1_208' title='bbox 226 1378 319 1406; x_wconf 82' lang='grc' dir='ltr'>κλίναι</span> <span class='ocrx_word' id='word_1_209' title='bbox 347 1379 378 1406; x_wconf 82' lang='grc' dir='ltr'>τὸ</span> <span class='ocrx_word' id='word_1_210' title='bbox 407 1378 453 1410; x_wconf 72' lang='grc' dir='ltr'>οὖς</span> <span class='ocrx_word' id='word_1_211' title='bbox 479 1390 536 1416; x_wconf 80' lang='grc' dir='ltr'>σου,</span> <span class='ocrx_word' id='word_1_212' title='bbox 553 1381 596 1407; x_wconf 78' lang='grc' dir='ltr'>καὶ</span> <span class='ocrx_word' id='word_1_213' title='bbox 625 1379 773 1408; x_wconf 74' lang='grc' dir='ltr'>ἐπακοῦσαι</span> <span class='ocrx_word' id='word_1_214' title='bbox 801 1381 839 1412; x_wconf 78' lang='grc' dir='ltr'>εἷς</span> <span class='ocrx_word' id='word_1_215' title='bbox 870 1380 934 1418; x_wconf 82' lang='grc' dir='ltr'>ἀγα-</span> 
     </span>
    </p>
   </div>
   <div class='ocr_carea' id='block_1_31' title="bbox 97 1422 932 1461">
    <p class='ocr_par' dir='ltr' id='par_1_31' title="bbox 97 1422 932 1461">
     <span class='ocr_line' id='line_1_31' title="bbox 97 1422 932 1461; baseline 0.002 -10"><span class='ocrx_word' id='word_1_216' title='bbox 97 1424 158 1458; x_wconf 81' lang='grc' dir='ltr'>θὸν,</span> <span class='ocrx_word' id='word_1_217' title='bbox 189 1422 262 1451; x_wconf 78' lang='grc' dir='ltr'>ἀλλά</span> <span class='ocrx_word' id='word_1_218' title='bbox 295 1425 481 1461; x_wconf 76' lang='grc' dir='ltr'>συμμετρήσει</span> <span class='ocrx_word' id='word_1_219' title='bbox 510 1427 549 1461; x_wconf 76' lang='grc' dir='ltr'>τῷ</span> <span class='ocrx_word' id='word_1_220' title='bbox 584 1427 632 1452; x_wconf 77' lang='grc' dir='ltr'>τοῦ</span> <span class='ocrx_word' id='word_1_221' title='bbox 660 1424 787 1453; x_wconf 81' lang='grc' dir='ltr'>κινδύνου</span> <span class='ocrx_word' id='word_1_222' title='bbox 810 1426 855 1453; x_wconf 80' lang='grc' dir='ltr'>καὶ</span> <span class='ocrx_word' id='word_1_223' title='bbox 883 1428 932 1453; x_wconf 73' lang='grc' dir='ltr'>τοῦ</span> 
     </span>
    </p>
   </div>
   <div class='ocr_carea' id='block_1_32' title="bbox 95 1466 930 1507">
    <p class='ocr_par' dir='ltr' id='par_1_32' title="bbox 95 1466 930 1507">
     <span class='ocr_line' id='line_1_32' title="bbox 95 1466 930 1507; baseline 0.004 -12"><span class='ocrx_word' id='word_1_224' title='bbox 95 1466 186 1507; x_wconf 71' lang='grc' dir='ltr'>φόϐου</span> <span class='ocrx_word' id='word_1_225' title='bbox 215 1470 304 1506; x_wconf 83' lang='grc' dir='ltr'>καιρῷ</span> <span class='ocrx_word' id='word_1_226' title='bbox 328 1469 372 1495; x_wconf 80' lang='grc' dir='ltr'>καὶ</span> <span class='ocrx_word' id='word_1_227' title='bbox 400 1470 448 1504; x_wconf 73' lang='grc' dir='ltr'>τήν</span> <span class='ocrx_word' id='word_1_228' title='bbox 480 1469 615 1507; x_wconf 77' lang='grc' dir='ltr'>σύναρσιν.</span> <span class='ocrx_word' id='word_1_229' title='bbox 641 1469 747 1498; x_wconf 75' lang='grc' dir='ltr'>Μέλλει</span> <span class='ocrx_word' id='word_1_230' title='bbox 778 1471 809 1498; x_wconf 86' lang='grc' dir='ltr'>τὸ</span> <span class='ocrx_word' id='word_1_231' title='bbox 837 1471 930 1506; x_wconf 78' lang='grc' dir='ltr'>κακὸν,</span> 
     </span>
    </p>
   </div>
   <div class='ocr_carea' id='block_1_33' title="bbox 92 1511 929 1552">
    <p class='ocr_par' dir='ltr' id='par_1_33' title="bbox 92 1511 929 1552">
     <span class='ocr_line' id='line_1_33' title="bbox 92 1511 929 1552; baseline 0.005 -12"><span class='ocrx_word' id='word_1_232' title='bbox 92 1514 140 1541; x_wconf 73' lang='grc' dir='ltr'>καὶ</span> <span class='ocrx_word' id='word_1_233' title='bbox 169 1511 362 1541; x_wconf 83' lang='grc' dir='ltr'>διαεκεδάσει·</span> <span class='ocrx_word' id='word_1_234' title='bbox 390 1513 499 1552; x_wconf 77' lang='grc' dir='ltr'>ἐγγίζει,</span> <span class='ocrx_word' id='word_1_235' title='bbox 529 1515 574 1542; x_wconf 81' lang='grc' dir='ltr'>καὶ</span> <span class='ocrx_word' id='word_1_236' title='bbox 602 1514 748 1543; x_wconf 84' lang='grc' dir='ltr'>ἀπώσεται.</span> <span class='ocrx_word' id='word_1_237' title='bbox 771 1515 850 1544; x_wconf 85' lang='grc' dir='ltr'>Ἀλλ’</span> <span class='ocrx_word' id='word_1_238' title='bbox 875 1514 929 1551; x_wconf 75' lang='grc' dir='ltr'>ἤδη</span> 
     </span>
    </p>
   </div>
   <div class='ocr_carea' id='block_1_34' title="bbox 92 1557 930 1596">
    <p class='ocr_par' dir='ltr' id='par_1_34' title="bbox 92 1557 930 1596">
     <span class='ocr_line' id='line_1_34' title="bbox 92 1557 930 1596; baseline 0.002 -12"><span class='ocrx_word' id='word_1_239' title='bbox 92 1557 229 1596; x_wconf 67' lang='grc' dir='ltr'>ἐφῆπται,</span> <span class='ocrx_word' id='word_1_240' title='bbox 255 1557 300 1584; x_wconf 86' lang='grc' dir='ltr'><strong>καί</strong></span> <span class='ocrx_word' id='word_1_241' title='bbox 324 1557 349 1584; x_wconf 87' lang='grc' dir='ltr'>ἐν</span> <span class='ocrx_word' id='word_1_242' title='bbox 373 1560 435 1595; x_wconf 84' lang='grc' dir='ltr'>χρῷ</span> <span class='ocrx_word' id='word_1_243' title='bbox 457 1557 568 1595; x_wconf 76' lang='grc' dir='ltr'>γέγονε·</span> <span class='ocrx_word' id='word_1_244' title='bbox 594 1559 638 1585; x_wconf 78' lang='grc' dir='ltr'>καὶ</span> <span class='ocrx_word' id='word_1_245' title='bbox 661 1558 744 1595; x_wconf 76' lang='grc' dir='ltr'>ψύξας</span> <span class='ocrx_word' id='word_1_246' title='bbox 778 1560 870 1596; x_wconf 83' lang='grc' dir='ltr'>ἡσυχῆ</span> <span class='ocrx_word' id='word_1_247' title='bbox 898 1559 930 1586; x_wconf 85' lang='grc' dir='ltr'>τὸ</span> 
     </span>
    </p>
   </div>
   <div class='ocr_carea' id='block_1_35' title="bbox 96 1601 928 1641">
    <p class='ocr_par' dir='ltr' id='par_1_35' title="bbox 96 1601 928 1641">
     <span class='ocr_line' id='line_1_35' title="bbox 96 1601 928 1641; baseline 0.002 -12"><span class='ocrx_word' id='word_1_248' title='bbox 96 1601 181 1640; x_wconf 66' lang='grc' dir='ltr'>βέλος</span> <span class='ocrx_word' id='word_1_249' title='bbox 197 1601 326 1637; x_wconf 79' lang='grc' dir='ltr'>ἐπιπνοίᾳ</span> <span class='ocrx_word' id='word_1_250' title='bbox 351 1602 416 1638; x_wconf 70' lang='grc' dir='ltr'>θείᾳ,</span> <span class='ocrx_word' id='word_1_251' title='bbox 435 1603 540 1641; x_wconf 77' lang='grc' dir='ltr'>στρέψει</span> <span class='ocrx_word' id='word_1_252' title='bbox 573 1602 669 1631; x_wconf 84' lang='grc' dir='ltr'>ὀπίσω.</span> <span class='ocrx_word' id='word_1_253' title='bbox 686 1603 720 1631; x_wconf 90' lang='grc' dir='ltr'>Τὸ</span> <span class='ocrx_word' id='word_1_254' title='bbox 751 1602 779 1630; x_wconf 65' lang='grc' dir='ltr'>δὲ</span> <span class='ocrx_word' id='word_1_255' title='bbox 802 1603 928 1631; x_wconf 84' lang='grc' dir='ltr'>καινότα-</span> 
     </span>
    </p>
   </div>
   <div class='ocr_carea' id='block_1_36' title="bbox 92 1639 965 1687">
    <p class='ocr_par' dir='ltr' id='par_1_36' title="bbox 92 1639 965 1687">
     <span class='ocr_line' id='line_1_36' title="bbox 92 1639 965 1687; baseline 0.001 -12"><span class='ocrx_word' id='word_1_256' title='bbox 92 1639 152 1675; x_wconf 77' lang='grc' dir='ltr'>τον·</span> <span class='ocrx_word' id='word_1_257' title='bbox 171 1647 353 1684; x_wconf 76' lang='grc' dir='ltr'>ἀντιοτρέψιι,</span> <span class='ocrx_word' id='word_1_258' title='bbox 369 1648 412 1675; x_wconf 85' lang='grc' dir='ltr'>καὶ</span> <span class='ocrx_word' id='word_1_259' title='bbox 444 1639 482 1679; x_wconf 81' lang='grc' dir='ltr'>εἰς</span> <span class='ocrx_word' id='word_1_260' title='bbox 509 1648 559 1683; x_wconf 77' lang='grc' dir='ltr'>τὴν</span> <span class='ocrx_word' id='word_1_261' title='bbox 582 1650 630 1675; x_wconf 80' lang='grc' dir='ltr'>τοῦ</span> <span class='ocrx_word' id='word_1_262' title='bbox 657 1648 789 1686; x_wconf 82' lang='grc' dir='ltr'>βαλόντος</span> <span class='ocrx_word' id='word_1_263' title='bbox 813 1648 925 1687; x_wconf 78' lang='grc' dir='ltr'>καρδίαν</span> <span class='ocrx_word' id='word_1_264' title='bbox 943 1639 965 1673; x_wconf 77' lang='lat' dir='ltr'><strong><em>C</em></strong></span> 
     </span>
    </p>
   </div>
   <div class='ocr_carea' id='block_1_37' title="bbox 93 1691 928 1731">
    <p class='ocr_par' dir='ltr' id='par_1_37' title="bbox 93 1691 928 1731">
     <span class='ocr_line' id='line_1_37' title="bbox 93 1691 928 1731; baseline 0.002 -11"><span class='ocrx_word' id='word_1_265' title='bbox 93 1691 228 1729; x_wconf 74' lang='grc' dir='ltr'>ἐμπήξει,</span> <span class='ocrx_word' id='word_1_266' title='bbox 257 1693 380 1723; x_wconf 72' lang='grc' dir='ltr'>τοιοῦτος</span> <span class='ocrx_word' id='word_1_267' title='bbox 426 1693 506 1724; x_wconf 80' lang='grc' dir='ltr'>αὐτὸς</span> <span class='ocrx_word' id='word_1_268' title='bbox 550 1692 694 1731; x_wconf 67' lang='grc' dir='ltr'>ἐπίκουρος</span> <span class='ocrx_word' id='word_1_269' title='bbox 733 1693 831 1721; x_wconf 78' lang='grc' dir='ltr'>ἄνωθεν</span> <span class='ocrx_word' id='word_1_270' title='bbox 870 1697 928 1725; x_wconf 81' lang='grc' dir='ltr'>τοῖς</span> 
     </span>
    </p>
   </div>
   <div class='ocr_carea' id='block_1_38' title="bbox 93 1735 451 1774">
    <p class='ocr_par' dir='ltr' id='par_1_38' title="bbox 93 1735 451 1774">
     <span class='ocr_line' id='line_1_38' title="bbox 93 1735 451 1774; baseline 0.003 -11"><span class='ocrx_word' id='word_1_271' title='bbox 93 1735 343 1774; x_wconf 68' lang='grc' dir='ltr'>προκαλουμένοις</span> <span class='ocrx_word' id='word_1_272' title='bbox 360 1736 451 1764; x_wconf 82' lang='grc' dir='ltr'>αὐτόν.</span> 
     </span>
    </p>
   </div>
   <div class='ocr_carea' id='block_1_39' title="bbox 133 1798 931 1839">
    <p class='ocr_par' dir='ltr' id='par_1_39' title="bbox 133 1798 931 1839">
     <span class='ocr_line' id='line_1_39' title="bbox 133 1798 931 1839; baseline 0.005 -14"><span class='ocrx_word' id='word_1_273' title='bbox 133 1800 189 1836; x_wconf 82' lang='grc' dir='ltr'>μς’.</span> <span class='ocrx_word' id='word_1_274' title='bbox 207 1799 279 1836; x_wconf 78' lang='grc' dir='ltr'>Ἐγὼ</span> <span class='ocrx_word' id='word_1_275' title='bbox 296 1798 326 1826; x_wconf 68' lang='grc' dir='ltr'>δὲ</span> <span class='ocrx_word' id='word_1_276' title='bbox 354 1809 399 1826; x_wconf 84' lang='grc' dir='ltr'>και</span> <span class='ocrx_word' id='word_1_277' title='bbox 415 1799 485 1827; x_wconf 75' lang='grc' dir='ltr'>ἄλλο</span> <span class='ocrx_word' id='word_1_278' title='bbox 501 1801 571 1838; x_wconf 86' lang='grc' dir='ltr'>πρὸς</span> <span class='ocrx_word' id='word_1_279' title='bbox 582 1801 752 1839; x_wconf 83' lang='grc' dir='ltr'>παραμυθίαν</span> <span class='ocrx_word' id='word_1_280' title='bbox 784 1802 846 1838; x_wconf 77' lang='grc' dir='ltr'>ὑμῖν</span> <span class='ocrx_word' id='word_1_281' title='bbox 878 1801 931 1839; x_wconf 82' lang='grc' dir='ltr'>ἐρῶ</span> 
     </span>
    </p>
   </div>
   <div class='ocr_carea' id='block_1_40' title="bbox 94 1844 932 1884">
    <p class='ocr_par' dir='ltr' id='par_1_40' title="bbox 94 1844 932 1884">
     <span class='ocr_line' id='line_1_40' title="bbox 94 1844 932 1884; baseline 0.005 -14"><span class='ocrx_word' id='word_1_282' title='bbox 94 1844 314 1871; x_wconf 79' lang='grc' dir='ltr'>πειστικώτατόν</span> <span class='ocrx_word' id='word_1_283' title='bbox 355 1855 381 1871; x_wconf 83' lang='grc' dir='ltr'>τι</span> <span class='ocrx_word' id='word_1_284' title='bbox 415 1844 459 1872; x_wconf 74' lang='grc' dir='ltr'>καὶ</span> <span class='ocrx_word' id='word_1_285' title='bbox 499 1844 732 1873; x_wconf 72' lang='grc' dir='ltr'>λυσιτελέστατον.</span> <span class='ocrx_word' id='word_1_286' title='bbox 758 1846 932 1884; x_wconf 74' lang='grc' dir='ltr'>Ἀνενεγκατε</span> 
     </span>
    </p>
   </div>
   <div class='ocr_carea' id='block_1_41' title="bbox 94 1888 934 1928">
    <p class='ocr_par' dir='ltr' id='par_1_41' title="bbox 94 1888 934 1928">
     <span class='ocr_line' id='line_1_41' title="bbox 94 1888 934 1928; baseline 0.005 -14"><span class='ocrx_word' id='word_1_287' title='bbox 94 1891 129 1925; x_wconf 81' lang='grc' dir='ltr'>τῇ</span> <span class='ocrx_word' id='word_1_288' title='bbox 148 1889 246 1925; x_wconf 75' lang='grc' dir='ltr'>μνήμῃ</span> <span class='ocrx_word' id='word_1_289' title='bbox 263 1888 311 1919; x_wconf 75' lang='grc' dir='ltr'>τὰς</span> <span class='ocrx_word' id='word_1_290' title='bbox 326 1889 417 1926; x_wconf 81' lang='grc' dir='ltr'>ψυχὰς</span> <span class='ocrx_word' id='word_1_291' title='bbox 447 1889 485 1920; x_wconf 81' lang='grc' dir='ltr'>εἷς</span> <span class='ocrx_word' id='word_1_292' title='bbox 511 1890 555 1917; x_wconf 83' lang='grc' dir='ltr'>τὸν</span> <span class='ocrx_word' id='word_1_293' title='bbox 584 1888 671 1917; x_wconf 76' lang='grc' dir='ltr'>ἔνθεον</span> <span class='ocrx_word' id='word_1_294' title='bbox 693 1890 773 1926; x_wconf 81' lang='grc' dir='ltr'>ἡμῶν</span> <span class='ocrx_word' id='word_1_295' title='bbox 803 1891 934 1928; x_wconf 78' lang='grc' dir='ltr'>αὐτοχρά,</span> 
     </span>
    </p>
   </div>
   <div class='ocr_carea' id='block_1_42' title="bbox 93 1932 932 1974">
    <p class='ocr_par' dir='ltr' id='par_1_42' title="bbox 93 1932 932 1974">
     <span class='ocr_line' id='line_1_42' title="bbox 93 1932 932 1974; baseline 0.005 -15"><span class='ocrx_word' id='word_1_296' title='bbox 93 1933 235 1970; x_wconf 76' lang='grc' dir='ltr'>τορα,καῖ</span> <span class='ocrx_word' id='word_1_297' title='bbox 265 1932 300 1960; x_wconf 85' lang='grc' dir='ltr'>δι’</span> <span class='ocrx_word' id='word_1_298' title='bbox 331 1933 433 1961; x_wconf 77' lang='grc' dir='ltr'>ἐκείνου</span> <span class='ocrx_word' id='word_1_299' title='bbox 464 1934 508 1961; x_wconf 79' lang='grc' dir='ltr'>καὶ</span> <span class='ocrx_word' id='word_1_300' title='bbox 539 1936 762 1973; x_wconf 74' lang='grc' dir='ltr'>παρηγορήοητε,</span> <span class='ocrx_word' id='word_1_301' title='bbox 786 1936 831 1963; x_wconf 82' lang='grc' dir='ltr'>καὶ</span> <span class='ocrx_word' id='word_1_302' title='bbox 863 1937 932 1974; x_wconf 75' lang='grc' dir='ltr'>βοή-</span> 
     </span>
    </p>
   </div>
   <div class='ocr_carea' id='block_1_43' title="bbox 96 1976 931 2016">
    <p class='ocr_par' dir='ltr' id='par_1_43' title="bbox 96 1976 931 2016">
     <span class='ocr_line' id='line_1_43' title="bbox 96 1976 931 2016; baseline 0.004 -12"><span class='ocrx_word' id='word_1_303' title='bbox 96 1983 173 2009; x_wconf 78' lang='grc' dir='ltr'>θειαν</span> <span class='ocrx_word' id='word_1_304' title='bbox 203 1976 328 2014; x_wconf 68' lang='grc' dir='ltr'>εὑρέσθαι</span> <span class='ocrx_word' id='word_1_305' title='bbox 367 1978 521 2006; x_wconf 87' lang='grc' dir='ltr'>σπεύσατε·</span> <span class='ocrx_word' id='word_1_306' title='bbox 551 1979 594 2006; x_wconf 79' lang='grc' dir='ltr'>καὶ</span> <span class='ocrx_word' id='word_1_307' title='bbox 623 1980 753 2016; x_wconf 70' lang='grc' dir='ltr'>βοηθήσει</span> <span class='ocrx_word' id='word_1_308' title='bbox 787 1981 833 2016; x_wconf 76' lang='grc' dir='ltr'>μὲν</span> <span class='ocrx_word' id='word_1_309' title='bbox 863 1982 931 2016; x_wconf 75' lang='grc' dir='ltr'>ἡμῖν</span> 
     </span>
    </p>
   </div>
   <div class='ocr_carea' id='block_1_44' title="bbox 97 2021 935 2063">
    <p class='ocr_par' dir='ltr' id='par_1_44' title="bbox 97 2021 935 2063">
     <span class='ocr_line' id='line_1_44' title="bbox 97 2021 935 2063; baseline 0.005 -15"><span class='ocrx_word' id='word_1_310' title='bbox 97 2021 202 2053; x_wconf 76' lang='grc' dir='ltr'>ἐκεῖνος</span> <span class='ocrx_word' id='word_1_311' title='bbox 232 2023 277 2049; x_wconf 71' lang='grc' dir='ltr'>καὶ</span> <span class='ocrx_word' id='word_1_312' title='bbox 318 2022 423 2050; x_wconf 78' lang='grc' dir='ltr'>οἷ’κοοεν</span> <span class='ocrx_word' id='word_1_313' title='bbox 451 2022 542 2061; x_wconf 73' lang='grc' dir='ltr'>ἔργοις</span> <span class='ocrx_word' id='word_1_314' title='bbox 571 2024 725 2062; x_wconf 71' lang='grc' dir='ltr'>βασιλικοῖς</span> <span class='ocrx_word' id='word_1_315' title='bbox 752 2024 797 2052; x_wconf 70' lang='grc' dir='ltr'>καί</span> <span class='ocrx_word' id='word_1_316' title='bbox 826 2035 935 2063; x_wconf 84' lang='grc' dir='ltr'>προμη-</span> 
     </span>
    </p>
   </div>
   <div class='ocr_carea' id='block_1_45' title="bbox 96 2066 932 2107">
    <p class='ocr_par' dir='ltr' id='par_1_45' title="bbox 96 2066 932 2107">
     <span class='ocr_line' id='line_1_45' title="bbox 96 2066 932 2107; baseline 0.004 -14"><span class='ocrx_word' id='word_1_317' title='bbox 96 2066 158 2102; x_wconf 73' lang='grc' dir='ltr'>θείᾳ</span> <span class='ocrx_word' id='word_1_318' title='bbox 190 2067 258 2102; x_wconf 75' lang='grc' dir='ltr'>θείᾳ,</span> <span class='ocrx_word' id='word_1_319' title='bbox 289 2067 346 2105; x_wconf 82' lang='grc' dir='ltr'>οὐχ</span> <span class='ocrx_word' id='word_1_320' title='bbox 367 2067 465 2102; x_wconf 78' lang='grc' dir='ltr'>ἥκιστα</span> <span class='ocrx_word' id='word_1_321' title='bbox 493 2067 522 2096; x_wconf 79' lang='grc' dir='ltr'>δὲ</span> <span class='ocrx_word' id='word_1_322' title='bbox 549 2070 604 2104; x_wconf 78' lang='grc' dir='ltr'>καὶ,</span> <span class='ocrx_word' id='word_1_323' title='bbox 635 2067 709 2107; x_wconf 73' lang='grc' dir='ltr'>εἶ’περ</span> <span class='ocrx_word' id='word_1_324' title='bbox 739 2069 832 2107; x_wconf 73' lang='grc' dir='ltr'>εὐχαῖς</span> <span class='ocrx_word' id='word_1_325' title='bbox 867 2070 932 2096; x_wconf 81' lang='grc' dir='ltr'>Θεὸν</span> 
     </span>
    </p>
   </div>
   <div class='ocr_carea' id='block_1_46' title="bbox 95 2111 934 2151">
    <p class='ocr_par' dir='ltr' id='par_1_46' title="bbox 95 2111 934 2151">
     <span class='ocr_line' id='line_1_46' title="bbox 95 2111 934 2151; baseline 0.002 -13"><span class='ocrx_word' id='word_1_326' title='bbox 95 2111 239 2147; x_wconf 75' lang='grc' dir='ltr'>πείθομεν,</span> <span class='ocrx_word' id='word_1_327' title='bbox 261 2113 473 2149; x_wconf 74' lang='grc' dir='ltr'>συνεφάπτεσθαι</span> <span class='ocrx_word' id='word_1_328' title='bbox 503 2115 556 2140; x_wconf 77' lang='grc' dir='ltr'>τῶν</span> <span class='ocrx_word' id='word_1_329' title='bbox 586 2111 673 2151; x_wconf 77' lang='grc' dir='ltr'>ἔργων</span> <span class='ocrx_word' id='word_1_330' title='bbox 702 2114 786 2149; x_wconf 69' lang='grc' dir='ltr'>αὐτῷ,</span> <span class='ocrx_word' id='word_1_331' title='bbox 803 2113 847 2140; x_wconf 86' lang='grc' dir='ltr'>καὶ</span> <span class='ocrx_word' id='word_1_332' title='bbox 871 2124 934 2150; x_wconf 84' lang='grc' dir='ltr'>συγ-</span> 
     </span>
    </p>
   </div>
   <div class='ocr_carea' id='block_1_47' title="bbox 95 2155 934 2196">
    <p class='ocr_par' dir='ltr' id='par_1_47' title="bbox 95 2155 934 2196">
     <span class='ocr_line' id='line_1_47' title="bbox 95 2155 934 2196; baseline 0.004 -14"><span class='ocrx_word' id='word_1_333' title='bbox 95 2155 268 2187; x_wconf 74' lang='grc' dir='ltr'>κατευθύνειν</span> <span class='ocrx_word' id='word_1_334' title='bbox 299 2156 331 2183; x_wconf 88' lang='grc' dir='ltr'>τὸ</span> <span class='ocrx_word' id='word_1_335' title='bbox 361 2156 426 2194; x_wconf 77' lang='grc' dir='ltr'>δόρυ</span> <span class='ocrx_word' id='word_1_336' title='bbox 458 2158 525 2185; x_wconf 79' lang='grc' dir='ltr'>κατὰ</span> <span class='ocrx_word' id='word_1_337' title='bbox 561 2158 649 2194; x_wconf 70' lang='grc' dir='ltr'>πάσης</span> <span class='ocrx_word' id='word_1_338' title='bbox 679 2157 852 2195; x_wconf 80' lang='grc' dir='ltr'>παλαμναίας</span> <span class='ocrx_word' id='word_1_339' title='bbox 880 2158 934 2196; x_wconf 71' lang='grc' dir='ltr'>φά-</span> 
     </span>
    </p>
   </div>
   <div class='ocr_carea' id='block_1_48' title="bbox 99 2200 934 2240">
    <p class='ocr_par' dir='ltr' id='par_1_48' title="bbox 99 2200 934 2240">
     <span class='ocr_line' id='line_1_48' title="bbox 99 2200 934 2240; baseline 0.004 -13"><span class='ocrx_word' id='word_1_340' title='bbox 99 2200 206 2238; x_wconf 72' lang='grc' dir='ltr'>λαγγος</span> <span class='ocrx_word' id='word_1_341' title='bbox 253 2201 419 2239; x_wconf 79' lang='grc' dir='ltr'>ἀντιμάχου.</span> <span class='ocrx_word' id='word_1_342' title='bbox 448 2203 674 2240; x_wconf 69' lang='grc' dir='ltr'>Παρηγορῆσεται</span> <span class='ocrx_word' id='word_1_343' title='bbox 717 2202 745 2230; x_wconf 73' lang='grc' dir='ltr'>δὲ</span> <span class='ocrx_word' id='word_1_344' title='bbox 784 2206 842 2234; x_wconf 83' lang='grc' dir='ltr'>τοῖς</span> <span class='ocrx_word' id='word_1_345' title='bbox 874 2203 934 2235; x_wconf 76' lang='grc' dir='ltr'>καθ’</span> 
     </span>
    </p>
   </div>
   <div class='ocr_carea' id='block_1_49' title="bbox 99 2246 932 2286">
    <p class='ocr_par' dir='ltr' id='par_1_49' title="bbox 99 2246 932 2286">
     <span class='ocr_line' id='line_1_49' title="bbox 99 2246 932 2286; baseline 0.004 -14"><span class='ocrx_word' id='word_1_346' title='bbox 99 2246 207 2279; x_wconf 69' lang='grc' dir='ltr'>ἑαυτὸν,</span> <span class='ocrx_word' id='word_1_347' title='bbox 236 2246 281 2273; x_wconf 79' lang='grc' dir='ltr'>καὶ</span> <span class='ocrx_word' id='word_1_348' title='bbox 317 2247 359 2277; x_wconf 86' lang='grc' dir='ltr'>οἷς</span> <span class='ocrx_word' id='word_1_349' title='bbox 389 2247 430 2274; x_wconf 81' lang='grc' dir='ltr'>ἀεὶ</span> <span class='ocrx_word' id='word_1_350' title='bbox 455 2250 577 2275; x_wconf 79' lang='grc' dir='ltr'>πονεῖται</span> <span class='ocrx_word' id='word_1_351' title='bbox 608 2248 672 2286; x_wconf 73' lang='grc' dir='ltr'>ὑπὲρ</span> <span class='ocrx_word' id='word_1_352' title='bbox 702 2250 757 2275; x_wconf 83' lang='grc' dir='ltr'>τῶν</span> <span class='ocrx_word' id='word_1_353' title='bbox 785 2248 832 2275; x_wconf 76' lang='grc' dir='ltr'>τοῦ</span> <span class='ocrx_word' id='word_1_354' title='bbox 855 2249 932 2276; x_wconf 73' lang='grc' dir='ltr'>Θεοῦ.</span> 
     </span>
    </p>
   </div>
   <div class='ocr_carea' id='block_1_50' title="bbox 99 2289 935 2330">
    <p class='ocr_par' dir='ltr' id='par_1_50' title="bbox 99 2289 935 2330">
     <span class='ocr_line' id='line_1_50' title="bbox 99 2289 935 2330; baseline 0.004 -13"><span class='ocrx_word' id='word_1_355' title='bbox 99 2289 201 2318; x_wconf 67' lang='grc' dir='ltr'>Οἴδατε</span> <span class='ocrx_word' id='word_1_356' title='bbox 215 2290 337 2326; x_wconf 69' lang='grc' dir='ltr'>πάντως,</span> <span class='ocrx_word' id='word_1_357' title='bbox 354 2291 402 2326; x_wconf 85' lang='grc' dir='ltr'>ὡς,</span> <span class='ocrx_word' id='word_1_358' title='bbox 419 2291 510 2328; x_wconf 78' lang='grc' dir='ltr'>ὲξότου</span> <span class='ocrx_word' id='word_1_359' title='bbox 535 2293 548 2319; x_wconf 85' lang='grc' dir='ltr'>ὁ</span> <span class='ocrx_word' id='word_1_360' title='bbox 578 2292 714 2330; x_wconf 74' lang='grc' dir='ltr'>βασίλειος</span> <span class='ocrx_word' id='word_1_361' title='bbox 741 2293 821 2320; x_wconf 72' lang='grc' dir='ltr'>αὐτὸν</span> <span class='ocrx_word' id='word_1_362' title='bbox 850 2291 935 2329; x_wconf 77' lang='grc' dir='ltr'>ἔλαχε</span> 
     </span>
    </p>
   </div>
   <div class='ocr_carea' id='block_1_51' title="bbox 991 310 1815 348">
    <p class='ocr_par' dir='ltr' id='par_1_51' title="bbox 991 310 1815 348">
     <span class='ocr_line' id='line_1_51' title="bbox 991 310 1815 348; baseline 0.007 -13"><span class='ocrx_word' id='word_1_363' title='bbox 991 311 1080 336; x_wconf 82' lang='lat' dir='ltr'>tatem</span> <span class='ocrx_word' id='word_1_364' title='bbox 1096 310 1191 337; x_wconf 87' lang='lat' dir='ltr'>sanat.</span> <span class='ocrx_word' id='word_1_365' title='bbox 1202 310 1232 336; x_wconf 91' lang='lat' dir='ltr'>In</span> <span class='ocrx_word' id='word_1_366' title='bbox 1243 317 1309 337; x_wconf 88' lang='lat' dir='ltr'>eum</span> <span class='ocrx_word' id='word_1_367' title='bbox 1326 310 1425 345; x_wconf 77' lang='lat' dir='ltr'>itaque</span> <span class='ocrx_word' id='word_1_368' title='bbox 1439 318 1555 337; x_wconf 88' lang='lat' dir='ltr'>omnem</span> <span class='ocrx_word' id='word_1_369' title='bbox 1565 319 1646 346; x_wconf 83' lang='lat' dir='ltr'>spem</span> <span class='ocrx_word' id='word_1_370' title='bbox 1659 320 1815 348; x_wconf 76' lang='lat' dir='ltr'>ponamus,</span> 
     </span>
    </p>
   </div>
   <div class='ocr_carea' id='block_1_52' title="bbox 990 353 1815 390">
    <p class='ocr_par' dir='ltr' id='par_1_52' title="bbox 990 353 1815 390">
     <span class='ocr_line' id='line_1_52' title="bbox 990 353 1815 390; baseline 0.005 -10"><span class='ocrx_word' id='word_1_371' title='bbox 990 355 1018 381; x_wconf 92' lang='lat' dir='ltr'>et</span> <span class='ocrx_word' id='word_1_372' title='bbox 1033 353 1215 388; x_wconf 85' lang='lat' dir='ltr'>sanabimur,</span> <span class='ocrx_word' id='word_1_373' title='bbox 1232 357 1260 381; x_wconf 89' lang='lat' dir='ltr'>et</span> <span class='ocrx_word' id='word_1_374' title='bbox 1279 354 1475 390; x_wconf 78' lang='lat' dir='ltr'>gaudebimus</span> <span class='ocrx_word' id='word_1_375' title='bbox 1501 355 1580 382; x_wconf 89' lang='lat' dir='ltr'>omni</span> <span class='ocrx_word' id='word_1_376' title='bbox 1598 355 1673 383; x_wconf 86' lang='lat' dir='ltr'>malo</span> <span class='ocrx_word' id='word_1_377' title='bbox 1688 356 1815 385; x_wconf 81' lang='lat' dir='ltr'>liberati.</span> 
     </span>
    </p>
   </div>
   <div class='ocr_carea' id='block_1_53' title="bbox 991 397 1816 437">
    <p class='ocr_par' dir='ltr' id='par_1_53' title="bbox 991 397 1816 437">
     <span class='ocr_line' id='line_1_53' title="bbox 991 397 1816 437; baseline 0.006 -13"><span class='ocrx_word' id='word_1_378' title='bbox 991 397 1063 430; x_wconf 89' lang='lat' dir='ltr'>Quid</span> <span class='ocrx_word' id='word_1_379' title='bbox 1081 398 1158 425; x_wconf 87' lang='lat' dir='ltr'>enim</span> <span class='ocrx_word' id='word_1_380' title='bbox 1187 397 1265 425; x_wconf 83' lang='lat' dir='ltr'>aliud</span> <span class='ocrx_word' id='word_1_381' title='bbox 1291 398 1457 426; x_wconf 86' lang='lat' dir='ltr'>faciendum</span> <span class='ocrx_word' id='word_1_382' title='bbox 1482 401 1526 426; x_wconf 84' lang='lat' dir='ltr'>est</span> <span class='ocrx_word' id='word_1_383' title='bbox 1540 399 1570 426; x_wconf 91' lang='lat' dir='ltr'>in</span> <span class='ocrx_word' id='word_1_384' title='bbox 1585 399 1622 427; x_wconf 89' lang='lat' dir='ltr'>iis</span> <span class='ocrx_word' id='word_1_385' title='bbox 1646 408 1711 435; x_wconf 67' lang='lat' dir='ltr'>quia</span> <span class='ocrx_word' id='word_1_386' title='bbox 1727 409 1816 437; x_wconf 82' lang='lat' dir='ltr'><strong>penes</strong></span> 
     </span>
    </p>
   </div>
   <div class='ocr_carea' id='block_1_54' title="bbox 991 443 1816 479">
    <p class='ocr_par' dir='ltr' id='par_1_54' title="bbox 991 443 1816 479">
     <span class='ocr_line' id='line_1_54' title="bbox 991 443 1816 479; baseline 0.005 -10"><span class='ocrx_word' id='word_1_387' title='bbox 991 450 1044 470; x_wconf 87' lang='lat' dir='ltr'>nos</span> <span class='ocrx_word' id='word_1_388' title='bbox 1061 450 1116 469; x_wconf 89' lang='lat' dir='ltr'>non</span> <span class='ocrx_word' id='word_1_389' title='bbox 1140 444 1221 476; x_wconf 87' lang='lat' dir='ltr'>sunt,</span> <span class='ocrx_word' id='word_1_390' title='bbox 1238 446 1289 470; x_wconf 86' lang='lat' dir='ltr'>aut</span> <span class='ocrx_word' id='word_1_391' title='bbox 1309 443 1404 478; x_wconf 80' lang='lat' dir='ltr'>potius</span> <span class='ocrx_word' id='word_1_392' title='bbox 1427 443 1457 470; x_wconf 88' lang='lat' dir='ltr'>in</span> <span class='ocrx_word' id='word_1_393' title='bbox 1474 443 1509 470; x_wconf 84' lang='lat' dir='ltr'>iis</span> <span class='ocrx_word' id='word_1_394' title='bbox 1524 443 1598 479; x_wconf 85' lang='lat' dir='ltr'>ipsis</span> <span class='ocrx_word' id='word_1_395' title='bbox 1614 452 1676 479; x_wconf 80' lang='lat' dir='ltr'>quae</span> <span class='ocrx_word' id='word_1_396' title='bbox 1693 453 1710 472; x_wconf 87' lang='lat' dir='ltr'>a</span> <span class='ocrx_word' id='word_1_397' title='bbox 1731 445 1816 474; x_wconf 87' lang='lat' dir='ltr'>nobis</span> 
     </span>
    </p>
   </div>
   <div class='ocr_carea' id='block_1_55' title="bbox 991 486 1816 524">
    <p class='ocr_par' dir='ltr' id='par_1_55' title="bbox 991 486 1816 524">
     <span class='ocr_line' id='line_1_55' title="bbox 991 486 1816 524; baseline 0.006 -11"><span class='ocrx_word' id='word_1_398' title='bbox 991 486 1142 522; x_wconf 83' lang='lat' dir='ltr'>pendent?</span> <span class='ocrx_word' id='word_1_399' title='bbox 1157 487 1188 515; x_wconf 91' lang='lat' dir='ltr'>ln</span> <span class='ocrx_word' id='word_1_400' title='bbox 1206 487 1346 515; x_wconf 71' lang='lat' dir='ltr'>aerumnis</span> <span class='ocrx_word' id='word_1_401' title='bbox 1362 490 1459 515; x_wconf 85' lang='lat' dir='ltr'>autem</span> <span class='ocrx_word' id='word_1_402' title='bbox 1476 490 1504 515; x_wconf 91' lang='lat' dir='ltr'>et</span> <span class='ocrx_word' id='word_1_403' title='bbox 1520 489 1600 516; x_wconf 82' lang='lat' dir='ltr'>metu</span> <span class='ocrx_word' id='word_1_404' title='bbox 1616 496 1683 516; x_wconf 90' lang='lat' dir='ltr'>cum</span> <span class='ocrx_word' id='word_1_405' title='bbox 1700 498 1816 524; x_wconf 80' lang='lat' dir='ltr'>sumus,</span> 
     </span>
    </p>
   </div>
   <div class='ocr_carea' id='block_1_56' title="bbox 991 531 1816 568">
    <p class='ocr_par' dir='ltr' id='par_1_56' title="bbox 991 531 1816 568">
     <span class='ocr_line' id='line_1_56' title="bbox 991 531 1816 568; baseline 0.005 -10"><span class='ocrx_word' id='word_1_406' title='bbox 991 531 1126 566; x_wconf 82' lang='lat' dir='ltr'>precibus</span> <span class='ocrx_word' id='word_1_407' title='bbox 1142 540 1229 567; x_wconf 82' lang='lat' dir='ltr'>quem</span> <span class='ocrx_word' id='word_1_408' title='bbox 1245 532 1382 560; x_wconf 88' lang='lat' dir='ltr'>volumus</span> <span class='ocrx_word' id='word_1_409' title='bbox 1406 532 1486 560; x_wconf 82' lang='lat' dir='ltr'>adire</span> <span class='ocrx_word' id='word_1_410' title='bbox 1503 541 1675 568; x_wconf 82' lang='lat' dir='ltr'>possumus,</span> <span class='ocrx_word' id='word_1_411' title='bbox 1692 534 1742 561; x_wconf 88' lang='lat' dir='ltr'>sed</span> <span class='ocrx_word' id='word_1_412' title='bbox 1757 542 1816 563; x_wconf 92' lang='lat' dir='ltr'>non</span> 
     </span>
    </p>
   </div>
   <div class='ocr_carea' id='block_1_57' title="bbox 991 576 1820 615">
    <p class='ocr_par' dir='ltr' id='par_1_57' title="bbox 991 576 1820 615">
     <span class='ocr_line' id='line_1_57' title="bbox 991 576 1820 615; baseline 0.005 -12"><span class='ocrx_word' id='word_1_413' title='bbox 991 576 1025 603; x_wconf 88' lang='lat' dir='ltr'>ad</span> <span class='ocrx_word' id='word_1_414' title='bbox 1043 584 1257 612; x_wconf 86' lang='lat' dir='ltr'>quemcunque,</span> <span class='ocrx_word' id='word_1_415' title='bbox 1275 577 1325 604; x_wconf 90' lang='lat' dir='ltr'>sed</span> <span class='ocrx_word' id='word_1_416' title='bbox 1339 577 1578 613; x_wconf 85' lang='lat' dir='ltr'>potentissimum</span> <span class='ocrx_word' id='word_1_417' title='bbox 1590 579 1725 606; x_wconf 78' lang='lat' dir='ltr'>accedere</span> <span class='ocrx_word' id='word_1_418' title='bbox 1735 587 1820 615; x_wconf 85' lang='lat' dir='ltr'>expe-</span> 
     </span>
    </p>
   </div>
   <div class='ocr_carea' id='block_1_58' title="bbox 991 620 1821 659">
    <p class='ocr_par' dir='ltr' id='par_1_58' title="bbox 991 620 1821 659">
     <span class='ocr_line' id='line_1_58' title="bbox 991 620 1821 659; baseline 0.005 -12"><span class='ocrx_word' id='word_1_419' title='bbox 991 620 1042 648; x_wconf 90' lang='lat' dir='ltr'>dit.</span> <span class='ocrx_word' id='word_1_420' title='bbox 1060 621 1110 648; x_wconf 86' lang='lat' dir='ltr'>Est</span> <span class='ocrx_word' id='word_1_421' title='bbox 1134 623 1231 648; x_wconf 86' lang='lat' dir='ltr'>autem</span> <span class='ocrx_word' id='word_1_422' title='bbox 1256 621 1302 649; x_wconf 85' lang='lat' dir='ltr'>hic</span> <span class='ocrx_word' id='word_1_423' title='bbox 1328 624 1403 649; x_wconf 88' lang='lat' dir='ltr'>Deus</span> <span class='ocrx_word' id='word_1_424' title='bbox 1427 622 1594 656; x_wconf 85' lang='lat' dir='ltr'>virtutum;</span> <span class='ocrx_word' id='word_1_425' title='bbox 1619 623 1714 658; x_wconf 86' lang='lat' dir='ltr'>ipsius</span> <span class='ocrx_word' id='word_1_426' title='bbox 1730 623 1821 659; x_wconf 81' lang='lat' dir='ltr'>igitur</span> 
     </span>
    </p>
   </div>
   <div class='ocr_carea' id='block_1_59' title="bbox 991 665 1820 704">
    <p class='ocr_par' dir='ltr' id='par_1_59' title="bbox 991 665 1820 704">
     <span class='ocr_line' id='line_1_59' title="bbox 991 665 1820 704; baseline 0.005 -12"><span class='ocrx_word' id='word_1_427' title='bbox 991 665 1134 693; x_wconf 83' lang='lat' dir='ltr'>auxilium</span> <span class='ocrx_word' id='word_1_428' title='bbox 1158 665 1361 701; x_wconf 89' lang='lat' dir='ltr'>imploremus,</span> <span class='ocrx_word' id='word_1_429' title='bbox 1382 666 1432 701; x_wconf 92' lang='lat' dir='ltr'>qui</span> <span class='ocrx_word' id='word_1_430' title='bbox 1456 674 1557 702; x_wconf 84' lang='lat' dir='ltr'>preces</span> <span class='ocrx_word' id='word_1_431' title='bbox 1581 666 1676 701; x_wconf 80' lang='lat' dir='ltr'>iustas</span> <span class='ocrx_word' id='word_1_432' title='bbox 1700 669 1728 695; x_wconf 91' lang='lat' dir='ltr'>et</span> <span class='ocrx_word' id='word_1_433' title='bbox 1751 676 1820 704; x_wconf 86' lang='lat' dir='ltr'>spes</span> 
     </span>
    </p>
   </div>
   <div class='ocr_carea' id='block_1_60' title="bbox 990 710 1818 748">
    <p class='ocr_par' dir='ltr' id='par_1_60' title="bbox 990 710 1818 748">
     <span class='ocr_line' id='line_1_60' title="bbox 990 710 1818 748; baseline 0.004 -11"><span class='ocrx_word' id='word_1_434' title='bbox 990 710 1083 738; x_wconf 87' lang='lat' dir='ltr'>bonas</span> <span class='ocrx_word' id='word_1_435' title='bbox 1100 711 1135 738; x_wconf 84' lang='lat' dir='ltr'>ad</span> <span class='ocrx_word' id='word_1_436' title='bbox 1148 710 1256 738; x_wconf 79' lang='lat' dir='ltr'>exitum</span> <span class='ocrx_word' id='word_1_437' title='bbox 1267 711 1425 746; x_wconf 85' lang='lat' dir='ltr'>perducere</span> <span class='ocrx_word' id='word_1_438' title='bbox 1434 711 1518 739; x_wconf 89' lang='lat' dir='ltr'>valet.</span> <span class='ocrx_word' id='word_1_439' title='bbox 1534 713 1610 738; x_wconf 87' lang='lat' dir='ltr'>Deus</span> <span class='ocrx_word' id='word_1_440' title='bbox 1623 712 1704 739; x_wconf 87' lang='lat' dir='ltr'>solus</span> <span class='ocrx_word' id='word_1_441' title='bbox 1716 712 1818 748; x_wconf 82' lang='lat' dir='ltr'>fortis;</span> 
     </span>
    </p>
   </div>
   <div class='ocr_carea' id='block_1_61' title="bbox 991 754 1819 792">
    <p class='ocr_par' dir='ltr' id='par_1_61' title="bbox 991 754 1819 792">
     <span class='ocr_line' id='line_1_61' title="bbox 991 754 1819 792; baseline 0.004 -11"><span class='ocrx_word' id='word_1_442' title='bbox 991 754 1098 782; x_wconf 89' lang='lat' dir='ltr'>idcirco</span> <span class='ocrx_word' id='word_1_443' title='bbox 1116 754 1197 782; x_wconf 83' lang='lat' dir='ltr'>facile</span> <span class='ocrx_word' id='word_1_444' title='bbox 1209 755 1348 791; x_wconf 72' lang='lat' dir='ltr'>perficiet.</span> <span class='ocrx_word' id='word_1_445' title='bbox 1360 756 1438 782; x_wconf 87' lang='lat' dir='ltr'>Idem</span> <span class='ocrx_word' id='word_1_446' title='bbox 1448 763 1516 783; x_wconf 89' lang='lat' dir='ltr'>vero</span> <span class='ocrx_word' id='word_1_447' title='bbox 1532 755 1619 783; x_wconf 83' lang='lat' dir='ltr'>etiam</span> <span class='ocrx_word' id='word_1_448' title='bbox 1631 755 1819 792; x_wconf 85' lang='lat' dir='ltr'>longanimus</span> 
     </span>
    </p>
   </div>
   <div class='ocr_carea' id='block_1_62' title="bbox 992 800 1818 835">
    <p class='ocr_par' dir='ltr' id='par_1_62' title="bbox 992 800 1818 835">
     <span class='ocr_line' id='line_1_62' title="bbox 992 800 1818 835; baseline 0.004 -9"><span class='ocrx_word' id='word_1_449' title='bbox 992 801 1054 832; x_wconf 85' lang='lat' dir='ltr'>est;</span> <span class='ocrx_word' id='word_1_450' title='bbox 1085 807 1174 834; x_wconf 83' lang='lat' dir='ltr'>quare</span> <span class='ocrx_word' id='word_1_451' title='bbox 1204 801 1323 835; x_wconf 84' lang='lat' dir='ltr'>peccata</span> <span class='ocrx_word' id='word_1_452' title='bbox 1353 802 1454 827; x_wconf 80' lang='lat' dir='ltr'>nostra</span> <span class='ocrx_word' id='word_1_453' title='bbox 1483 800 1622 828; x_wconf 89' lang='lat' dir='ltr'>diminuit</span> <span class='ocrx_word' id='word_1_454' title='bbox 1651 804 1680 828; x_wconf 88' lang='lat' dir='ltr'>et</span> <span class='ocrx_word' id='word_1_455' title='bbox 1703 801 1818 830; x_wconf 87' lang='lat' dir='ltr'>veniam</span> 
     </span>
    </p>
   </div>
   <div class='ocr_carea' id='block_1_63' title="bbox 992 844 1819 880">
    <p class='ocr_par' dir='ltr' id='par_1_63' title="bbox 992 844 1819 880">
     <span class='ocr_line' id='line_1_63' title="bbox 992 844 1819 880; baseline 0.004 -10"><span class='ocrx_word' id='word_1_456' title='bbox 992 844 1077 871; x_wconf 88' lang='lat' dir='ltr'>nobis</span> <span class='ocrx_word' id='word_1_457' title='bbox 1102 844 1203 878; x_wconf 85' lang='lat' dir='ltr'>donat,</span> <span class='ocrx_word' id='word_1_458' title='bbox 1220 845 1380 872; x_wconf 88' lang='lat' dir='ltr'>dummodo</span> <span class='ocrx_word' id='word_1_459' title='bbox 1405 853 1506 880; x_wconf 84' lang='lat' dir='ltr'>preces</span> <span class='ocrx_word' id='word_1_460' title='bbox 1529 854 1563 872; x_wconf 84' lang='lat' dir='ltr'>ex</span> <span class='ocrx_word' id='word_1_461' title='bbox 1583 847 1644 872; x_wconf 85' lang='lat' dir='ltr'>tota</span> <span class='ocrx_word' id='word_1_462' title='bbox 1670 845 1770 874; x_wconf 87' lang='lat' dir='ltr'>anima</span> <span class='ocrx_word' id='word_1_463' title='bbox 1785 854 1819 874; x_wconf 84' lang='lat' dir='ltr'>ac</span> 
     </span>
    </p>
   </div>
   <div class='ocr_carea' id='block_1_64' title="bbox 991 890 1820 926">
    <p class='ocr_par' dir='ltr' id='par_1_64' title="bbox 991 890 1820 926">
     <span class='ocr_line' id='line_1_64' title="bbox 991 890 1820 926; baseline 0.004 -11"><span class='ocrx_word' id='word_1_464' title='bbox 991 890 1053 916; x_wconf 87' lang='lat' dir='ltr'>tota</span> <span class='ocrx_word' id='word_1_465' title='bbox 1075 891 1172 916; x_wconf 88' lang='lat' dir='ltr'>mente</span> <span class='ocrx_word' id='word_1_466' title='bbox 1196 890 1223 916; x_wconf 88' lang='lat' dir='ltr'>et</span> <span class='ocrx_word' id='word_1_467' title='bbox 1247 897 1262 916; x_wconf 92' lang='lat' dir='ltr'>e</span> <span class='ocrx_word' id='word_1_468' title='bbox 1286 897 1360 925; x_wconf 93' lang='lat' dir='ltr'>puro</span> <span class='ocrx_word' id='word_1_469' title='bbox 1384 898 1433 917; x_wconf 85' lang='lat' dir='ltr'>ore</span> <span class='ocrx_word' id='word_1_470' title='bbox 1457 890 1620 926; x_wconf 83' lang='lat' dir='ltr'>prodeant;</span> <span class='ocrx_word' id='word_1_471' title='bbox 1646 892 1721 918; x_wconf 87' lang='lat' dir='ltr'>Deus</span> <span class='ocrx_word' id='word_1_472' title='bbox 1741 890 1820 919; x_wconf 86' lang='lat' dir='ltr'>enim</span> 
     </span>
    </p>
   </div>
   <div class='ocr_carea' id='block_1_65' title="bbox 992 933 1818 970">
    <p class='ocr_par' dir='ltr' id='par_1_65' title="bbox 992 933 1818 970">
     <span class='ocr_line' id='line_1_65' title="bbox 992 933 1818 970; baseline 0.004 -10"><span class='ocrx_word' id='word_1_473' title='bbox 992 941 1049 960; x_wconf 88' lang='lat' dir='ltr'>non</span> <span class='ocrx_word' id='word_1_474' title='bbox 1059 934 1308 969; x_wconf 85' lang='lat' dir='ltr'>exspectatdonec</span> <span class='ocrx_word' id='word_1_475' title='bbox 1317 933 1463 962; x_wconf 86' lang='lat' dir='ltr'>desideria</span> <span class='ocrx_word' id='word_1_476' title='bbox 1475 936 1577 962; x_wconf 85' lang='lat' dir='ltr'>nostra</span> <span class='ocrx_word' id='word_1_477' title='bbox 1587 935 1818 970; x_wconf 87' lang='lat' dir='ltr'>exposuerimus;</span> 
     </span>
    </p>
   </div>
   <div class='ocr_carea' id='block_1_66' title="bbox 992 977 1820 1015">
    <p class='ocr_par' dir='ltr' id='par_1_66' title="bbox 992 977 1820 1015">
     <span class='ocr_line' id='line_1_66' title="bbox 992 977 1820 1015; baseline 0.004 -10"><span class='ocrx_word' id='word_1_478' title='bbox 992 986 1059 1005; x_wconf 88' lang='lat' dir='ltr'>nam</span> <span class='ocrx_word' id='word_1_479' title='bbox 1075 977 1212 1013; x_wconf 81' lang='lat' dir='ltr'>loquente</span> <span class='ocrx_word' id='word_1_480' title='bbox 1233 979 1261 1005; x_wconf 90' lang='lat' dir='ltr'>te</span> <span class='ocrx_word' id='word_1_481' title='bbox 1277 977 1384 1012; x_wconf 87' lang='lat' dir='ltr'>adhuc,</span> <span class='ocrx_word' id='word_1_482' title='bbox 1401 979 1465 1014; x_wconf 85' lang='lat' dir='ltr'>jam</span> <span class='ocrx_word' id='word_1_483' title='bbox 1490 978 1582 1006; x_wconf 90' lang='lat' dir='ltr'>adest.</span> <span class='ocrx_word' id='word_1_484' title='bbox 1605 978 1676 1006; x_wconf 86' lang='lat' dir='ltr'>Vult</span> <span class='ocrx_word' id='word_1_485' title='bbox 1691 987 1820 1015; x_wconf 82' lang='lat' dir='ltr'>namque</span> 
     </span>
    </p>
   </div>
   <div class='ocr_carea' id='block_1_67' title="bbox 993 1021 1820 1057">
    <p class='ocr_par' dir='ltr' id='par_1_67' title="bbox 993 1021 1820 1057">
     <span class='ocr_line' id='line_1_67' title="bbox 993 1021 1820 1057; baseline 0.002 -9"><span class='ocrx_word' id='word_1_486' title='bbox 993 1025 1022 1048; x_wconf 90' lang='lat' dir='ltr'>ut</span> <span class='ocrx_word' id='word_1_487' title='bbox 1052 1021 1101 1056; x_wconf 89' lang='lat' dir='ltr'>qui</span> <span class='ocrx_word' id='word_1_488' title='bbox 1127 1021 1310 1057; x_wconf 87' lang='lat' dir='ltr'>supplicatur</span> <span class='ocrx_word' id='word_1_489' title='bbox 1335 1022 1499 1049; x_wconf 90' lang='lat' dir='ltr'>secundum</span> <span class='ocrx_word' id='word_1_490' title='bbox 1526 1022 1671 1050; x_wconf 85' lang='lat' dir='ltr'>rationem</span> <span class='ocrx_word' id='word_1_491' title='bbox 1694 1024 1722 1049; x_wconf 90' lang='lat' dir='ltr'>et</span> <span class='ocrx_word' id='word_1_492' title='bbox 1744 1023 1820 1051; x_wconf 90' lang='lat' dir='ltr'>bene</span> 
     </span>
    </p>
   </div>
   <div class='ocr_carea' id='block_1_68' title="bbox 991 1065 1816 1102">
    <p class='ocr_par' dir='ltr' id='par_1_68' title="bbox 991 1065 1816 1102">
     <span class='ocr_line' id='line_1_68' title="bbox 991 1065 1816 1102; baseline 0.004 -9"><span class='ocrx_word' id='word_1_493' title='bbox 991 1073 1116 1101; x_wconf 86' lang='lat' dir='ltr'>operans</span> <span class='ocrx_word' id='word_1_494' title='bbox 1140 1073 1171 1093; x_wconf 83' lang='lat' dir='ltr'>se</span> <span class='ocrx_word' id='word_1_495' title='bbox 1195 1066 1289 1093; x_wconf 85' lang='lat' dir='ltr'>adeat.</span> <span class='ocrx_word' id='word_1_496' title='bbox 1316 1065 1393 1095; x_wconf 89' lang='lat' dir='ltr'>Num</span> <span class='ocrx_word' id='word_1_497' title='bbox 1418 1074 1468 1094; x_wconf 79' lang='lat' dir='ltr'>rex</span> <span class='ocrx_word' id='word_1_498' title='bbox 1491 1067 1587 1094; x_wconf 87' lang='lat' dir='ltr'>bonus</span> <span class='ocrx_word' id='word_1_499' title='bbox 1613 1066 1743 1102; x_wconf 88' lang='lat' dir='ltr'>quidem,</span> <span class='ocrx_word' id='word_1_500' title='bbox 1763 1067 1816 1096; x_wconf 85' lang='lat' dir='ltr'>sed</span> 
     </span>
    </p>
   </div>
   <div class='ocr_carea' id='block_1_69' title="bbox 991 1110 1816 1147">
    <p class='ocr_par' dir='ltr' id='par_1_69' title="bbox 991 1110 1816 1147">
     <span class='ocr_line' id='line_1_69' title="bbox 991 1110 1816 1147; baseline 0.004 -10"><span class='ocrx_word' id='word_1_501' title='bbox 991 1110 1091 1137; x_wconf 89' lang='lat' dir='ltr'>minus</span> <span class='ocrx_word' id='word_1_502' title='bbox 1107 1110 1265 1146; x_wconf 81' lang='lat' dir='ltr'>beneficus,</span> <span class='ocrx_word' id='word_1_503' title='bbox 1279 1110 1389 1138; x_wconf 83' lang='lat' dir='ltr'>diceret</span> <span class='ocrx_word' id='word_1_504' title='bbox 1404 1118 1411 1138; x_wconf 89' lang='lat'><strong>:</strong></span> <span class='ocrx_word' id='word_1_505' title='bbox 1426 1110 1515 1138; x_wconf 85' lang='lat' dir='ltr'>Hodie</span> <span class='ocrx_word' id='word_1_506' title='bbox 1531 1119 1587 1138; x_wconf 90' lang='lat' dir='ltr'>non</span> <span class='ocrx_word' id='word_1_507' title='bbox 1604 1111 1739 1147; x_wconf 83' lang='lat' dir='ltr'>regnavi;</span> <span class='ocrx_word' id='word_1_508' title='bbox 1757 1120 1816 1140; x_wconf 91' lang='lat' dir='ltr'>non</span> 
     </span>
    </p>
   </div>
   <div class='ocr_carea' id='block_1_70' title="bbox 991 1155 1816 1191">
    <p class='ocr_par' dir='ltr' id='par_1_70' title="bbox 991 1155 1816 1191">
     <span class='ocr_line' id='line_1_70' title="bbox 991 1155 1816 1191; baseline 0.002 -9"><span class='ocrx_word' id='word_1_509' title='bbox 991 1155 1068 1182; x_wconf 88' lang='lat' dir='ltr'>enim</span> <span class='ocrx_word' id='word_1_510' title='bbox 1082 1155 1235 1183; x_wconf 74' lang='lat' dir='ltr'>benefaci?</span> <span class='ocrx_word' id='word_1_511' title='bbox 1259 1155 1336 1183; x_wconf 87' lang='lat' dir='ltr'>Deus</span> <span class='ocrx_word' id='word_1_512' title='bbox 1360 1157 1458 1183; x_wconf 87' lang='lat' dir='ltr'>autem</span> <span class='ocrx_word' id='word_1_513' title='bbox 1484 1163 1542 1183; x_wconf 84' lang='lat' dir='ltr'>non</span> <span class='ocrx_word' id='word_1_514' title='bbox 1567 1163 1683 1191; x_wconf 86' lang='lat' dir='ltr'>semper</span> <span class='ocrx_word' id='word_1_515' title='bbox 1695 1156 1816 1184; x_wconf 86' lang='lat' dir='ltr'>benefa-</span> 
     </span>
    </p>
   </div>
   <div class='ocr_carea' id='block_1_71' title="bbox 990 1199 1815 1238">
    <p class='ocr_par' dir='ltr' id='par_1_71' title="bbox 990 1199 1815 1238">
     <span class='ocr_line' id='line_1_71' title="bbox 990 1199 1815 1238; baseline 0.002 -11"><span class='ocrx_word' id='word_1_516' title='bbox 990 1200 1059 1234; x_wconf 84' lang='lat' dir='ltr'>ciat,</span> <span class='ocrx_word' id='word_1_517' title='bbox 1076 1208 1142 1227; x_wconf 90' lang='lat' dir='ltr'>cum</span> <span class='ocrx_word' id='word_1_518' title='bbox 1158 1200 1188 1230; x_wconf 87' lang='lat' dir='ltr'>id</span> <span class='ocrx_word' id='word_1_519' title='bbox 1201 1199 1226 1228; x_wconf 91' lang='lat' dir='ltr'>ei</span> <span class='ocrx_word' id='word_1_520' title='bbox 1243 1199 1388 1235; x_wconf 84' lang='lat' dir='ltr'>peculiare</span> <span class='ocrx_word' id='word_1_521' title='bbox 1404 1200 1460 1235; x_wconf 87' lang='lat' dir='ltr'>sit;</span> <span class='ocrx_word' id='word_1_522' title='bbox 1486 1200 1602 1228; x_wconf 83' lang='lat' dir='ltr'>bonitas</span> <span class='ocrx_word' id='word_1_523' title='bbox 1624 1200 1674 1236; x_wconf 88' lang='lat' dir='ltr'>qui</span> <span class='ocrx_word' id='word_1_524' title='bbox 1689 1203 1734 1229; x_wconf 88' lang='lat' dir='ltr'>est</span> <span class='ocrx_word' id='word_1_525' title='bbox 1747 1201 1815 1238; x_wconf 82' lang='lat' dir='ltr'>ipsa</span> 
     </span>
    </p>
   </div>
   <div class='ocr_carea' id='block_1_72' title="bbox 990 1244 1814 1281">
    <p class='ocr_par' dir='ltr' id='par_1_72' title="bbox 990 1244 1814 1281">
     <span class='ocr_line' id='line_1_72' title="bbox 990 1244 1814 1281; baseline 0.001 -9"><span class='ocrx_word' id='word_1_526' title='bbox 990 1246 1018 1272; x_wconf 90' lang='lat' dir='ltr'>et</span> <span class='ocrx_word' id='word_1_527' title='bbox 1031 1253 1080 1272; x_wconf 82' lang='lat' dir='ltr'>rex</span> <span class='ocrx_word' id='word_1_528' title='bbox 1095 1244 1299 1272; x_wconf 87' lang='lat' dir='ltr'>universorum</span> <span class='ocrx_word' id='word_1_529' title='bbox 1311 1245 1325 1272; x_wconf 77' lang='lat' dir='ltr'>‘I</span> <span class='ocrx_word' id='word_1_530' title='bbox 1340 1245 1442 1280; x_wconf 86' lang='lat' dir='ltr'>Itaque</span> <span class='ocrx_word' id='word_1_531' title='bbox 1457 1253 1557 1281; x_wconf 86' lang='lat' dir='ltr'>preces</span> <span class='ocrx_word' id='word_1_532' title='bbox 1571 1248 1637 1273; x_wconf 83' lang='lat' dir='ltr'>tuas</span> <span class='ocrx_word' id='word_1_533' title='bbox 1652 1245 1814 1274; x_wconf 78' lang='lat' dir='ltr'>admittens</span> 
     </span>
    </p>
   </div>
   <div class='ocr_carea' id='block_1_73' title="bbox 990 1289 1815 1327">
    <p class='ocr_par' dir='ltr' id='par_1_73' title="bbox 990 1289 1815 1327">
     <span class='ocr_line' id='line_1_73' title="bbox 990 1289 1815 1327; baseline 0.002 -11"><span class='ocrx_word' id='word_1_534' title='bbox 990 1289 1019 1316; x_wconf 91' lang='lat' dir='ltr'>in</span> <span class='ocrx_word' id='word_1_535' title='bbox 1035 1290 1222 1318; x_wconf 85' lang='lat' dir='ltr'>commodum</span> <span class='ocrx_word' id='word_1_536' title='bbox 1247 1290 1364 1325; x_wconf 87' lang='lat' dir='ltr'>quidem</span> <span class='ocrx_word' id='word_1_537' title='bbox 1379 1293 1463 1318; x_wconf 86' lang='lat' dir='ltr'>tuum</span> <span class='ocrx_word' id='word_1_538' title='bbox 1487 1292 1577 1318; x_wconf 84' lang='lat' dir='ltr'>vertet</span> <span class='ocrx_word' id='word_1_539' title='bbox 1591 1292 1722 1326; x_wconf 86' lang='lat' dir='ltr'>tempore</span> <span class='ocrx_word' id='word_1_540' title='bbox 1738 1290 1815 1327; x_wconf 89' lang='lat' dir='ltr'>peri-</span> 
     </span>
    </p>
   </div>
   <div class='ocr_carea' id='block_1_74' title="bbox 989 1334 1813 1370">
    <p class='ocr_par' dir='ltr' id='par_1_74' title="bbox 989 1334 1813 1370">
     <span class='ocr_line' id='line_1_74' title="bbox 989 1334 1813 1370; baseline 0 -8"><span class='ocrx_word' id='word_1_541' title='bbox 989 1334 1046 1362; x_wconf 91' lang='lat' dir='ltr'>culi</span> <span class='ocrx_word' id='word_1_542' title='bbox 1063 1337 1091 1362; x_wconf 91' lang='lat' dir='ltr'>et</span> <span class='ocrx_word' id='word_1_543' title='bbox 1106 1335 1231 1362; x_wconf 84' lang='lat' dir='ltr'>timoris.</span> <span class='ocrx_word' id='word_1_544' title='bbox 1248 1337 1407 1362; x_wconf 85' lang='lat' dir='ltr'>Cunctatur</span> <span class='ocrx_word' id='word_1_545' title='bbox 1419 1334 1530 1362; x_wconf 87' lang='lat' dir='ltr'>malum</span> <span class='ocrx_word' id='word_1_546' title='bbox 1550 1344 1556 1363; x_wconf 90' lang='lat'><strong>:</strong></span> <span class='ocrx_word' id='word_1_547' title='bbox 1573 1335 1702 1362; x_wconf 82' lang='lat' dir='ltr'>destruet</span> <span class='ocrx_word' id='word_1_548' title='bbox 1718 1335 1792 1363; x_wconf 91' lang='lat' dir='ltr'>illud</span> <span class='ocrx_word' id='word_1_549' title='bbox 1806 1344 1813 1370; x_wconf 87' lang='lat'><strong>;</strong></span> 
     </span>
    </p>
   </div>
   <div class='ocr_carea' id='block_1_75' title="bbox 988 1379 1814 1416">
    <p class='ocr_par' dir='ltr' id='par_1_75' title="bbox 988 1379 1814 1416">
     <span class='ocr_line' id='line_1_75' title="bbox 988 1379 1814 1416; baseline 0.002 -9"><span class='ocrx_word' id='word_1_550' title='bbox 988 1380 1207 1416; x_wconf 79' lang='lat' dir='ltr'>appropinquat</span> <span class='ocrx_word' id='word_1_551' title='bbox 1228 1388 1234 1408; x_wconf 93' lang='lat'>:</span> <span class='ocrx_word' id='word_1_552' title='bbox 1255 1379 1390 1415; x_wconf 81' lang='lat' dir='ltr'>depellet.</span> <span class='ocrx_word' id='word_1_553' title='bbox 1415 1380 1468 1407; x_wconf 89' lang='lat' dir='ltr'>Sed</span> <span class='ocrx_word' id='word_1_554' title='bbox 1490 1380 1615 1415; x_wconf 84' lang='lat' dir='ltr'>jsmjam</span> <span class='ocrx_word' id='word_1_555' title='bbox 1639 1380 1728 1414; x_wconf 83' lang='lat' dir='ltr'>venit,</span> <span class='ocrx_word' id='word_1_556' title='bbox 1750 1381 1814 1416; x_wconf 87' lang='lat' dir='ltr'>jam</span> 
     </span>
    </p>
   </div>
   <div class='ocr_carea' id='block_1_76' title="bbox 988 1424 1815 1458">
    <p class='ocr_par' dir='ltr' id='par_1_76' title="bbox 988 1424 1815 1458">
     <span class='ocr_line' id='line_1_76' title="bbox 988 1424 1815 1458; baseline 0.001 -7"><span class='ocrx_word' id='word_1_557' title='bbox 988 1424 1047 1452; x_wconf 90' lang='lat' dir='ltr'>cuti</span> <span class='ocrx_word' id='word_1_558' title='bbox 1061 1424 1192 1458; x_wconf 67' lang='lat' dir='ltr'>inhaeret,</span> <span class='ocrx_word' id='word_1_559' title='bbox 1209 1425 1259 1453; x_wconf 85' lang='lat' dir='ltr'>sed</span> <span class='ocrx_word' id='word_1_560' title='bbox 1276 1425 1377 1453; x_wconf 84' lang='lat' dir='ltr'>afﬂatu</span> <span class='ocrx_word' id='word_1_561' title='bbox 1391 1425 1490 1453; x_wconf 87' lang='lat' dir='ltr'>divino</span> <span class='ocrx_word' id='word_1_562' title='bbox 1506 1425 1666 1452; x_wconf 82' lang='lat' dir='ltr'>inﬁrmavlt</span> <span class='ocrx_word' id='word_1_563' title='bbox 1681 1424 1774 1452; x_wconf 88' lang='lat' dir='ltr'>telum</span> <span class='ocrx_word' id='word_1_564' title='bbox 1785 1427 1815 1453; x_wconf 87' lang='lat' dir='ltr'>et</span> 
     </span>
    </p>
   </div>
   <div class='ocr_carea' id='block_1_77' title="bbox 987 1469 1812 1506">
    <p class='ocr_par' dir='ltr' id='par_1_77' title="bbox 987 1469 1812 1506">
     <span class='ocr_line' id='line_1_77' title="bbox 987 1469 1812 1506; baseline 0.002 -10"><span class='ocrx_word' id='word_1_565' title='bbox 987 1471 1064 1497; x_wconf 88' lang='lat' dir='ltr'>retro</span> <span class='ocrx_word' id='word_1_566' title='bbox 1087 1469 1221 1505; x_wconf 85' lang='lat' dir='ltr'>conjecit.</span> <span class='ocrx_word' id='word_1_567' title='bbox 1238 1470 1292 1498; x_wconf 89' lang='lat' dir='ltr'>Sed</span> <span class='ocrx_word' id='word_1_568' title='bbox 1318 1472 1465 1506; x_wconf 87' lang='lat' dir='ltr'>postremo</span> <span class='ocrx_word' id='word_1_569' title='bbox 1489 1471 1649 1498; x_wconf 85' lang='lat' dir='ltr'>retrorsum</span> <span class='ocrx_word' id='word_1_570' title='bbox 1676 1470 1706 1497; x_wconf 90' lang='lat' dir='ltr'>in</span> <span class='ocrx_word' id='word_1_571' title='bbox 1727 1470 1812 1498; x_wconf 78' lang='lat' dir='ltr'>corde</span> 
     </span>
    </p>
   </div>
   <div class='ocr_carea' id='block_1_78' title="bbox 986 1508 1811 1550">
    <p class='ocr_par' dir='ltr' id='par_1_78' title="bbox 986 1508 1811 1550">
     <span class='ocr_line' id='line_1_78' title="bbox 986 1508 1811 1550; baseline 0.001 -9"><span class='ocrx_word' id='word_1_572' title='bbox 986 1514 1132 1550; x_wconf 83' lang='lat' dir='ltr'>sagittarii</span> <span class='ocrx_word' id='word_1_573' title='bbox 1147 1514 1233 1550; x_wconf 84' lang='lat' dir='ltr'>ﬁget;</span> <span class='ocrx_word' id='word_1_574' title='bbox 1258 1514 1326 1542; x_wconf 86' lang='lat' dir='ltr'>talis</span> <span class='ocrx_word' id='word_1_575' title='bbox 1346 1515 1424 1542; x_wconf 89' lang='lat' dir='ltr'>enim</span> <span class='ocrx_word' id='word_1_576' title='bbox 1439 1516 1485 1543; x_wconf 87' lang='lat' dir='ltr'>est</span> <span class='ocrx_word' id='word_1_577' title='bbox 1499 1514 1626 1542; x_wconf 69' lang='lat' dir='ltr'>cmlestis</span> <span class='ocrx_word' id='word_1_578' title='bbox 1654 1508 1811 1542; x_wconf 77' lang='lat' dir='ltr'>auxiliator</span> 
     </span>
    </p>
   </div>
   <div class='ocr_carea' id='block_1_79' title="bbox 985 1558 1332 1595">
    <p class='ocr_par' dir='ltr' id='par_1_79' title="bbox 985 1558 1332 1595">
     <span class='ocr_line' id='line_1_79' title="bbox 985 1558 1332 1595; baseline 0.003 -9"><span class='ocrx_word' id='word_1_579' title='bbox 985 1558 1021 1586; x_wconf 88' lang='lat' dir='ltr'>iis</span> <span class='ocrx_word' id='word_1_580' title='bbox 1037 1559 1088 1595; x_wconf 87' lang='lat' dir='ltr'>qui</span> <span class='ocrx_word' id='word_1_581' title='bbox 1102 1567 1170 1587; x_wconf 89' lang='lat' dir='ltr'>eum</span> <span class='ocrx_word' id='word_1_582' title='bbox 1187 1559 1332 1587; x_wconf 85' lang='lat' dir='ltr'>invocant.</span> 
     </span>
    </p>
   </div>
   <div class='ocr_carea' id='block_1_80' title="bbox 1021 1799 1810 1835">
    <p class='ocr_par' dir='ltr' id='par_1_80' title="bbox 1021 1799 1810 1835">
     <span class='ocr_line' id='line_1_80' title="bbox 1021 1799 1810 1835; baseline -0.004 -8"><span class='ocrx_word' id='word_1_583' title='bbox 1021 1801 1066 1828; x_wconf 87' lang='grc'>46.</span> <span class='ocrx_word' id='word_1_584' title='bbox 1091 1799 1186 1827; x_wconf 80' lang='lat' dir='ltr'>Aliam</span> <span class='ocrx_word' id='word_1_585' title='bbox 1211 1807 1272 1827; x_wconf 86' lang='lat' dir='ltr'>rem</span> <span class='ocrx_word' id='word_1_586' title='bbox 1296 1799 1505 1827; x_wconf 86' lang='lat' dir='ltr'>consolativam</span> <span class='ocrx_word' id='word_1_587' title='bbox 1530 1807 1612 1835; x_wconf 68' lang='lat' dir='ltr'>asque</span> <span class='ocrx_word' id='word_1_588' title='bbox 1635 1806 1668 1826; x_wconf 86' lang='lat' dir='ltr'>ao</span> <span class='ocrx_word' id='word_1_589' title='bbox 1692 1805 1810 1834; x_wconf 82' lang='lat' dir='ltr'>persua-</span> 
     </span>
    </p>
   </div>
   <div class='ocr_carea' id='block_1_81' title="bbox 987 1842 1811 1880">
    <p class='ocr_par' dir='ltr' id='par_1_81' title="bbox 987 1842 1811 1880">
     <span class='ocr_line' id='line_1_81' title="bbox 987 1842 1811 1880; baseline -0.004 -7"><span class='ocrx_word' id='word_1_590' title='bbox 987 1846 1078 1874; x_wconf 83' lang='lat' dir='ltr'>sivam</span> <span class='ocrx_word' id='word_1_591' title='bbox 1095 1844 1175 1872; x_wconf 87' lang='lat' dir='ltr'>vobis</span> <span class='ocrx_word' id='word_1_592' title='bbox 1197 1845 1369 1872; x_wconf 85' lang='lat' dir='ltr'>edisseram.</span> <span class='ocrx_word' id='word_1_593' title='bbox 1392 1843 1495 1872; x_wconf 90' lang='lat' dir='ltr'>Tollite</span> <span class='ocrx_word' id='word_1_594' title='bbox 1519 1844 1549 1871; x_wconf 90' lang='lat' dir='ltr'>in</span> <span class='ocrx_word' id='word_1_595' title='bbox 1575 1843 1681 1880; x_wconf 90' lang='lat' dir='ltr'>spiritu</span> <span class='ocrx_word' id='word_1_596' title='bbox 1695 1842 1811 1870; x_wconf 82' lang='lat' dir='ltr'>animas</span> 
     </span>
    </p>
   </div>
   <div class='ocr_carea' id='block_1_82' title="bbox 986 1886 1813 1925">
    <p class='ocr_par' dir='ltr' id='par_1_82' title="bbox 986 1886 1813 1925">
     <span class='ocr_line' id='line_1_82' title="bbox 986 1886 1813 1925; baseline -0.004 -8"><span class='ocrx_word' id='word_1_597' title='bbox 986 1892 1099 1918; x_wconf 85' lang='lat' dir='ltr'>vestras</span> <span class='ocrx_word' id='word_1_598' title='bbox 1113 1890 1148 1917; x_wconf 88' lang='lat' dir='ltr'>ad</span> <span class='ocrx_word' id='word_1_599' title='bbox 1162 1889 1368 1925; x_wconf 80' lang='lat' dir='ltr'>imperatorem</span> <span class='ocrx_word' id='word_1_600' title='bbox 1390 1893 1524 1916; x_wconf 85' lang='lat' dir='ltr'>nostrum</span> <span class='ocrx_word' id='word_1_601' title='bbox 1536 1889 1678 1916; x_wconf 89' lang='lat' dir='ltr'>divinitus</span> <span class='ocrx_word' id='word_1_602' title='bbox 1688 1886 1813 1922; x_wconf 80' lang='lat' dir='ltr'>inspira-</span> 
     </span>
    </p>
   </div>
   <div class='ocr_carea' id='block_1_83' title="bbox 986 1933 1813 1968">
    <p class='ocr_par' dir='ltr' id='par_1_83' title="bbox 986 1933 1813 1968">
     <span class='ocr_line' id='line_1_83' title="bbox 986 1933 1813 1968; baseline -0.004 -6"><span class='ocrx_word' id='word_1_603' title='bbox 986 1938 1061 1967; x_wconf 88' lang='lat' dir='ltr'>tum,</span> <span class='ocrx_word' id='word_1_604' title='bbox 1078 1936 1107 1961; x_wconf 90' lang='lat' dir='ltr'>et</span> <span class='ocrx_word' id='word_1_605' title='bbox 1128 1933 1319 1962; x_wconf 87' lang='lat' dir='ltr'>consolamini</span> <span class='ocrx_word' id='word_1_606' title='bbox 1346 1936 1469 1968; x_wconf 85' lang='lat' dir='ltr'>vosmet,</span> <span class='ocrx_word' id='word_1_607' title='bbox 1492 1935 1521 1961; x_wconf 89' lang='lat' dir='ltr'>et</span> <span class='ocrx_word' id='word_1_608' title='bbox 1549 1933 1691 1961; x_wconf 85' lang='lat' dir='ltr'>auxilium</span> <span class='ocrx_word' id='word_1_609' title='bbox 1711 1939 1813 1968; x_wconf 82' lang='lat' dir='ltr'>exspe-</span> 
     </span>
    </p>
   </div>
   <div class='ocr_carea' id='block_1_84' title="bbox 987 1976 1812 2015">
    <p class='ocr_par' dir='ltr' id='par_1_84' title="bbox 987 1976 1812 2015">
     <span class='ocr_line' id='line_1_84' title="bbox 987 1976 1812 2015; baseline -0.005 -8"><span class='ocrx_word' id='word_1_610' title='bbox 987 1982 1072 2007; x_wconf 88' lang='lat' dir='ltr'>ctate.</span> <span class='ocrx_word' id='word_1_611' title='bbox 1085 1979 1135 2006; x_wconf 89' lang='lat' dir='ltr'>Ille</span> <span class='ocrx_word' id='word_1_612' title='bbox 1147 1979 1224 2006; x_wconf 89' lang='lat' dir='ltr'>enim</span> <span class='ocrx_word' id='word_1_613' title='bbox 1237 1978 1375 2015; x_wconf 87' lang='lat' dir='ltr'>operibus</span> <span class='ocrx_word' id='word_1_614' title='bbox 1384 1979 1473 2014; x_wconf 79' lang='lat' dir='ltr'>regiis</span> <span class='ocrx_word' id='word_1_615' title='bbox 1484 1981 1511 2007; x_wconf 89' lang='lat' dir='ltr'>et</span> <span class='ocrx_word' id='word_1_616' title='bbox 1522 1977 1705 2014; x_wconf 84' lang='lat' dir='ltr'>providentia</span> <span class='ocrx_word' id='word_1_617' title='bbox 1712 1976 1812 2004; x_wconf 87' lang='lat' dir='ltr'>divina</span> 
     </span>
    </p>
   </div>
   <div class='ocr_carea' id='block_1_85' title="bbox 987 2022 1812 2059">
    <p class='ocr_par' dir='ltr' id='par_1_85' title="bbox 987 2022 1812 2059">
     <span class='ocr_line' id='line_1_85' title="bbox 987 2022 1812 2059; baseline -0.005 -7"><span class='ocrx_word' id='word_1_618' title='bbox 987 2025 1071 2053; x_wconf 89' lang='lat' dir='ltr'>nobis</span> <span class='ocrx_word' id='word_1_619' title='bbox 1086 2027 1246 2058; x_wconf 85' lang='lat' dir='ltr'>succurret,</span> <span class='ocrx_word' id='word_1_620' title='bbox 1269 2023 1431 2059; x_wconf 80' lang='lat' dir='ltr'>praesertim</span> <span class='ocrx_word' id='word_1_621' title='bbox 1454 2024 1479 2051; x_wconf 89' lang='lat' dir='ltr'>si</span> <span class='ocrx_word' id='word_1_622' title='bbox 1492 2025 1582 2052; x_wconf 90' lang='lat' dir='ltr'>Deum</span> <span class='ocrx_word' id='word_1_623' title='bbox 1606 2023 1743 2058; x_wconf 87' lang='lat' dir='ltr'>precibus</span> <span class='ocrx_word' id='word_1_624' title='bbox 1757 2022 1812 2048; x_wconf 86' lang='lat' dir='ltr'>ﬂe-</span> 
     </span>
    </p>
   </div>
   <div class='ocr_carea' id='block_1_86' title="bbox 987 2068 1810 2104">
    <p class='ocr_par' dir='ltr' id='par_1_86' title="bbox 987 2068 1810 2104">
     <span class='ocr_line' id='line_1_86' title="bbox 987 2068 1810 2104; baseline -0.005 -8"><span class='ocrx_word' id='word_1_625' title='bbox 987 2069 1094 2096; x_wconf 87' lang='lat' dir='ltr'>ctimus</span> <span class='ocrx_word' id='word_1_626' title='bbox 1110 2073 1137 2096; x_wconf 89' lang='lat' dir='ltr'>et</span> <span class='ocrx_word' id='word_1_627' title='bbox 1152 2069 1208 2104; x_wconf 91' lang='lat' dir='ltr'>ipsi</span> <span class='ocrx_word' id='word_1_628' title='bbox 1224 2076 1415 2103; x_wconf 85' lang='lat' dir='ltr'>cooperamur</span> <span class='ocrx_word' id='word_1_629' title='bbox 1426 2070 1454 2096; x_wconf 87' lang='lat' dir='ltr'>et</span> <span class='ocrx_word' id='word_1_630' title='bbox 1468 2068 1560 2095; x_wconf 90' lang='lat' dir='ltr'>telum</span> <span class='ocrx_word' id='word_1_631' title='bbox 1575 2069 1677 2095; x_wconf 85' lang='lat' dir='ltr'>contra</span> <span class='ocrx_word' id='word_1_632' title='bbox 1691 2073 1810 2094; x_wconf 89' lang='lat' dir='ltr'>omnem</span> 
     </span>
    </p>
   </div>
   <div class='ocr_carea' id='block_1_87' title="bbox 987 2110 1810 2147">
    <p class='ocr_par' dir='ltr' id='par_1_87' title="bbox 987 2110 1810 2147">
     <span class='ocr_line' id='line_1_87' title="bbox 987 2110 1810 2147; baseline -0.005 -7"><span class='ocrx_word' id='word_1_633' title='bbox 987 2122 1018 2141; x_wconf 89' lang='lat' dir='ltr'>co</span> <span class='ocrx_word' id='word_1_634' title='bbox 1024 2114 1134 2140; x_wconf 78' lang='lat' dir='ltr'>bertem</span> <span class='ocrx_word' id='word_1_635' title='bbox 1144 2113 1292 2140; x_wconf 84' lang='lat' dir='ltr'>inimicam</span> <span class='ocrx_word' id='word_1_636' title='bbox 1302 2112 1477 2147; x_wconf 85' lang='lat' dir='ltr'>sanguinem</span> <span class='ocrx_word' id='word_1_637' title='bbox 1486 2112 1636 2139; x_wconf 83' lang='lat' dir='ltr'>sitientem</span> <span class='ocrx_word' id='word_1_638' title='bbox 1643 2110 1810 2145; x_wconf 84' lang='lat' dir='ltr'>dirigimus.</span> 
     </span>
    </p>
   </div>
   <div class='ocr_carea' id='block_1_88' title="bbox 987 2153 1811 2190">
    <p class='ocr_par' dir='ltr' id='par_1_88' title="bbox 987 2153 1811 2190">
     <span class='ocr_line' id='line_1_88' title="bbox 987 2153 1811 2190; baseline -0.004 -5"><span class='ocrx_word' id='word_1_639' title='bbox 987 2157 1220 2186; x_wconf 86' lang='lat' dir='ltr'>Consolationem</span> <span class='ocrx_word' id='word_1_640' title='bbox 1238 2159 1336 2184; x_wconf 85' lang='lat' dir='ltr'>autem</span> <span class='ocrx_word' id='word_1_641' title='bbox 1352 2159 1453 2184; x_wconf 87' lang='lat' dir='ltr'>contra</span> <span class='ocrx_word' id='word_1_642' title='bbox 1468 2156 1645 2184; x_wconf 83' lang='lat' dir='ltr'>tentationes</span> <span class='ocrx_word' id='word_1_643' title='bbox 1661 2153 1811 2190; x_wconf 76' lang='lat' dir='ltr'>praebebit.</span> 
     </span>
    </p>
   </div>
   <div class='ocr_carea' id='block_1_89' title="bbox 988 2197 1814 2237">
    <p class='ocr_par' dir='ltr' id='par_1_89' title="bbox 988 2197 1814 2237">
     <span class='ocr_line' id='line_1_89' title="bbox 988 2197 1814 2237; baseline -0.005 -8"><span class='ocrx_word' id='word_1_644' title='bbox 988 2203 1080 2230; x_wconf 89' lang='lat' dir='ltr'>Probe</span> <span class='ocrx_word' id='word_1_645' title='bbox 1098 2201 1191 2229; x_wconf 88' lang='lat' dir='ltr'>nostis</span> <span class='ocrx_word' id='word_1_646' title='bbox 1208 2202 1285 2237; x_wconf 92' lang='lat' dir='ltr'>quod</span> <span class='ocrx_word' id='word_1_647' title='bbox 1302 2210 1336 2229; x_wconf 82' lang='lat' dir='ltr'>ex</span> <span class='ocrx_word' id='word_1_648' title='bbox 1358 2209 1416 2236; x_wconf 90' lang='lat' dir='ltr'>quo</span> <span class='ocrx_word' id='word_1_649' title='bbox 1432 2209 1553 2236; x_wconf 81' lang='lat' dir='ltr'>regnare</span> <span class='ocrx_word' id='word_1_650' title='bbox 1568 2200 1664 2236; x_wconf 85' lang='lat' dir='ltr'>coepit,</span> <span class='ocrx_word' id='word_1_651' title='bbox 1683 2198 1718 2226; x_wconf 87' lang='lat' dir='ltr'>ad</span> <span class='ocrx_word' id='word_1_652' title='bbox 1734 2197 1814 2226; x_wconf 82' lang='lat' dir='ltr'>hunc</span> 
     </span>
    </p>
   </div>
   <div class='ocr_carea' id='block_1_90' title="bbox 990 2242 1814 2283">
    <p class='ocr_par' dir='ltr' id='par_1_90' title="bbox 990 2242 1814 2283">
     <span class='ocr_line' id='line_1_90' title="bbox 990 2242 1814 2283; baseline -0.005 -9"><span class='ocrx_word' id='word_1_653' title='bbox 990 2255 1083 2283; x_wconf 88' lang='lat' dir='ltr'>usque</span> <span class='ocrx_word' id='word_1_654' title='bbox 1101 2247 1178 2274; x_wconf 89' lang='lat' dir='ltr'>diem</span> <span class='ocrx_word' id='word_1_655' title='bbox 1204 2255 1262 2273; x_wconf 85' lang='lat' dir='ltr'>non</span> <span class='ocrx_word' id='word_1_656' title='bbox 1287 2246 1422 2277; x_wconf 83' lang='lat' dir='ltr'>cessavit.</span> <span class='ocrx_word' id='word_1_657' title='bbox 1439 2254 1496 2273; x_wconf 86' lang='lat' dir='ltr'>non</span> <span class='ocrx_word' id='word_1_658' title='bbox 1512 2245 1577 2272; x_wconf 89' lang='lat' dir='ltr'>dico</span> <span class='ocrx_word' id='word_1_659' title='bbox 1602 2244 1746 2277; x_wconf 83' lang='lat' dir='ltr'>laborare,</span> <span class='ocrx_word' id='word_1_660' title='bbox 1762 2242 1814 2270; x_wconf 85' lang='lat' dir='ltr'>sed</span> 
     </span>
    </p>
   </div>
   <div class='ocr_carea' id='block_1_91' title="bbox 991 2287 1817 2326">
    <p class='ocr_par' dir='ltr' id='par_1_91' title="bbox 991 2287 1817 2326">
     <span class='ocr_line' id='line_1_91' title="bbox 991 2287 1817 2326; baseline -0.006 -7"><span class='ocrx_word' id='word_1_661' title='bbox 991 2301 1044 2320; x_wconf 86' lang='lat' dir='ltr'>nec</span> <span class='ocrx_word' id='word_1_662' title='bbox 1077 2291 1170 2319; x_wconf 87' lang='lat' dir='ltr'>oculis</span> <span class='ocrx_word' id='word_1_663' title='bbox 1199 2299 1252 2318; x_wconf 86' lang='lat' dir='ltr'>nec</span> <span class='ocrx_word' id='word_1_664' title='bbox 1285 2290 1450 2326; x_wconf 85' lang='lat' dir='ltr'>superciliis</span> <span class='ocrx_word' id='word_1_665' title='bbox 1483 2290 1611 2325; x_wconf 83' lang='lat' dir='ltr'>quietem</span> <span class='ocrx_word' id='word_1_666' title='bbox 1643 2288 1735 2320; x_wconf 88' lang='lat' dir='ltr'>dedit,</span> <span class='ocrx_word' id='word_1_667' title='bbox 1765 2287 1817 2315; x_wconf 83' lang='lat' dir='ltr'>sed</span> 
     </span>
    </p>
   </div>
   <div class='ocr_carea' id='block_1_92' title="bbox 100 2332 931 2375">
    <p class='ocr_par' dir='ltr' id='par_1_92' title="bbox 100 2335 931 2375">
     <span class='ocr_line' id='line_1_92' title="bbox 100 2335 931 2375; baseline 0.002 -13"><span class='ocrx_word' id='word_1_668' title='bbox 100 2335 211 2373; x_wconf 81' lang='grc' dir='ltr'>Θρόνος,</span> <span class='ocrx_word' id='word_1_669' title='bbox 227 2335 278 2363; x_wconf 81' lang='grc' dir='ltr'>οὐκ</span> <span class='ocrx_word' id='word_1_670' title='bbox 293 2335 427 2364; x_wconf 71' lang='grc' dir='ltr'>ἐπαύσατο</span> <span class='ocrx_word' id='word_1_671' title='bbox 458 2337 542 2374; x_wconf 72' lang='grc' dir='ltr'>μέχρι</span> <span class='ocrx_word' id='word_1_672' title='bbox 569 2338 613 2364; x_wconf 79' lang='grc' dir='ltr'>καὶ</span> <span class='ocrx_word' id='word_1_673' title='bbox 639 2339 758 2375; x_wconf 78' lang='grc' dir='ltr'>σήμερον</span> <span class='ocrx_word' id='word_1_674' title='bbox 784 2339 822 2374; x_wconf 84' lang='grc' dir='ltr'>μή</span> <span class='ocrx_word' id='word_1_675' title='bbox 848 2337 888 2364; x_wconf 74' lang='grc' dir='ltr'>ὅτι</span> <span class='ocrx_word' id='word_1_676' title='bbox 905 2348 931 2374; x_wconf 81' lang='grc' dir='ltr'>γε</span> 
     </span>
    </p>
   </div>
   <div class='ocr_carea' id='block_1_93' title="bbox 990 2332 1817 2375">
    <p class='ocr_par' dir='ltr' id='par_1_93' title="bbox 990 2332 1817 2373">
     <span class='ocr_line' id='line_1_93' title="bbox 990 2332 1817 2373; baseline -0.006 -9"><span class='ocrx_word' id='word_1_677' title='bbox 990 2336 1128 2373; x_wconf 87' lang='lat' dir='ltr'>periculis</span> <span class='ocrx_word' id='word_1_678' title='bbox 1143 2345 1174 2364; x_wconf 89' lang='lat' dir='ltr'>se</span> <span class='ocrx_word' id='word_1_679' title='bbox 1188 2335 1305 2371; x_wconf 84' lang='lat' dir='ltr'>objecit,</span> <span class='ocrx_word' id='word_1_680' title='bbox 1318 2336 1368 2363; x_wconf 92' lang='lat' dir='ltr'>ubi</span> <span class='ocrx_word' id='word_1_681' title='bbox 1380 2335 1416 2363; x_wconf 90' lang='lat' dir='ltr'>de</span> <span class='ocrx_word' id='word_1_682' title='bbox 1431 2337 1535 2368; x_wconf 90' lang='lat' dir='ltr'>morte,</span> <span class='ocrx_word' id='word_1_683' title='bbox 1553 2342 1611 2361; x_wconf 90' lang='lat' dir='ltr'>non</span> <span class='ocrx_word' id='word_1_684' title='bbox 1627 2332 1753 2369; x_wconf 87' lang='lat' dir='ltr'>placida,</span> <span class='ocrx_word' id='word_1_685' title='bbox 1765 2332 1817 2360; x_wconf 87' lang='lat' dir='ltr'>sed</span> 
     </span>
    </p>
   </div>
   <div class='ocr_carea' id='block_1_94' title="bbox 100 2380 935 2420">
    <p class='ocr_par' dir='ltr' id='par_1_94' title="bbox 100 2380 935 2420">
     <span class='ocr_line' id='line_1_94' title="bbox 100 2380 935 2420; baseline 0.002 -13"><span class='ocrx_word' id='word_1_686' title='bbox 100 2383 219 2416; x_wconf 74' lang='grc' dir='ltr'>κοπιῶν,</span> <span class='ocrx_word' id='word_1_687' title='bbox 236 2380 281 2407; x_wconf 80' lang='grc' dir='ltr'>καὶ</span> <span class='ocrx_word' id='word_1_688' title='bbox 298 2380 381 2408; x_wconf 71' lang='grc' dir='ltr'>ὕπνον</span> <span class='ocrx_word' id='word_1_689' title='bbox 400 2383 438 2417; x_wconf 81' lang='grc' dir='ltr'>μή</span> <span class='ocrx_word' id='word_1_690' title='bbox 461 2380 552 2412; x_wconf 76' lang='grc' dir='ltr'>διδους</span> <span class='ocrx_word' id='word_1_691' title='bbox 578 2382 731 2420; x_wconf 74' lang='grc' dir='ltr'>ὀφθαλμοῖς</span> <span class='ocrx_word' id='word_1_692' title='bbox 761 2383 805 2409; x_wconf 82' lang='grc' dir='ltr'>καὶ</span> <span class='ocrx_word' id='word_1_693' title='bbox 834 2382 935 2420; x_wconf 72' lang='grc' dir='ltr'>βλεφά-</span> 
     </span>
    </p>
   </div>
   <div class='ocr_carea' id='block_1_95' title="bbox 102 2424 936 2464">
    <p class='ocr_par' dir='ltr' id='par_1_95' title="bbox 102 2424 936 2464">
     <span class='ocr_line' id='line_1_95' title="bbox 102 2424 936 2464; baseline 0.004 -13"><span class='ocrx_word' id='word_1_694' title='bbox 102 2435 161 2462; x_wconf 89' lang='grc' dir='ltr'>ροις</span> <span class='ocrx_word' id='word_1_695' title='bbox 177 2424 343 2457; x_wconf 73' lang='grc' dir='ltr'>ἀνάπαυσιν,</span> <span class='ocrx_word' id='word_1_696' title='bbox 361 2425 433 2453; x_wconf 78' lang='grc' dir='ltr'>ἀλλὰ</span> <span class='ocrx_word' id='word_1_697' title='bbox 447 2425 491 2453; x_wconf 77' lang='grc' dir='ltr'>καὶ</span> <span class='ocrx_word' id='word_1_698' title='bbox 508 2425 643 2457; x_wconf 78' lang='grc' dir='ltr'>κινδύνοις</span> <span class='ocrx_word' id='word_1_699' title='bbox 670 2427 762 2454; x_wconf 75' lang='grc' dir='ltr'>ἑαυτὸν</span> <span class='ocrx_word' id='word_1_700' title='bbox 794 2425 936 2464; x_wconf 69' lang='grc' dir='ltr'>παραϐάλ-</span> 
     </span>
    </p>
   </div>
   <div class='ocr_carea' id='block_1_96' title="bbox 102 2468 935 2510">
    <p class='ocr_par' dir='ltr' id='par_1_96' title="bbox 102 2468 935 2510">
     <span class='ocr_line' id='line_1_96' title="bbox 102 2468 935 2510; baseline 0.004 -14"><span class='ocrx_word' id='word_1_701' title='bbox 102 2468 170 2506; x_wconf 80' lang='grc' dir='ltr'>λων,</span> <span class='ocrx_word' id='word_1_702' title='bbox 187 2469 233 2496; x_wconf 88' lang='grc' dir='ltr'>καὶ</span> <span class='ocrx_word' id='word_1_703' title='bbox 257 2468 396 2501; x_wconf 72' lang='grc' dir='ltr'>κινδύνοις</span> <span class='ocrx_word' id='word_1_704' title='bbox 423 2473 482 2501; x_wconf 85' lang='grc' dir='ltr'>τοῖς</span> <span class='ocrx_word' id='word_1_705' title='bbox 509 2469 684 2504; x_wconf 77' lang='grc' dir='ltr'>δεινοτάτοις,</span> <span class='ocrx_word' id='word_1_706' title='bbox 710 2473 748 2499; x_wconf 84' lang='grc' dir='ltr'>ὤν</span> <span class='ocrx_word' id='word_1_707' title='bbox 774 2471 862 2510; x_wconf 75' lang='grc' dir='ltr'>ἔργον,</span> <span class='ocrx_word' id='word_1_708' title='bbox 883 2473 935 2508; x_wconf 77' lang='grc' dir='ltr'>ψυ-</span> 
     </span>
    </p>
   </div>
   <div class='ocr_carea' id='block_1_97' title="bbox 103 2514 935 2555">
    <p class='ocr_par' dir='ltr' id='par_1_97' title="bbox 103 2514 935 2555">
     <span class='ocr_line' id='line_1_97' title="bbox 103 2514 935 2555; baseline 0.005 -15"><span class='ocrx_word' id='word_1_709' title='bbox 103 2515 156 2551; x_wconf 76' lang='grc' dir='ltr'>χὴν</span> <span class='ocrx_word' id='word_1_710' title='bbox 189 2514 303 2551; x_wconf 77' lang='grc' dir='ltr'>ἀπάγειν</span> <span class='ocrx_word' id='word_1_711' title='bbox 336 2515 474 2551; x_wconf 75' lang='grc' dir='ltr'>σώματος,</span> <span class='ocrx_word' id='word_1_712' title='bbox 500 2516 533 2543; x_wconf 71' lang='grc' dir='ltr'>οὐ</span> <span class='ocrx_word' id='word_1_713' title='bbox 562 2517 630 2543; x_wconf 79' lang='grc' dir='ltr'>κατᾶ</span> <span class='ocrx_word' id='word_1_714' title='bbox 654 2516 743 2555; x_wconf 77' lang='grc' dir='ltr'>φύσιν,</span> <span class='ocrx_word' id='word_1_715' title='bbox 768 2516 841 2544; x_wconf 78' lang='grc' dir='ltr'>ἀλλὰ</span> <span class='ocrx_word' id='word_1_716' title='bbox 865 2517 935 2552; x_wconf 86' lang='grc' dir='ltr'>πρὸς</span> 
     </span>
    </p>
   </div>
   <div class='ocr_carea' id='block_1_98' title="bbox 105 2558 936 2599">
    <p class='ocr_par' dir='ltr' id='par_1_98' title="bbox 105 2558 936 2599">
     <span class='ocr_line' id='line_1_98' title="bbox 105 2558 936 2599; baseline 0.005 -15"><span class='ocrx_word' id='word_1_717' title='bbox 105 2558 175 2594; x_wconf 76' lang='grc' dir='ltr'>βίον.</span> <span class='ocrx_word' id='word_1_718' title='bbox 192 2560 222 2585; x_wconf 87' lang='grc' dir='ltr'>Τί</span> <span class='ocrx_word' id='word_1_719' title='bbox 239 2559 341 2593; x_wconf 84' lang='grc' dir='ltr'>τοίνυν,</span> <span class='ocrx_word' id='word_1_720' title='bbox 360 2559 462 2586; x_wconf 82' lang='grc' dir='ltr'>ἐκείνου</span> <span class='ocrx_word' id='word_1_721' title='bbox 490 2560 540 2594; x_wconf 80' lang='grc' dir='ltr'>τήν</span> <span class='ocrx_word' id='word_1_722' title='bbox 573 2561 616 2588; x_wconf 83' lang='grc' dir='ltr'>ὑπ’</span> <span class='ocrx_word' id='word_1_723' title='bbox 643 2561 756 2599; x_wconf 77' lang='grc' dir='ltr'>οὐρανὸν</span> <span class='ocrx_word' id='word_1_724' title='bbox 784 2561 824 2588; x_wconf 81' lang='grc' dir='ltr'>ἐπ’</span> <span class='ocrx_word' id='word_1_725' title='bbox 840 2561 936 2598; x_wconf 79' lang='grc' dir='ltr'>ὤμων,</span> 
     </span>
    </p>
   </div>
   <div class='ocr_carea' id='block_1_99' title="bbox 103 2602 936 2643">
    <p class='ocr_par' dir='ltr' id='par_1_99' title="bbox 103 2602 936 2643">
     <span class='ocr_line' id='line_1_99' title="bbox 103 2602 936 2643; baseline 0.005 -14"><span class='ocrx_word' id='word_1_726' title='bbox 103 2602 139 2634; x_wconf 82' lang='grc' dir='ltr'>ὡς</span> <span class='ocrx_word' id='word_1_727' title='bbox 164 2603 263 2637; x_wconf 76' lang='grc' dir='ltr'>εἰπεῖν,</span> <span class='ocrx_word' id='word_1_728' title='bbox 283 2603 464 2640; x_wconf 66' lang='grc' dir='ltr'>βαστάζοντος</span> <span class='ocrx_word' id='word_1_729' title='bbox 494 2605 538 2631; x_wconf 75' lang='grc' dir='ltr'>καὶ</span> <span class='ocrx_word' id='word_1_730' title='bbox 570 2605 607 2636; x_wconf 74' lang='grc' dir='ltr'>εἷς</span> <span class='ocrx_word' id='word_1_731' title='bbox 637 2605 715 2632; x_wconf 75' lang='grc' dir='ltr'>τόσον</span> <span class='ocrx_word' id='word_1_732' title='bbox 745 2606 936 2643; x_wconf 72' lang='grc' dir='ltr'>ἀχθοφοροῦν-</span> 
     </span>
    </p>
   </div>
   <div class='ocr_carea' id='block_1_100' title="bbox 103 2648 937 2688">
    <p class='ocr_par' dir='ltr' id='par_1_100' title="bbox 103 2648 937 2688">
     <span class='ocr_line' id='line_1_100' title="bbox 103 2648 937 2688; baseline 0.005 -14"><span class='ocrx_word' id='word_1_733' title='bbox 103 2657 157 2684; x_wconf 71' lang='grc' dir='ltr'>τος,</span> <span class='ocrx_word' id='word_1_734' title='bbox 175 2649 221 2675; x_wconf 81' lang='grc' dir='ltr'>καὶ</span> <span class='ocrx_word' id='word_1_735' title='bbox 252 2648 330 2684; x_wconf 72' lang='grc' dir='ltr'>ὅμως</span> <span class='ocrx_word' id='word_1_736' title='bbox 361 2648 500 2687; x_wconf 74' lang='grc' dir='ltr'>φέροντος,</span> <span class='ocrx_word' id='word_1_737' title='bbox 524 2650 569 2677; x_wconf 82' lang='grc' dir='ltr'>καὶ</span> <span class='ocrx_word' id='word_1_738' title='bbox 599 2649 820 2688; x_wconf 76' lang='grc' dir='ltr'>ἀπεκδεχομένου</span> <span class='ocrx_word' id='word_1_739' title='bbox 851 2650 937 2688; x_wconf 78' lang='grc' dir='ltr'>ἁγαθᾶ</span> 
     </span>
    </p>
   </div>
   <div class='ocr_carea' id='block_1_101' title="bbox 103 2693 937 2733">
    <p class='ocr_par' dir='ltr' id='par_1_101' title="bbox 103 2693 937 2733">
     <span class='ocr_line' id='line_1_101' title="bbox 103 2693 937 2733; baseline 0.004 -14"><span class='ocrx_word' id='word_1_740' title='bbox 103 2694 136 2729; x_wconf 77' lang='grc' dir='ltr'>τῇ</span> <span class='ocrx_word' id='word_1_741' title='bbox 167 2693 206 2723; x_wconf 67' lang='grc' dir='ltr'>εἷς</span> <span class='ocrx_word' id='word_1_742' title='bbox 232 2693 298 2720; x_wconf 73' lang='grc' dir='ltr'>Θεὸν</span> <span class='ocrx_word' id='word_1_743' title='bbox 328 2695 489 2729; x_wconf 69' lang='grc' dir='ltr'>πεποιθήσει</span> <span class='ocrx_word' id='word_1_744' title='bbox 517 2694 624 2732; x_wconf 64' lang='grc' dir='ltr'>(θαρρεῖ</span> <span class='ocrx_word' id='word_1_745' title='bbox 652 2696 713 2733; x_wconf 72' lang='grc' dir='ltr'>γὰρ,</span> <span class='ocrx_word' id='word_1_746' title='bbox 737 2696 778 2726; x_wconf 79' lang='grc' dir='ltr'>οἷς</span> <span class='ocrx_word' id='word_1_747' title='bbox 811 2696 937 2732; x_wconf 73' lang='grc' dir='ltr'>μυριάκις</span> 
     </span>
    </p>
   </div>
   <div class='ocr_carea' id='block_1_102' title="bbox 105 2736 936 2777">
    <p class='ocr_par' dir='ltr' id='par_1_102' title="bbox 105 2736 936 2777">
     <span class='ocr_line' id='line_1_102' title="bbox 105 2736 936 2777; baseline 0.004 -13"><span class='ocrx_word' id='word_1_748' title='bbox 105 2738 147 2764; x_wconf 75' lang='grc' dir='ltr'>καὶ</span> <span class='ocrx_word' id='word_1_749' title='bbox 163 2736 247 2769; x_wconf 72' lang='grc' dir='ltr'>ἔπαθε</span> <span class='ocrx_word' id='word_1_750' title='bbox 270 2738 316 2765; x_wconf 75' lang='grc' dir='ltr'>καὶ</span> <span class='ocrx_word' id='word_1_751' title='bbox 346 2736 486 2774; x_wconf 65' lang='grc' dir='ltr'>ἐϐοηθῆθη</span> <span class='ocrx_word' id='word_1_752' title='bbox 517 2740 555 2769; x_wconf 61' lang='grc' dir='ltr'>εἰς</span> <span class='ocrx_word' id='word_1_753' title='bbox 579 2740 662 2771; x_wconf 75' lang='grc' dir='ltr'>θάλος</span> <span class='ocrx_word' id='word_1_754' title='bbox 691 2741 734 2767; x_wconf 72' lang='grc' dir='ltr'>καὶ</span> <span class='ocrx_word' id='word_1_755' title='bbox 768 2740 865 2777; x_wconf 78' lang='grc' dir='ltr'>σαρκὸς</span> <span class='ocrx_word' id='word_1_756' title='bbox 891 2741 936 2767; x_wconf 80' lang='grc' dir='ltr'>καὶ</span> 
     </span>
    </p>
   </div>
   <div class='ocr_carea' id='block_1_103' title="bbox 104 2781 936 2821">
    <p class='ocr_par' dir='ltr' id='par_1_103' title="bbox 104 2781 936 2821">
     <span class='ocr_line' id='line_1_103' title="bbox 104 2781 936 2821; baseline 0.005 -13"><span class='ocrx_word' id='word_1_757' title='bbox 104 2783 220 2820; x_wconf 74' lang='grc' dir='ltr'>ψυχῆς),</span> <span class='ocrx_word' id='word_1_758' title='bbox 242 2783 327 2818; x_wconf 81' lang='grc' dir='ltr'>ἡμεῖς</span> <span class='ocrx_word' id='word_1_759' title='bbox 358 2784 384 2810; x_wconf 77' lang='grc' dir='ltr'>οἱ</span> <span class='ocrx_word' id='word_1_760' title='bbox 415 2781 635 2821; x_wconf 75' lang='grc' dir='ltr'>βασιλευόμενοι,</span> <span class='ocrx_word' id='word_1_761' title='bbox 665 2785 710 2812; x_wconf 85' lang='grc' dir='ltr'>καὶ</span> <span class='ocrx_word' id='word_1_762' title='bbox 739 2785 936 2821; x_wconf 70' lang='grc' dir='ltr'>ἀπαιτούμενοι</span> 
     </span>
    </p>
   </div>
   <div class='ocr_carea' id='block_1_104' title="bbox 106 2825 938 2869">
    <p class='ocr_par' dir='ltr' id='par_1_104' title="bbox 106 2825 938 2869">
     <span class='ocr_line' id='line_1_104' title="bbox 106 2825 938 2869; baseline 0.006 -16"><span class='ocrx_word' id='word_1_763' title='bbox 106 2826 305 2859; x_wconf 76' lang='grc' dir='ltr'>ἐπακολουθεῖν</span> <span class='ocrx_word' id='word_1_764' title='bbox 321 2831 378 2859; x_wconf 80' lang='grc' dir='ltr'>τοῖς</span> <span class='ocrx_word' id='word_1_765' title='bbox 397 2825 492 2863; x_wconf 77' lang='grc' dir='ltr'>αὐτοῦ,</span> <span class='ocrx_word' id='word_1_766' title='bbox 511 2829 548 2865; x_wconf 72' lang='grc' dir='ltr'>μὴ</span> <span class='ocrx_word' id='word_1_767' title='bbox 575 2829 756 2861; x_wconf 71' lang='grc' dir='ltr'>ἐφοποσονοῦν</span> <span class='ocrx_word' id='word_1_768' title='bbox 784 2830 938 2869; x_wconf 66' lang='grc' dir='ltr'>ὲφεπόμεθα</span> 
     </span>
    </p>
   </div>
   <div class='ocr_carea' id='block_1_105' title="bbox 105 2872 938 2914">
    <p class='ocr_par' dir='ltr' id='par_1_105' title="bbox 105 2872 938 2914">
     <span class='ocr_line' id='line_1_105' title="bbox 105 2872 938 2914; baseline 0.005 -15"><span class='ocrx_word' id='word_1_769' title='bbox 105 2872 173 2900; x_wconf 67' lang='grc' dir='ltr'>κατὰ</span> <span class='ocrx_word' id='word_1_770' title='bbox 190 2872 314 2910; x_wconf 82' lang='grc' dir='ltr'>μίμησιν</span> <span class='ocrx_word' id='word_1_771' title='bbox 333 2873 381 2908; x_wconf 81' lang='grc' dir='ltr'>τὴν</span> <span class='ocrx_word' id='word_1_772' title='bbox 398 2872 511 2909; x_wconf 80' lang='grc' dir='ltr'>δυνατὴν</span> <span class='ocrx_word' id='word_1_773' title='bbox 542 2875 586 2902; x_wconf 81' lang='grc' dir='ltr'>καὶ</span> <span class='ocrx_word' id='word_1_774' title='bbox 617 2876 712 2914; x_wconf 78' lang='grc' dir='ltr'>ἀρετῆς</span> <span class='ocrx_word' id='word_1_775' title='bbox 741 2875 886 2913; x_wconf 79' lang='grc' dir='ltr'>ἀπόμαξιν,</span> <span class='ocrx_word' id='word_1_776' title='bbox 903 2874 938 2904; x_wconf 77' lang='grc' dir='ltr'>δι’</span> 
     </span>
    </p>
   </div>
   <div class='ocr_carea' id='block_1_106' title="bbox 990 2377 1819 2417">
    <p class='ocr_par' dir='ltr' id='par_1_106' title="bbox 990 2377 1819 2417">
     <span class='ocr_line' id='line_1_106' title="bbox 990 2377 1819 2417; baseline -0.007 -7"><span class='ocrx_word' id='word_1_777' title='bbox 990 2377 1118 2410; x_wconf 79' lang='lat' dir='ltr'>violenta</span> <span class='ocrx_word' id='word_1_778' title='bbox 1148 2381 1299 2417; x_wconf 84' lang='lat' dir='ltr'>agebatur.</span> <span class='ocrx_word' id='word_1_779' title='bbox 1325 2380 1399 2413; x_wconf 86' lang='lat' dir='ltr'>Quid</span> <span class='ocrx_word' id='word_1_780' title='bbox 1424 2380 1525 2416; x_wconf 86' lang='lat' dir='ltr'>igitur,</span> <span class='ocrx_word' id='word_1_781' title='bbox 1550 2387 1616 2406; x_wconf 88' lang='lat' dir='ltr'>cum</span> <span class='ocrx_word' id='word_1_782' title='bbox 1646 2377 1696 2405; x_wconf 89' lang='lat' dir='ltr'>ille</span> <span class='ocrx_word' id='word_1_783' title='bbox 1722 2379 1819 2405; x_wconf 88' lang='lat' dir='ltr'>totum</span> 
     </span>
    </p>
   </div>
   <div class='ocr_carea' id='block_1_107' title="bbox 991 2422 1819 2460">
    <p class='ocr_par' dir='ltr' id='par_1_107' title="bbox 991 2422 1819 2460">
     <span class='ocr_line' id='line_1_107' title="bbox 991 2422 1819 2460; baseline -0.007 -5"><span class='ocrx_word' id='word_1_784' title='bbox 991 2429 1091 2456; x_wconf 79' lang='lat' dir='ltr'>orbem</span> <span class='ocrx_word' id='word_1_785' title='bbox 1108 2426 1240 2454; x_wconf 87' lang='lat' dir='ltr'>humeris</span> <span class='ocrx_word' id='word_1_786' title='bbox 1261 2427 1315 2453; x_wconf 81' lang='lat' dir='ltr'>fert</span> <span class='ocrx_word' id='word_1_787' title='bbox 1331 2428 1359 2453; x_wconf 87' lang='lat' dir='ltr'>et</span> <span class='ocrx_word' id='word_1_788' title='bbox 1383 2425 1459 2452; x_wconf 87' lang='lat' dir='ltr'>bona</span> <span class='ocrx_word' id='word_1_789' title='bbox 1474 2424 1577 2460; x_wconf 89' lang='lat' dir='ltr'>recipit</span> <span class='ocrx_word' id='word_1_790' title='bbox 1599 2423 1629 2451; x_wconf 86' lang='lat' dir='ltr'>in</span> <span class='ocrx_word' id='word_1_791' title='bbox 1646 2422 1713 2451; x_wconf 82' lang='lat' dir='ltr'>ﬁdei</span> <span class='ocrx_word' id='word_1_792' title='bbox 1729 2429 1819 2458; x_wconf 85' lang='lat' dir='ltr'>quam</span> 
     </span>
    </p>
   </div>
   <div class='ocr_carea' id='block_1_108' title="bbox 991 2465 1821 2507">
    <p class='ocr_par' dir='ltr' id='par_1_108' title="bbox 991 2465 1821 2507">
     <span class='ocr_line' id='line_1_108' title="bbox 991 2465 1821 2507; baseline -0.008 -7"><span class='ocrx_word' id='word_1_793' title='bbox 991 2473 1020 2500; x_wconf 91' lang='lat' dir='ltr'>in</span> <span class='ocrx_word' id='word_1_794' title='bbox 1038 2472 1095 2499; x_wconf 91' lang='lat' dir='ltr'>Deo</span> <span class='ocrx_word' id='word_1_795' title='bbox 1111 2471 1203 2507; x_wconf 87' lang='lat' dir='ltr'>ponit,</span> <span class='ocrx_word' id='word_1_796' title='bbox 1229 2470 1380 2506; x_wconf 66' lang='lat' dir='ltr'>praemium</span> <span class='ocrx_word' id='word_1_797' title='bbox 1398 2469 1530 2503; x_wconf 82' lang='lat' dir='ltr'>(confidit</span> <span class='ocrx_word' id='word_1_798' title='bbox 1551 2468 1641 2503; x_wconf 88' lang='lat' dir='ltr'>enim,</span> <span class='ocrx_word' id='word_1_799' title='bbox 1657 2467 1726 2495; x_wconf 89' lang='lat' dir='ltr'>licet</span> <span class='ocrx_word' id='word_1_800' title='bbox 1741 2465 1821 2494; x_wconf 85' lang='lat' dir='ltr'>mala</span> 
     </span>
    </p>
   </div>
   <div class='ocr_carea' id='block_1_109' title="bbox 991 2514 1820 2552">
    <p class='ocr_par' dir='ltr' id='par_1_109' title="bbox 991 2514 1820 2552">
     <span class='ocr_line' id='line_1_109' title="bbox 991 2514 1820 2552; baseline -0.007 -7"><span class='ocrx_word' id='word_1_801' title='bbox 991 2518 1148 2545; x_wconf 87' lang='lat' dir='ltr'>innumera</span> <span class='ocrx_word' id='word_1_802' title='bbox 1163 2524 1279 2552; x_wconf 83' lang='lat' dir='ltr'>passus,</span> <span class='ocrx_word' id='word_1_803' title='bbox 1300 2517 1328 2543; x_wconf 90' lang='lat' dir='ltr'>et</span> <span class='ocrx_word' id='word_1_804' title='bbox 1343 2523 1461 2543; x_wconf 83' lang='lat' dir='ltr'>carnem</span> <span class='ocrx_word' id='word_1_805' title='bbox 1477 2517 1505 2542; x_wconf 92' lang='lat' dir='ltr'>et</span> <span class='ocrx_word' id='word_1_806' title='bbox 1524 2515 1654 2542; x_wconf 85' lang='lat' dir='ltr'>animam</span> <span class='ocrx_word' id='word_1_807' title='bbox 1671 2514 1820 2540; x_wconf 80' lang='lat' dir='ltr'>restaura-</span> 
     </span>
    </p>
   </div>
   <div class='ocr_carea' id='block_1_110' title="bbox 991 2556 1822 2598">
    <p class='ocr_par' dir='ltr' id='par_1_110' title="bbox 991 2556 1822 2598">
     <span class='ocr_line' id='line_1_110' title="bbox 991 2556 1822 2598; baseline -0.006 -9"><span class='ocrx_word' id='word_1_808' title='bbox 991 2563 1061 2598; x_wconf 85' lang='lat' dir='ltr'>vit);</span> <span class='ocrx_word' id='word_1_809' title='bbox 1090 2570 1143 2589; x_wconf 85' lang='lat' dir='ltr'>nos</span> <span class='ocrx_word' id='word_1_810' title='bbox 1168 2561 1218 2596; x_wconf 90' lang='lat' dir='ltr'>qui</span> <span class='ocrx_word' id='word_1_811' title='bbox 1244 2561 1274 2588; x_wconf 89' lang='lat' dir='ltr'>in</span> <span class='ocrx_word' id='word_1_812' title='bbox 1291 2562 1368 2588; x_wconf 89' lang='lat' dir='ltr'>statu</span> <span class='ocrx_word' id='word_1_813' title='bbox 1394 2559 1568 2587; x_wconf 81' lang='lat' dir='ltr'>obedientiae</span> <span class='ocrx_word' id='word_1_814' title='bbox 1594 2566 1699 2586; x_wconf 88' lang='lat' dir='ltr'>sumus</span> <span class='ocrx_word' id='word_1_815' title='bbox 1722 2559 1752 2585; x_wconf 90' lang='lat' dir='ltr'>et</span> <span class='ocrx_word' id='word_1_816' title='bbox 1770 2556 1822 2593; x_wconf 90' lang='lat' dir='ltr'>qui</span> 
     </span>
    </p>
   </div>
   <div class='ocr_carea' id='block_1_111' title="bbox 987 2601 1823 2643">
    <p class='ocr_par' dir='ltr' id='par_1_111' title="bbox 987 2601 1823 2643">
     <span class='ocr_line' id='line_1_111' title="bbox 987 2601 1823 2643; baseline -0.007 -9"><span class='ocrx_word' id='word_1_817' title='bbox 987 2607 1129 2643; x_wconf 81' lang='lat' dir='ltr'>jubemur</span> <span class='ocrx_word' id='word_1_818' title='bbox 1144 2615 1209 2634; x_wconf 90' lang='lat' dir='ltr'>eum</span> <span class='ocrx_word' id='word_1_819' title='bbox 1237 2606 1332 2642; x_wconf 86' lang='lat' dir='ltr'>sequi,</span> <span class='ocrx_word' id='word_1_820' title='bbox 1349 2613 1406 2632; x_wconf 89' lang='lat' dir='ltr'>non</span> <span class='ocrx_word' id='word_1_821' title='bbox 1428 2613 1479 2640; x_wconf 90' lang='lat' dir='ltr'>pro</span> <span class='ocrx_word' id='word_1_822' title='bbox 1494 2604 1608 2632; x_wconf 88' lang='lat' dir='ltr'>viribus</span> <span class='ocrx_word' id='word_1_823' title='bbox 1625 2612 1658 2631; x_wconf 86' lang='lat' dir='ltr'>ac</span> <span class='ocrx_word' id='word_1_824' title='bbox 1683 2601 1823 2630; x_wconf 80' lang='lat' dir='ltr'>facultate</span> 
     </span>
    </p>
   </div>
   <div class='ocr_carea' id='block_1_112' title="bbox 991 2646 1824 2687">
    <p class='ocr_par' dir='ltr' id='par_1_112' title="bbox 991 2646 1824 2687">
     <span class='ocr_line' id='line_1_112' title="bbox 991 2646 1824 2687; baseline -0.01 -7"><span class='ocrx_word' id='word_1_825' title='bbox 991 2653 1056 2687; x_wconf 88' lang='lat' dir='ltr'>ejus</span> <span class='ocrx_word' id='word_1_826' title='bbox 1083 2652 1219 2680; x_wconf 82' lang='lat' dir='ltr'>virtutem</span> <span class='ocrx_word' id='word_1_827' title='bbox 1248 2650 1410 2682; x_wconf 85' lang='lat' dir='ltr'>imitamur,</span> <span class='ocrx_word' id='word_1_828' title='bbox 1438 2658 1496 2684; x_wconf 86' lang='lat' dir='ltr'>qua</span> <span class='ocrx_word' id='word_1_829' title='bbox 1520 2647 1663 2677; x_wconf 80' lang='lat' dir='ltr'>auxilium</span> <span class='ocrx_word' id='word_1_830' title='bbox 1691 2646 1824 2674; x_wconf 88' lang='lat' dir='ltr'>divinum</span> 
     </span>
    </p>
   </div>
   <div class='ocr_carea' id='block_1_113' title="bbox 992 2691 1824 2733">
    <p class='ocr_par' dir='ltr' id='par_1_113' title="bbox 992 2691 1824 2733">
     <span class='ocr_line' id='line_1_113' title="bbox 992 2691 1824 2733; baseline -0.01 -9"><span class='ocrx_word' id='word_1_831' title='bbox 992 2698 1196 2733; x_wconf 85' lang='lat' dir='ltr'>impetramus.</span> <span class='ocrx_word' id='word_1_832' title='bbox 1226 2695 1289 2722; x_wconf 85' lang='lat' dir='ltr'>Non</span> <span class='ocrx_word' id='word_1_833' title='bbox 1319 2695 1397 2722; x_wconf 90' lang='lat' dir='ltr'>enim</span> <span class='ocrx_word' id='word_1_834' title='bbox 1428 2694 1492 2728; x_wconf 85' lang='lat' dir='ltr'>ejus</span> <span class='ocrx_word' id='word_1_835' title='bbox 1527 2692 1694 2729; x_wconf 87' lang='lat' dir='ltr'>exemplum</span> <span class='ocrx_word' id='word_1_836' title='bbox 1729 2691 1824 2721; x_wconf 76' lang='lat' dir='ltr'>secuti</span> 
     </span>
    </p>
   </div>
   <div class='ocr_carea' id='block_1_114' title="bbox 992 2734 1822 2778">
    <p class='ocr_par' dir='ltr' id='par_1_114' title="bbox 992 2734 1822 2778">
     <span class='ocr_line' id='line_1_114' title="bbox 992 2734 1822 2778; baseline -0.01 -9"><span class='ocrx_word' id='word_1_837' title='bbox 992 2741 1261 2778; x_wconf 73' lang='lat' dir='ltr'>operurivolumus.</span> <span class='ocrx_word' id='word_1_838' title='bbox 1275 2739 1375 2767; x_wconf 84' lang='lat' dir='ltr'>Simile</span> <span class='ocrx_word' id='word_1_839' title='bbox 1387 2747 1514 2774; x_wconf 88' lang='lat' dir='ltr'>namque</span> <span class='ocrx_word' id='word_1_840' title='bbox 1525 2738 1654 2766; x_wconf 77' lang='lat' dir='ltr'>ofﬁcium</span> <span class='ocrx_word' id='word_1_841' title='bbox 1667 2734 1751 2762; x_wconf 86' lang='lat' dir='ltr'>nobis</span> <span class='ocrx_word' id='word_1_842' title='bbox 1764 2741 1822 2761; x_wconf 84' lang='lat' dir='ltr'>non</span> 
     </span>
    </p>
   </div>
   <div class='ocr_carea' id='block_1_115' title="bbox 991 2780 1822 2819">
    <p class='ocr_par' dir='ltr' id='par_1_115' title="bbox 991 2780 1822 2819">
     <span class='ocr_line' id='line_1_115' title="bbox 991 2780 1822 2819; baseline -0.01 -6"><span class='ocrx_word' id='word_1_843' title='bbox 991 2786 1146 2819; x_wconf 72' lang='lat' dir='ltr'>incumbit,</span> <span class='ocrx_word' id='word_1_844' title='bbox 1163 2788 1190 2812; x_wconf 88' lang='lat' dir='ltr'>et</span> <span class='ocrx_word' id='word_1_845' title='bbox 1206 2784 1230 2812; x_wconf 90' lang='lat' dir='ltr'>si</span> <span class='ocrx_word' id='word_1_846' title='bbox 1249 2784 1442 2819; x_wconf 85' lang='lat' dir='ltr'>incumberet,</span> <span class='ocrx_word' id='word_1_847' title='bbox 1459 2791 1517 2811; x_wconf 89' lang='lat' dir='ltr'>non</span> <span class='ocrx_word' id='word_1_848' title='bbox 1534 2781 1625 2810; x_wconf 88' lang='lat' dir='ltr'>simili</span> <span class='ocrx_word' id='word_1_849' title='bbox 1641 2780 1726 2808; x_wconf 89' lang='lat' dir='ltr'>modo</span> <span class='ocrx_word' id='word_1_850' title='bbox 1738 2787 1822 2807; x_wconf 59' lang='lat' dir='ltr'>exse,</span> 
     </span>
    </p>
   </div>
   <div class='ocr_carea' id='block_1_116' title="bbox 993 2823 1827 2868">
    <p class='ocr_par' dir='ltr' id='par_1_116' title="bbox 993 2823 1827 2868">
     <span class='ocr_line' id='line_1_116' title="bbox 993 2823 1827 2868; baseline -0.011 -9"><span class='ocrx_word' id='word_1_851' title='bbox 993 2839 1159 2868; x_wconf 83' lang='lat' dir='ltr'>queremur.</span> <span class='ocrx_word' id='word_1_852' title='bbox 1187 2829 1262 2857; x_wconf 91' lang='lat' dir='ltr'>lllud</span> <span class='ocrx_word' id='word_1_853' title='bbox 1278 2837 1328 2857; x_wconf 88' lang='lat' dir='ltr'>vos</span> <span class='ocrx_word' id='word_1_854' title='bbox 1354 2837 1469 2862; x_wconf 89' lang='lat' dir='ltr'>moneo,</span> <span class='ocrx_word' id='word_1_855' title='bbox 1486 2836 1522 2856; x_wconf 87' lang='lat' dir='ltr'>ne</span> <span class='ocrx_word' id='word_1_856' title='bbox 1547 2825 1666 2855; x_wconf 88' lang='lat' dir='ltr'>omnino</span> <span class='ocrx_word' id='word_1_857' title='bbox 1689 2823 1779 2852; x_wconf 86' lang='lat' dir='ltr'>metui</span> <span class='ocrx_word' id='word_1_858' title='bbox 1794 2827 1827 2855; x_wconf 76' lang='lat' dir='ltr'>et</span> 
     </span>
    </p>
   </div>
   <div class='ocr_carea' id='block_1_117' title="bbox 994 2869 1826 2913">
    <p class='ocr_par' dir='ltr' id='par_1_117' title="bbox 994 2869 1826 2913">
     <span class='ocr_line' id='line_1_117' title="bbox 994 2869 1826 2913; baseline -0.011 -8"><span class='ocrx_word' id='word_1_859' title='bbox 994 2875 1190 2913; x_wconf 86' lang='lat' dir='ltr'>desperationi</span> <span class='ocrx_word' id='word_1_860' title='bbox 1202 2874 1416 2903; x_wconf 84' lang='lat' dir='ltr'>succumbatis.</span> <span class='ocrx_word' id='word_1_861' title='bbox 1428 2875 1502 2902; x_wconf 88' lang='lat' dir='ltr'>Ante</span> <span class='ocrx_word' id='word_1_862' title='bbox 1510 2871 1610 2902; x_wconf 79' lang='lat' dir='ltr'>oculos</span> <span class='ocrx_word' id='word_1_863' title='bbox 1621 2869 1720 2908; x_wconf 84' lang='lat' dir='ltr'>ponite</span> <span class='ocrx_word' id='word_1_864' title='bbox 1729 2869 1826 2898; x_wconf 85' lang='lat' dir='ltr'>undas</span> 
     </span>
    </p>
   </div>
  </div>
