2030 3167
129 191 186 222 ’121

631 191 670 222 ΙΝ
693 191 724 221 S.
749 191 1090 227 QUADBAGESIMAM
1113 191 1262 222 ORATIO
1284 192 1336 223 IV.

1775 194 1840 225 722

126 255 204 287 ὅπως
233 255 284 283 οὐκ
312 257 495 284 ιισακούσεται
528 257 606 293 ἡμῶν
633 257 648 284 ὁ
669 256 744 287 Θιός.
770 257 800 285 Ὁ
815 256 872 283 κατ’
888 255 942 293 δψιι

1007 258 1053 284 est
1066 257 1144 292 quod
1156 257 1233 285 Deus
1249 266 1302 285 nos
1318 266 1375 286 non
1391 258 1537 286 exaudiat.
1555 258 1610 292 Qui
1626 267 1724 287 coram
1740 259 1837 296 impe-

131 300 240 338 βασιλεῖ
267 301 452 339 ἐντυγχάνων,
481 301 526 329 καὶ
561 301 712 338 παρεστὼς,
741 301 786 328 καὶ
816 299 952 337 δεόμενος,

127 343 205 373 οὐδὲν
221 355 248 372 τι
263 347 316 372 τῶν
334 344 359 372 ἓν
382 343 438 381 ὅκῳ
463 347 503 381 τῷ
521 344 573 382 βίῳ
599 344 770 379 εἴσοικίζεται
785 345 854 371 κατὰ
868 345 930 371 νοῦν
945 353 952 360 ·

128 388 204 417 ἀλλὰ,
218 389 265 421 τὰς
287 389 352 421 ὅλας
378 389 487 421 κλείσας
513 393 563 424 τῆς
586 391 679 427 ψυχῆς
705 388 798 427 θύρας,
814 389 851 419 ὡς
868 387 952 425 μηδὲν

127 444 154 460 τι
170 436 224 461 τῶν
250 433 300 470 ἔξω
327 434 560 472 παρεισκρίνεσθαι
585 434 624 465 εἲς
645 434 741 469 αὐτὴν,
768 431 878 468 ἷίδιάζειν
906 433 950 461 τὸν

126 477 190 505 νοῦν
221 478 317 517 ἀφίησι
346 478 391 506 καὶ
410 479 506 506 ἑαυτοῦ
529 479 596 506 εἶναι
626 479 671 506 καὶ
698 477 792 506 λαλεῖν
821 478 855 505 τὰ
882 478 950 516 πρὸς

127 521 228 558 δέησιν.
256 523 313 552 Οὐκ
338 522 493 560 ἐνθυμεῖται
518 522 656 561 συζυγίαν,
684 523 716 551 οὐ
737 523 786 558 τήν
811 523 949 562 σύμφυτον

123 567 254 606 γλυκεῖαν
271 567 382 607 ἀγέλην,
408 568 438 596 οὐ
466 567 594 602 κλοῦτυν,
618 567 649 596 οὐ
673 571 768 603 κτῆσιν
786 577 793 584 ·
809 567 840 595 τὸ
857 570 950 604 μεῖζον

123 611 221 647 εἰπεῖν,
251 613 296 640 καὶ
326 613 421 641 ἑαυτοῦ
451 613 465 640 ὁ
488 615 613 644 τοιοῦτος
642 612 787 649 ἐξίσταται,
814 612 860 640 καὶ
883 612 950 640 κατᾶ

123 655 253 694 οὐδεμίαν
296 655 421 693 αἶ’σθησιν
460 657 583 695 ἐνεργεῖ,
628 655 742 688 Οὐδενὸς
781 659 834 684 τῶν
872 657 949 694 πέριξ

121 701 214 729 ἀκούει
230 712 236 718 ·
253 701 298 729 καὶ
327 702 390 740 γὰρ,
420 702 443 729 εἲ
467 702 513 729 καὶ
545 702 681 740 βροντῶσι
703 704 761 732 τοῖς
784 701 888 739 λόγοις,
916 701 947 729 οὐ

121 746 267 783 πλαγιάζει
295 748 341 774 τὸν
376 746 519 785 ὀφθαλμὸν
547 746 586 778 εἰς
613 745 721 782 οὐδένα,
747 747 790 774 καὶ
815 745 888 777 ὅλως
916 745 947 772 οὐ

122 789 253 818 πλατύνει
283 791 315 818 τὸ
345 791 522 825 αἰσθητικόν’
561 790 636 818 ἀλλὰ
672 793 849 829 στενοχωρεῖ,
878 790 947 828 πρὸς

122 834 161 862 ἐνὶ
175 835 219 862 καὶ
238 836 314 873 μόνῳ
338 835 433 872 ἐκείνῳ
457 836 613 874 τυγχάνων,
642 838 682 872 τῷ
708 835 826 873 βασιλεῖ,
847 835 892 862 καὶ
909 835 945 866 εἷς

120 880 192 918 πρὸς
207 878 252 908 ἕνα
280 883 426 919 μετρεῖται,
452 880 496 908 καὶ
525 881 605 917 μόνος
634 879 719 916 μόνου
741 880 851 918 γίνεται.
866 878 947 908 Οἴδα-

124 935 171 961 μεν
187 924 311 956 πολλοὺς
337 925 363 952 ἐν
390 927 449 956 τοῖς
471 924 608 956 τοιούτοις
635 925 680 952 καὶ
705 926 810 962 τριχῶν
827 923 945 961 ἑλκομέ-

119 979 195 1005 νους,
228 969 273 997 καὶ
302 967 503 1001 ἀντιϐαίνοντας
534 969 594 1006 μὶν,
624 969 655 996 ού
680 968 883 1006 σκοπουμένους
904 968 942 1003 δὲ,

118 1013 190 1051 πρὸς
214 1013 296 1041 τίνων
325 1012 461 1042 ἕλκονται.
502 1014 643 1051 Πάσχουσι
686 1014 730 1041 καὶ
757 1013 874 1051 κληγὰς,
897 1013 942 1041 καὶ

117 1056 178 1084 οὐδ’
206 1057 292 1090 οὕτως
317 1057 534 1096 ἐπιστρέφονται,
558 1057 630 1086 ἀλλὰ
659 1056 846 1093 διατέθεινται,
875 1057 944 1090 καθὰ

116 1102 163 1129 καὶ
181 1101 254 1134 λίθοι
279 1101 478 1139 πληττόμενοι.
493 1100 614 1139 Ὓὸριων
639 1101 668 1130 δὲ
696 1102 861 1139 ἐμπάζεσθαι
880 1101 944 1133 τοὺς

113 1146 272 1181 τοιούτους,
296 1149 355 1178 πῶς
381 1146 411 1175 ἂν
432 1146 474 1182 εἱή
494 1157 501 1182 ;
525 1147 687 1185 Κωφεύουσι
711 1147 764 1185 γὰρ
786 1147 854 1184 πρὸς
871 1146 942 1174 ἄλλο

116 1189 188 1217 ἅπαν
214 1189 350 1228 ἄκουσμα,
388 1190 601 1230 καραδοκοῦντες
638 1192 669 1219 τὸ
706 1190 848 1230 βασιλικὸν
874 1190 942 1219 ἀπό-

116 1235 235 1273 φθεγμα.

155 1280 184 1307 ν’.
202 1280 251 1307 Καὶ
268 1279 339 1308 οὕτω
354 1291 444 1308 τοινυν
473 1281 518 1308 καὶ
545 1281 620 1317 ἡμᾶς
645 1279 771 1318 εὔχεσθαι
789 1280 859 1318 χρὴ,
879 1280 943 1317 βρα-

115 1326 195 1361 χεῖαν
211 1326 276 1361 γοῦν
299 1324 402 1360 ἐκείνην
429 1324 501 1362 ὥραν
527 1324 704 1363 ἀφορίζοντας
730 1327 769 1361 τῷ
794 1327 853 1360 Θεῷ
869 1334 875 1341 ·
897 1325 941 1351 καὶ

116 1368 204 1399 οὕτως
227 1368 360 1405 ἀνύσομεν
393 1369 425 1396 τὸ
462 1368 639 1405 ζητούμενον.
673 1369 883 1404 Συλλαλήσουσι
914 1367 942 1396 δὲ

114 1412 226 1444 πάντως
253 1415 313 1444 ταῖς
339 1414 434 1451 εὐχαῖς
467 1412 608 1449 κυκλόθεν,
638 1413 683 1441 καί
719 1412 747 1441 εἷ’
771 1423 841 1444 τινες
871 1414 939 1449 ἡμῖν

114 1457 227 1495 πράξεις
251 1457 347 1496 ἀγαθαὶ
375 1458 634 1496 προκατώρθωνται,
663 1458 707 1486 καὶ
736 1458 789 1496 πρὸ
812 1459 865 1485 τῶν
890 1456 939 1485 ἅλ-

118 1500 178 1528 λων
194 1503 212 1536 ἡ
234 1501 420 1538 ἐΑιημοσύνη,
449 1502 493 1530 καὶ
515 1502 595 1537 αὐτὴ,
621 1503 665 1529 ὅτε
691 1502 758 1538 μετὰ
776 1501 940 1539 ἱλαρότητος

116 1545 236 1584 γίνοιτο.
262 1545 380 1583 Οἴδαμεν
417 1546 480 1584 γὰρ,
511 1558 525 1573 ‹‹
555 1545 648 1584 ἱλαρὸν
679 1545 760 1582 δότην
788 1546 939 1584 ἀγαπᾶσθαι

113 1591 192 1629 παρὰ
206 1593 272 1618 Θεοῦ
287 1601 293 1607 ·
311 1604 322 1619 ι
343 1591 400 1618 ἐπεὶ
415 1601 470 1627 τοι,
493 1591 522 1622 ὃς
540 1592 578 1628 μὴ
600 1591 685 1623 οὕτως
701 1591 780 1626 ἐλεεῖ,
802 1590 876 1619 ἀλλὰ
891 1602 939 1628 με·

1009 303 1089 329 rator
1103 302 1226 338 supplex
1242 304 1318 330 astat
1334 302 1407 330 nihil
1423 302 1503 330 aliud
1519 303 1549 330 in
1565 305 1694 331 mentem
1711 304 1834 340 ingerit;

1009 346 1059 374 sed
1080 346 1219 375 omnibus
1249 347 1353 375 animas
1378 348 1472 384 portis
1501 347 1621 381 clausis,
1646 348 1686 375 ita
1702 350 1734 375 ut
1760 348 1834 376 nihil

1008 390 1189 419 extrinsecus
1205 392 1316 420 intrare
1331 392 1436 428 possit,
1452 394 1579 420 mentem
1594 392 1752 428 colligit,ut
1767 397 1834 421 tan-

1008 436 1071 463 tum
1094 444 1139 463 res
1151 437 1187 464 ad
1199 437 1369 473 petitionem
1378 440 1545 473 spectantes
1557 436 1758 473 proloquatur.
1768 437 1832 465 Non

1006 480 1235 516 conjugem,non
1251 481 1350 509 dulces
1365 484 1459 516 natos,
1470 490 1527 509 non
1543 481 1670 515 divitias,
1687 490 1746 509 non
1760 490 1828 517 pos-

1004 525 1151 553 sessiones
1168 528 1236 554 ante
1251 526 1351 554 oculos
1366 525 1471 560 habet;
1488 526 1546 554 imo
1563 526 1641 562 quod
1660 526 1758 561 majus
1773 529 1828 562 est,

1005 569 1051 596 sui
1063 577 1182 606 compos
1194 579 1252 599 non
1280 573 1323 599 est
1351 573 1380 599 et
1407 571 1553 599 sentiendi
1582 570 1719 599 facultate
1742 571 1829 607 plane

1004 613 1174 643 destitutus.
1201 615 1247 643 Nil
1271 624 1372 644 eorum
1397 623 1460 652 quas
1487 623 1576 652 prope
1601 623 1669 644 eum
1690 615 1829 644 dicuntur

1003 658 1095 692 audit,
1114 661 1143 687 et
1168 659 1235 688 licet
1258 668 1365 696 magno
1393 660 1521 689 clamore
1543 660 1747 692 vociferantur,
1768 668 1826 688 non

1003 702 1102 737 nictal,
1127 703 1200 732 nihil
1221 705 1310 732 sentit
1336 714 1342 738 ;
1368 705 1574 741 imperatorem
1611 704 1706 732 solum
1737 704 1815 732 videt

1003 746 1028 774 ei
1044 747 1098 775 soli
1124 749 1233 782 studet,
1261 749 1397 776 adhaeret.
1424 748 1530 778 Multos
1556 748 1688 776 crinibus
1716 751 1826 776 tractos

1001 791 1129 820 vidimus
1144 793 1279 821 incedere
1295 794 1458 822 nescientes
1474 802 1491 821 a
1505 793 1614 830 quibus
1629 793 1825 821 traherentur.

1002 836 1126 865 Verbera
1140 846 1256 874 quoque
1271 838 1420 874 accipiunt
1435 838 1510 866 nihil
1527 837 1824 873 sentientes,ut1api-

1001 880 1052 909 des
1073 881 1227 910 verberati.
1255 882 1339 910 Tales
1365 883 1503 918 injuriam
1528 882 1589 918 pati
1615 890 1736 918 prorsus
1765 890 1824 910 non

1000 929 1142 961 possunt;
1159 927 1241 954 surdi
1254 928 1333 955 enim
1343 930 1413 956 sunt
1427 928 1465 956 ad
1481 935 1583 955 omnes
1597 927 1823 963 voces,impera—

998 970 1070 999 toris
1085 979 1226 1007 responso
1247 971 1332 1000 unice
1350 972 1465 1000 intenti.

1030 1281 1076 1309 50.
1092 1280 1140 1308 Sic
1155 1279 1245 1316 igitur
1260 1288 1313 1307 nos
1328 1287 1446 1315 quoque
1462 1279 1574 1316 precari
1608 1279 1699 1307 decet.
1729 1281 1819 1306 Breve

995 1325 1086 1361 igitur
1098 1324 1236 1360 temporis
1252 1324 1381 1360 patium
1397 1326 1453 1351 Deo
1475 1332 1681 1352 consecremus
1697 1326 1726 1351 et
1743 1323 1822 1359 quod

995 1370 1131 1405 cupimus
1147 1368 1441 1396 nanciscemur.Dum
1457 1377 1510 1397 nos
1527 1367 1747 1404 precamus,alii
1763 1368 1822 1395 cir-

994 1422 1027 1442 ca
1037 1423 1089 1442 nos
1106 1413 1342 1448 confabulantur,
1353 1415 1480 1441 attamen
1497 1413 1589 1441 bonas
1605 1413 1721 1448 aliquae
1732 1412 1821 1440 actio-

995 1467 1048 1487 nes
1062 1461 1231 1495 agnoscent,
1248 1460 1276 1486 et
1289 1458 1367 1486 inter
1381 1458 1438 1485 alia
1447 1457 1683 1486 misericordiam
1707 1459 1735 1485 et
1751 1457 1820 1485 cha-

995 1503 1110 1531 ritatem
1127 1503 1263 1530 hilarem.
1279 1502 1395 1531 Scimus
1410 1502 1489 1530 enim
1513 1502 1638 1530 hilarem
1655 1502 1787 1530 datorem
1804 1510 1821 1529 ε.

994 1550 1052 1576 Deo
1066 1547 1169 1575 amari.
1185 1547 1295 1575 Revera
1310 1547 1388 1574 enim
1405 1547 1455 1583 qui
1471 1555 1529 1575 non
1542 1547 1584 1575 sio
1595 1547 1646 1574 dat
1660 1546 1820 1582 eleemosy-

994 1592 1128 1625 nam,eed
1142 1600 1209 1619 cum
1221 1591 1558 1628 asperitate,nutricibus
1574 1591 1681 1619 similis
1696 1593 1740 1618 est
1755 1598 1819 1626 quas

108 1635 148 1662 τὰ
176 1635 286 1673 πικρίας
314 1635 506 1673 δυσπροσίτου,
537 1635 608 1663 ἔοικε
640 1639 699 1668 ταῖς
723 1639 847 1674 τροφοῖς,
879 1637 938 1663 ὅσαι

999 1644 1156 1664 mammam
1172 1636 1229 1664 bile
1244 1637 1388 1672 ungentes
1409 1644 1510 1664 recens
1527 1637 1611 1664 natos
1627 1635 1748 1664 iactant.
1765 1634 1820 1667 Qui

109 1679 190 1718 χολῇ
218 1680 268 1714 τὴν
296 1679 386 1715 θηλὴν
415 1679 606 1716 ἔπαλείφουσαι
635 1679 884 1718 ἀπογαλακτίζουσι
908 1681 942 1708 τὰ

109 1725 222 1762 νεογνά.
238 1723 317 1753 Οὕτω
343 1725 395 1763 γὰρ
423 1725 437 1751 ὁ
465 1724 531 1761 μετὰ
555 1724 647 1762 χολῆς
675 1724 769 1759 ἐλεῶν,
786 1724 939 1764 ἀπότροφον

109 1769 162 1796 τὸν
179 1771 310 1804 ζητοῦντα
335 1769 437 1804 πένητα
462 1770 578 1805 τίθησιν.
608 1769 646 1798 Οὐ
673 1769 724 1807 γὰρ
739 1768 770 1797 ἂν
786 1769 887 1802 ἐκεῖνος
902 1769 941 1801 εἰς

111 1812 241 1851 δευτέραν
253 1813 389 1841 ἐλεύσεται
405 1812 507 1849 δέησιν.

153 1858 203 1887 ναί.
219 1857 416 1896 Ὑπερλαλήσει
445 1862 496 1894 τῆς
521 1857 658 1895 ἡμετέρας
683 1858 769 1896 εὐχῆς
791 1859 836 1886 καὶ
855 1860 873 1894 ἡ
890 1859 940 1897 φύ-

111 1913 159 1934 σις
175 1903 257 1937 αὐτὴ,
279 1902 322 1930 ἐὰν
351 1901 466 1934 δεόντως
495 1902 655 1942 φυλάξωμεν
683 1903 714 1930 τὸ
738 1907 787 1938 τῆς
813 1903 939 1935 πλάσεως

108 1949 186 1975 θεῖον
207 1949 247 1983 τῷ
274 1957 304 1975 τε
330 1947 431 1984 κυρίως
461 1946 611 1984 μοναδῖκῷ,
637 1947 682 1974 καὶ
704 1946 744 1984 τῷ
769 1948 827 1975 κατ’
850 1947 941 1975 εἰκόνα

109 1991 153 2029 (ἔν
184 1990 213 2019 δὲ
237 1992 345 2023 πάντως
375 1990 458 2030 ἄμφω
485 1993 580 2027 ταῦτα,
617 1991 658 2019 ὅτι
686 1991 731 2018 καὶ
760 1991 786 2026 ἐξ
809 1992 866 2023 ἑνὸς
894 1992 939 2019 καὶ

109 2036 185 2074 πρὸς
196 2034 276 2072 Eva)’
306 2035 344 2063 ἔτι
375 2034 404 2063 δὲ
429 2035 486 2070 καὶ,
517 2035 559 2062 ἐὰν
590 2034 692 2072 τρόπον
724 2034 809 2062 ἄλλον
834 2036 865 2062 τὸ
879 2037 940 2068 καθ’

108 2082 189 2118 ἡμᾶς
203 2081 303 2108 ὶνιαῖον
333 2082 413 2108 τοῦτο
438 2078 741 2116 πολλαπλασιάσωμεν,
763 2079 939 2116 ἐννοούμενοι

105 2126 147 2154 τὰ
161 2129 211 2160 τῆς
235 2126 400 2162 παραγωγοῦ
425 2125 582 2158 συνθέσεως,
607 2123 652 2151 καὶ
679 2124 716 2160 μὴ
735 2123 816 2160 μόνον
833 2125 939 2161 σχιζώ-

111 2175 184 2207 μεθα
213 2169 250 2200 εἷς
276 2167 391 2207 τετράδα
425 2170 606 2206 στοιχειακῶς
642 2170 701 2199 ταῖς
735 2171 854 2205 γενικαῖς
877 2168 938 2206 ἀρε-

110 2217 186 2248 ταῖς,
208 2213 282 2242 ἀλλὰ
295 2214 339 2241 καὶ
356 2213 450 2245 ἄλλως
475 2211 690 2250 πολιτικώτερον
707 2213 750 2239 καὶ
768 2213 938 2249 κοσμικώτε-

113 2270 161 2298 ρον
179 2269 185 2275 ·
202 2258 226 2286 εἴ
251 2258 384 2296 γινόμεθα
413 2257 527 2296 οὐρανὸς
548 2257 595 2294 μὶν
622 2259 682 2288 ταῖς
710 2257 841 2295 αἰθερίαις
870 2256 938 2284 κατὰ

995 1681 1075 1709 enim
1087 1681 1128 1708 sic
1139 1689 1206 1708 cum
1219 1680 1276 1708 bile
1292 1681 1525 1709 misericordiam
1536 1682 1650 1709 exercet
1658 1687 1819 1717 pauperem

997 1725 1166 1753 mendicum
1186 1725 1332 1761 peregrini
1362 1725 1424 1753 loco
1455 1725 1552 1758 habet,
1581 1725 1631 1761 qui
1656 1727 1732 1753 certe
1760 1732 1819 1752 non

997 1770 1157 1798 secundam
1173 1769 1345 1806 petitionem
1358 1769 1454 1798 faciet.

1029 1860 1075 1887 51.
1092 1860 1232 1888 Precibus
1259 1859 1447 1895 nostriaipsa
1478 1861 1585 1887 natura
1611 1859 1728 1892 favebit,
1759 1858 1820 1892 ubi,

995 1905 1072 1933 sicut
1090 1904 1374 1938 debemus,divinam
1388 1904 1531 1932 unitatem
1541 1906 1571 1932 et
1585 1903 1745 1940 imaginem
1752 1911 1820 1931 con-

995 1949 1178 1977 servabimus
1205 1949 1279 1984 (quaa
1295 1949 1353 1976 duo
1370 1957 1462 1976 unum
1479 1950 1550 1976 sunt
1571 1947 1600 1975 in
1625 1950 1769 1984 quantum
1785 1955 1821 1976 ex

995 2002 1053 2021 uno
1068 1995 1097 2022 et
1112 1994 1148 2021 ad
1162 1994 1281 2028 unum);
1299 1993 1404 2020 deinde
1418 1993 1444 2020 si
1461 2001 1551 2020 unum
1580 1992 1653 2020 illud
1683 1993 1760 2029 quod
1789 1993 1820 2020 in

995 2038 1078 2065 nobis
1093 2039 1138 2065 est
1154 2037 1432 2073 multiplicabimus,
1444 2036 1688 2072 compositionem
1706 2037 1822 2064 deriva-

993 2083 1054 2109 tam
1071 2081 1246 2116 mediantes,
1266 2089 1319 2109 nec
1348 2081 1378 2108 in
1407 2081 1630 2116 quaternionem
1657 2081 1822 2109 scindimur

993 2126 1136 2153 virtutum
1152 2125 1370 2152 elementalium
1386 2127 1415 2152 et
1435 2125 1617 2161 generalium
1633 2125 1752 2157 auxilio,
1769 2125 1820 2152 sed

994 2169 1052 2197 alia
1067 2169 1180 2196 ratione
1196 2168 1320 2202 civill,ut
1333 2169 1375 2196 ita
1385 2168 1492 2203 dicam,
1509 2171 1538 2196 et
1561 2169 1656 2204 magis
1671 2167 1818 2202 terrestri;

993 2215 1018 2242 si
1034 2214 1139 2242 caelum
1157 2213 1256 2247 ﬁmus,
1273 2216 1370 2240 mente
1385 2221 1481 2240 aerem
1497 2213 1691 2248 pervolantes,
1712 2215 1740 2240 et
1755 2212 1820 2240 stel-

992 2258 1088 2286 larum
1105 2258 1197 2285 instar
1212 2257 1371 2294 fulgamus,
1389 2266 1478 2293 super
1502 2258 1610 2293 quibus
1625 2257 1721 2293 angeli
1739 2257 1819 2285 ince-

111 2306 176 2331 νοῦν
201 2301 345 2330 ἀναϐάσεσι
375 2303 419 2331 καὶ
457 2306 517 2334 ταῖς
553 2302 611 2330 κατ’
649 2301 734 2340 ἄστρα
769 2301 937 2340 ἑλλάμψεσιν

999 2304 1114 2337 iunt,et
1129 2303 1207 2330 unde
1224 2303 1340 2330 Lucifer
1356 2303 1466 2330 amissa
1480 2302 1545 2330 luce
1561 2305 1665 2338 sponte
1681 2301 1819 2338 delapsus

112 2351 152 2376 ῶν
169 2346 281 2385 ἄγγελοι
300 2348 348 2384 μὲν
377 2344 574 2380 ἐπιϐαίνουσιν,
599 2346 712 2383 ἀστοχεῖ
733 2345 762 2373 δὲ
778 2346 791 2373 ὁ
808 2346 876 2373 ἑκὼν
891 2357 937 2373 κα-

111 2389 321 2427 ταϐεϐλημένος
349 2392 447 2419 ἐκεῖθεν
485 2391 621 2422 σκοτεινὸς
655 2391 816 2430 ἑωσφόρος·
844 2390 940 2418 αὐτίκα

114 2435 145 2463 δί
161 2434 218 2472 ἅμα
232 2435 277 2462 καὶ
306 2439 352 2473 γῆ,
377 2436 444 2472 πρὸς
472 2436 588 2473 μίμησιν
614 2435 816 2474 κοσμογενείας,
830 2436 890 2463 καθ’
905 2434 937 2470 ἥν

116 2480 230 2519 οὐρανὸς
245 2479 289 2507 καὶ
318 2481 354 2518 γῆ
384 2482 479 2517 πρῶτα
502 2480 687 2516 πεποίηνται·
713 2482 748 2519 γῆ
780 2479 820 2516 δὲ,
844 2481 880 2512 ὡς
899 2481 938 2517 μὴ

114 2525 190 2554 κάτω
209 2524 310 2563 βρίθειν
325 2523 420 2560 εἰσαεὶ,
445 2525 488 2552 καὶ
512 2525 549 2561 μή
573 2523 669 2552 εἰδέναι
687 2526 737 2560 τὴν
754 2525 939 2564 ἀνωφόρησιν,

121 2569 185 2598 ’λλ’
240 2569 248 2579 ‘
295 2571 308 2576 ’”
379 2569 399 2595 ὲ·
440 2570 454 2576 '
587 2569 592 2579 '
695 2570 703 2580 ‘
747 2572 761 2577 “”
812 2570 818 2578 ‘
840 2569 851 2596 ἐ

116 2581 133 2598 α
173 2580 189 2597 α
204 2580 248 2597 και
262 2579 343 2596 τουτο
359 2579 378 2605 μ
398 2580 406 2595 θ
422 2579 456 2605 τῃ
480 2579 639 2596 ταπεινωσει
660 2580 704 2596 και
728 2580 768 2605 τῳ
785 2580 822 2606 μη
854 2569 940 2600 θέλειν

115 2614 336 2653 ὒπερφαίνεσθαι,
362 2612 435 2641 ἀλλὰ
459 2613 520 2651 περὶ
549 2613 598 2648 τὴν
630 2613 733 2652 μητέρα
761 2617 812 2651 γῆν
837 2614 939 2641 κυπτά-

118 2662 170 2694 ζειν
197 2659 242 2687 καὶ
271 2658 418 2686 ἐννοεῖσθαι
447 2657 660 2694 ἀναστρέψωμεν,
695 2657 740 2685 καὶ
769 2658 839 2685 οὕτω
867 2668 940 2685 κατω

119 2703 230 2742 βάλλειν
261 2706 345 2732 πᾶσαν
376 2702 487 2740 ἔπαρσιν
509 2702 555 2729 καὶ
575 2701 643 2729 ἅπαν
677 2702 805 2741 φρόνημα
826 2704 938 2741 κοῦφον,

116 2749 161 2776 καὶ
185 2750 222 2786 μή
254 2749 321 2777 κατὰ
341 2748 405 2776 Θεὸν
435 2746 663 2786 μεταρσιούμενον
682 2756 688 2763 ’
707 2746 826 2784 μάλιστα
841 2746 870 2774 δὲ
890 2746 938 2774 ἅλ-

117 2793 174 2826 λως
188 2797 222 2832 γῆ
238 2793 308 2822 πίων
321 2792 365 2821 διὰ
389 2794 438 2821 τοῦ
460 2793 498 2830 μὴ
520 2793 632 2830 πέτραις
659 2791 804 2828 πληθύειν,
822 2793 882 2820 ὅσαι
900 2792 938 2829 μὴ

117 2838 185 2876 πρὸς
198 2839 269 2866 θεῖον
298 2837 397 2877 σπόρον
422 2837 628 2873 αὐλακίζονται,
655 2835 726 2873 μηδὲ
742 2837 797 2874 μὴν
813 2836 940 2868 ἀκάνθαις

117 2881 227 2915 θάλλειν
244 2882 457 2921 συμπνιγούσαις
482 2882 515 2910 τὰ
539 2881 608 2910 κατὰ
630 2882 676 2910 τὸν
701 2882 765 2910 Θεὸν
780 2881 933 2920 σπέρματα.

994 2350 1038 2376 est
1052 2360 1059 2382 ;
1071 2347 1177 2375 deinde
1192 2349 1271 2374 terra
1286 2347 1322 2375 ad
1338 2347 1533 2375 imitationem
1545 2347 1648 2374 mundi
1663 2346 1820 2374 creationis

996 2393 1158 2421 secundum
1170 2400 1259 2428 quam
1279 2391 1384 2419 ccelum
1401 2394 1430 2419 ot
1443 2394 1522 2419 terra
1536 2393 1603 2418 ante
1619 2391 1821 2418 omniacreata

995 2439 1065 2465 sunt
1081 2446 1087 2471 ς
1104 2439 1182 2465 terra
1197 2438 1294 2464 autem
1310 2437 1409 2470 fimus,
1421 2444 1480 2464 non
1494 2436 1524 2463 in
1540 2438 1685 2471 quantum
1708 2435 1819 2471 procli-

993 2489 1054 2515 ves,
1080 2480 1207 2509 humiles
1231 2483 1259 2508 et
1288 2490 1304 2508 a
1328 2481 1467 2517 superbia
1493 2480 1596 2508 remoti
1626 2488 1741 2516 sumus,
1767 2480 1818 2509 sed

994 2529 1078 2555 terra
1091 2525 1192 2553 matris
1214 2526 1387 2553 modestiam
1412 2525 1562 2553 imitantes
1577 2533 1692 2553 omnem
1709 2525 1817 2554 fastum

995 2571 1176 2607 spiritusque
1203 2570 1305 2598 inanes
1321 2574 1347 2598 et
1364 2579 1380 2598 a
1409 2570 1467 2598 Deo
1488 2570 1629 2598 alienatos
1644 2571 1793 2606 rcjicimus
1810 2579 1818 2605 ;

995 2615 1121 2651 denique
1136 2618 1214 2643 terra
1228 2614 1345 2651 pinguis
1375 2614 1482 2650 simus,
1502 2617 1530 2642 et
1559 2614 1680 2643 minime
1705 2618 1821 2651 petrosa

995 2669 1058 2697 quae
1074 2668 1173 2688 semen
1189 2659 1319 2687 divinum
1336 2659 1448 2695 respuit
1463 2661 1492 2687 et
1519 2658 1621 2687 folium
1651 2660 1727 2687 fovet
1742 2659 1820 2695 quod

995 2713 1094 2734 semen
1109 2704 1239 2732 divinum
1260 2703 1394 2732 suifocat.
