2030 3167
143 184 203 214 ’125

641 182 680 212 ΙΝ
704 182 736 212 S.
761 181 1104 217 QUADRAGESIMAM
1126 181 1273 212 ORATIO
1294 181 1346 211 IV.

1789 181 1850 210 ’726

141 249 256 287 Γραφῶν
281 245 440 284 άναϐοῶμαι
462 249 520 278 τοῖς
546 245 740 286 τοκογλυφοις,
770 248 899 274 τοσοῦτον
920 245 966 273 αὖ-

1025 249 1136 274 ratores
1151 246 1294 280 declamo,
1310 254 1343 274 eo
1371 246 1486 282 pejores
1499 245 1589 274 futuri
1605 247 1682 280 sunt,
1713 247 1742 274 et
1771 246 1848 282 quod

140 293 183 320 τοὶ
210 289 379 320 ἐκϐαίνονται
408 292 445 322 εἷς
474 290 650 319 πολυτοκίαν·
681 291 725 319 καὶ
756 291 827 318 οὕτω
853 291 886 318 τὰ
915 290 968 327 ἐμὰ

141 336 314 371 διδασκάλια,
340 335 375 364 δι’
399 337 436 364 ὧν
459 336 632 364 ἀναστέλλειν
658 338 794 372 πειρῶμαι
817 335 854 366 ὡς
870 334 914 362 διά
926 346 966 362 τι-

141 393 189 413 νος
206 380 335 416 ἒπαοιδῆς
361 382 410 416 τήν
434 383 482 409 τοῦ
507 380 604 419 θηρίου
627 380 784 418 ἀγριότητα,
802 378 968 417 ἔμϐοήματα

141 426 302 463 κρίνονται,
332 424 366 453 δι’
395 424 431 452 ὧν
471 425 535 453 αὐτὸ
565 424 709 462 ἐρεθίζεται
735 424 893 460 καταπηδᾷν
922 425 967 452 καὶ

145 470 274 508 βλάπτειν
290 471 353 501 τοὺς
375 472 414 506 τῷ
436 472 495 506 Θιῷ
522 470 570 506 μὲν
586 468 773 506 ἠλεημένους,
789 469 923 508 ἀδελφοὺς
939 468 968 497 δὲ

141 516 209 552 ἡμῖν
238 514 446 552 λογιζομένους,
475 515 543 542 καθά
567 515 613 542 καὶ
641 515 784 552 θρέμματα
812 514 903 549 πίονα,
930 515 966 541 ὧν

140 560 186 588 καὶ
215 559 289 597 γάλα
312 559 357 587 καὶ
388 559 488 597 σάρκας
511 558 556 586 καὶ
582 558 669 596 δέρμα
682 559 727 586 καὶ
755 556 827 595 ἔριον
844 558 881 590 είς
896 559 968 596 χρή-

143 614 223 640 σιμον
246 603 272 631 οὶ
299 602 488 631 οἲκοδεσπόται
514 604 742 642 προσφερόμενοι,
757 603 802 631 καὶ
834 602 898 639 μηδ’
922 602 968 630 αὐ-

142 651 196 676 τῶν
211 650 266 676 τῶν
298 648 335 679 εἰς
363 648 465 686 βρῶσιν
491 647 610 685 ἀχρείων
633 648 812 685 ἀπεχόμενοι,
835 647 902 674 αὐτὰ
919 647 967 684 βο-

141 692 234 724 τάναις
250 692 358 731 ἀφιᾶσιν
382 691 551 732 ἐντρέφεσθαι
580 692 624 720 καὶ
642 691 770 724 θαλλοῖς.
785 695 818 719 ’Π
842 691 894 729 γὰρ
914 691 968 729 οὐχ

143 737 229 768 οὕτως
246 736 398 776 ὀφειλέταις
425 737 469 765 καὶ
496 738 578 774 ἡμεῖς
599 737 807 775 προσφερόμεθα
823 745 830 771 ;
849 735 898 764 Καὶ
917 746 968 772 μα-

142 782 248 820 κάριον,
274 781 348 820 εἴπερ
376 781 473 813 οὕτως·
500 783 544 809 νῦν
573 780 601 809 δὲ
615 782 660 809 καὶ
684 784 777 820 χεῖρον
795 780 969 818 διατιθέμεθα

143 825 184 854 ἐπ’
201 826 303 857 αὐτοῖς.
321 825 462 863 Θρέμμασι
494 826 540 863 μὶν
569 826 620 863 γὰρ
644 828 702 857 τοῖς
727 828 908 862 κτηματικοῖς
923 825 968 852 καὶ

143 869 248 898 κλίσιον
278 870 452 908 ἀνεγείρομεν
470 893 476 905 ,
505 870 550 898 καὶ
581 869 698 908 μάνδραν
728 872 864 908 γυροῦμεν
889 892 895 902 ,
923 869 966 896 καὶ

143 915 280 952 σταθμοὺς
321 915 457 953 ἒτεροίους
498 915 702 953 περιγράφομεν
721 937 728 951 ,
755 915 800 942 καὶ
838 913 967 951 συρφετὸν

148 959 349 996 κειμηλιοῦμεν
369 959 417 998 Δεἰς
452 959 556 996 τροφὴν
586 959 738 997 χειμέριον,
765 958 811 986 καὶ
840 958 967 996 ἀμέλγειν

145 1003 212 1031 αὐτὰ
233 1003 375 1040 ὀκνοῦμιν,
393 1004 438 1031 ὅτε
452 1004 466 1030 ὁ
481 1005 529 1030 τοῦ
552 1003 688 1041 γάλακτος
711 1004 803 1034 αὐτοῖς
819 1003 916 1041 ὀχετὸς
932 1003 965 1030 οὐ

145 1047 280 1084 πέπληθε·
309 1048 354 1075 καὶ
383 1048 514 1084 ποιμένας
539 1048 711 1087 ἒφιστῶντες,
738 1050 786 1075 τοῦ
800 1058 829 1075 τε
855 1048 892 1084 μή
908 1049 967 1084 ψω-

147 1095 206 1131 ριᾷν
233 1093 453 1130 προμηθούμεθα
469 1115 476 1128 ,
501 1091 554 1120 εἴτε
593 1093 638 1120 καὶ
677 1091 771 1124 ἄλλως
799 1095 941 1130 καχεκτεῖν
960 1101 966 1108 ⁸

148 1140 290 1178 κηδόμεθα
319 1140 347 1169 δὲ
374 1140 430 1176 καί,
457 1141 560 1177 πηνίκα
588 1143 684 1179 καιροῦ
699 1142 744 1169 καὶ
768 1144 818 1169 ποῖ
832 1152 897 1169 ποτε
913 1141 968 1169 λει-

149 1188 240 1222 μῶνος
269 1186 448 1223 βοσκήσονται
465 1195 471 1202 ·
500 1186 545 1213 καὶ
573 1188 622 1213 τοῦ
650 1185 724 1224 ἐρίου
753 1184 781 1213 δὲ
809 1185 943 1222 ψιλοῦμεν
961 1208 968 1221 ,

145 1229 267 1257 Suo-3'15
295 1231 387 1267 ψυχῆς
416 1228 505 1257 δάκνει
535 1228 680 1267 δριμύττον
709 1229 746 1261 είς
775 1229 895 1268 ῥίγωσιν,
919 1229 970 1258 ἆλ-

146 1273 182 1301 λᾶ
194 1274 239 1301 καὶ
255 1274 285 1301 τὸ
311 1271 382 1311 ἔριον
409 1274 560 1310 αὐτόματον
588 1274 738 1312 καταῤῥέει,
762 1274 806 1301 καὶ
828 1274 851 1301 εἰ
873 1275 910 1310 μή
925 1275 972 1302 τά·

146 1327 209 1356 χιον
239 1317 384 1357 ἀφαιρεθῇ,
411 1318 537 1350 ἀκάνθαις
566 1318 710 1356 ἁρπάζεται
739 1319 783 1346 καί
812 1318 970 1355 κολλᾶται,

1022 294 1165 327 praecepta
1180 299 1244 319 mea
1259 291 1378 326 quibus,
1396 292 1429 318 ut
1456 289 1719 325 incantationibus,
1748 291 1850 318 bestiae

1021 335 1102 363 illius
1117 336 1295 364 ferocitatem
1313 336 1432 363 domare
1446 343 1546 366 conor,
1558 343 1609 370 pro
1626 335 1707 362 inani
1723 335 1849 363 clamore

1022 380 1176 414 habentur,
1190 389 1247 416 quo
1263 380 1314 408 illa
1329 380 1473 407 excitatur
1488 379 1524 407 ad
1537 379 1736 414 proruendum
1744 388 1849 407 nocen-

1023 425 1153 461 dumque
1168 425 1204 453 iis
1220 433 1294 460 quos
1316 425 1390 452 Deus
1420 424 1576 452 miseretur
1606 426 1634 450 et
1667 423 1715 458 qui
1745 424 1849 452 fratres

1024 470 1115 497 nostri
1132 472 1301 502 censentur,
1317 472 1350 497 ut
1364 478 1430 497 oves
1444 469 1570 505 pingues
1594 476 1718 504 quarum
1747 467 1792 496 lac
1822 472 1850 497 et

1022 522 1151 547 carnem,
1168 513 1272 550 pellem
1288 516 1316 541 et
1337 514 1437 541 lanam
1455 513 1597 541 occonomi
1612 512 1643 540 in
1660 520 1747 540 usum
1758 521 1846 540 suum

1021 561 1205 594 vertunt,nec
1220 559 1256 586 iis
1272 567 1334 594 qua
1350 559 1413 587 esui
1430 567 1488 586 non
1504 558 1669 586 inserviunt
1683 559 1848 593 parcentes,

1023 603 1133 639 plantis
1149 606 1177 630 et
1195 603 1350 631 arboribus
1366 603 1563 631 stercorandis
1578 602 1731 630 adhibent.
1747 602 1850 630 Nonne

1023 656 1076 676 ῐιοι
1092 656 1208 684 quoque
1236 647 1266 675 in
1296 648 1460 675 debitorum
1486 646 1652 675 conditione
1675 646 1800 674 sumus?
1813 647 1850 674 Et

1023 692 1133 726 bene,si
1151 693 1190 720 ita
1206 692 1345 720 est.Nunc
1362 695 1458 720 autem
1475 691 1619 727 iniquiore
1633 690 1662 718 in
1682 691 1848 718 conditione

1023 745 1138 764 sumus.
1168 739 1300 772 Namque
1327 737 1481 772 pecoribus
1511 735 1662 764 stabulum
1686 735 1847 770 aperimus,

1023 781 1178 809 mandram
1198 781 1386 809 concedimus
1402 781 1431 807 in
1448 780 1570 816 campis,
1587 783 1616 807 et
1637 779 1714 815 quod
1731 781 1849 807 susten-

1022 825 1119 853 tandis
1136 826 1257 853 inservit
1273 834 1324 861 per
1344 825 1470 852 hiemem
1497 824 1658 858 offerimus,
1685 823 1754 851 lacti
1780 832 1848 859 par-

1022 873 1130 906 centes,
1148 873 1278 906 pastores
1291 869 1581 906 praeponimusJuem
1590 868 1721 904 aliosque
1731 868 1848 896 morbos

1022 915 1058 942 ab
1073 914 1110 942 iis
1126 917 1405 950 removemus,prata
1414 913 1598 949 depascendo
1607 915 1736 948 tempore
1743 920 1848 948 oppor-

1021 961 1093 987 tuno
1109 960 1292 992 recludimus,
1305 960 1371 986 lana
1388 959 1534 991 exuimus,
1548 958 1664 994 quando
1674 965 1729 985 non
1737 956 1846 993 algent,

1022 1009 1081 1036 imo
1098 1009 1242 1044 lanaipsa
1270 1009 1338 1042 exit,
1370 1010 1397 1035 et
1427 1017 1443 1036 a
1472 1007 1589 1035 carduis
1617 1007 1773 1039 laceratur,
1788 1005 1845 1032 nisi

1023 1053 1198 1088 quantocius
1212 1053 1404 1080 tondeas.Nos
1416 1054 1514 1080 autem
1527 1051 1667 1079 nihiltale
1683 1051 1711 1078 in
1728 1049 1845 1078 miseris

1023 1097 1151 1125 alumnis
1169 1097 1216 1125 Dei
1234 1097 1368 1132 facimus,
1385 1097 1454 1133 quin
1475 1097 1534 1124 imo
1552 1095 1663 1123 nullam
1679 1103 1780 1123 eorum
1796 1102 1847 1122 cu-

1024 1150 1085 1170 ram
1103 1145 1231 1177 agentes,
1248 1143 1447 1178 deportamus,
1464 1142 1553 1169 ubera
1565 1139 1758 1176 exprimimus
1774 1147 1848 1175 quo-

1024 1187 1106 1220 tidie,
1123 1187 1198 1214 fame
1221 1195 1372 1220 necamus,
1390 1187 1547 1220 nudamus,
1571 1185 1699 1217 edimus,
1729 1192 1786 1212 non
1817 1185 1849 1211 ut

1024 1231 1154 1258 vultures
1176 1232 1326 1263 cadavera,
1361 1231 1411 1258 sed
1430 1231 1506 1258 sicut
1521 1229 1626 1265 aquilas
1643 1228 1848 1256 Prometheum

1025 1276 1090 1311 rupi
1106 1275 1290 1311 impositum,
1307 1278 1334 1303 et
1350 1276 1392 1302 sic
1409 1275 1499 1302 cruda
1513 1274 1643 1302 humana
1671 1281 1758 1301 carne
1786 1280 1849 1300 ves-

1026 1328 1129 1348 clmur.

145 1363 214 1389 ὅπου
229 1362 310 1400 χρεία
325 1361 549 1398 οὖδεμία.Ἦμεῖς
565 1361 594 1389 δὲ
609 1361 684 1390 οὐδέν
702 1373 728 1390 τι
743 1365 867 1391 τοιοῦτον
883 1363 926 1391 ἐπὶ
941 1365 999 1394 τοῖς
1015 1363 1143 1395 ἐλεεινοῖς
1158 1364 1264 1395 τοῦτοις
1280 1366 1327 1391 τοῦ
1343 1366 1409 1391 Θεοῦ
1423 1362 1670 1399 ὂιοικονομούμεθα
1685 1362 1849 1399 θρέμμασιν,

143 1406 217 1434 ἀλλὰ
246 1405 382 1444 μηδεμίαν
407 1405 572 1444 κηδεμονίαν
601 1406 627 1435 ἐν
659 1408 751 1439 αὐτοῖς
782 1406 992 1445 ἐνδεικνύμενοι,
1023 1408 1211 1445 ἀποικίζομεν,
1243 1409 1401 1445 έκπιέζομεν
1436 1407 1580 1446 ὁσημέραι,
1611 1407 1850 1444 λιμαγχονοῦμεν,

143 1453 312 1489 γυμνοῦμεν,
329 1451 491 1488 ἀπεσθίομεν
511 1452 670 1490 τεραστίως,
686 1452 717 1480 οὐ
732 1454 801 1485 καθά
815 1454 897 1490 γῦπες
910 1452 1021 1490 νεκρούς
1036 1463 1118 1489 τινας,
1135 1453 1198 1481 ἀλλ’
1227 1454 1263 1484 ὡς
1293 1453 1367 1481 demi.
1390 1453 1436 1480 τὸν
1467 1452 1509 1480 ἐπὶ
1539 1452 1674 1483 σκόλοπος
1702 1451 1850 1488 Προμηθέα

140 1496 254 1531 ἐκεῖνον,
270 1496 315 1524 καὶ
331 1495 417 1529 οὕτως
431 1497 575 1534 ἁνεψήτοις
591 1497 772 1534 ἀνθρωπίνοις
789 1496 959 1536 ἆντρυφῶμεν
975 1497 1093 1536 κρέασιν.

175 1565 223 1596 νς’.
252 1564 413 1603 ’Δπάγαγε,
446 1564 621 1604 φιλάνθρωπε
654 1565 762 1604 Κύριε,
791 1567 840 1600 τήν
880 1565 965 1593 ἀπάν-

1056 1568 1101 1595 56.
1118 1568 1235 1599 Amove,
1262 1576 1372 1603 quaeso,
1400 1567 1522 1595 Domine
1550 1565 1728 1599 misericors,
1752 1572 1848 1592 mores

139 1610 248 1646 θρωπον
277 1609 377 1645 ταύτην
406 1609 580 1649 φιλοτησίαν,
609 1610 654 1638 καὶ
683 1611 782 1641 παντὸς
813 1610 860 1647 μὲν
877 1609 964 1638 ἄλλου

140 1656 304 1691 Χριστιανοῦ
321 1675 328 1687 ,
364 1653 409 1682 καὶ
451 1655 531 1691 ἡμῶν
562 1653 612 1689 δὲ,
639 1655 665 1682 οἳ
691 1655 966 1694 άνθρωποφαγοῦντες

140 1697 297 1735 ψευδόμεθα
310 1699 359 1733 τὴν
375 1700 432 1726 κατ’
456 1698 596 1736 ἄνθρωπον
623 1699 792 1737 ἡμερότητα,
818 1700 867 1731 Δὸς
896 1700 963 1736 ἡμῖν

139 1741 312 1780 λογίσασθαι,
338 1743 380 1770 ὅτι
404 1743 530 1780 κάλλιον,
558 1744 676 1780 καθάπαξ
702 1745 807 1783 ἀφεῖναι
822 1744 867 1771 τὸν
883 1743 964 1772 ἁδελ-

139 1787 190 1826 φὸν
220 1786 370 1825 ἐγχανόντα
396 1790 495 1823 θανεῖν,
523 1787 592 1826 ἤπερ
620 1787 664 1816 ἐπὶ
690 1787 762 1816 πολὺ
792 1788 966 1827 στρεύγεσθαι

139 1830 331 1868 χαλεπωτάτῳ
356 1831 442 1869 λιμῷ.
469 1831 624 1870 Ὁδήγησον
644 1834 718 1869 ἡμᾶς
733 1835 830 1868 ποιεῖν,
847 1833 861 1860 ὃ
875 1835 965 1864 κακῶς

141 1875 287 1912 δυνάμεθα.
314 1877 453 1913 Δυνάμεθα
477 1876 505 1904 δὲ
529 1877 585 1905 θεοὶ
608 1878 728 1915 γενέσθαι
752 1879 821 1905 κατὰ
844 1878 875 1905 τὸ
893 1888 965 1914 παρ-

139 1919 268 1958 άγγελμά
297 1931 355 1958 σου,
386 1932 415 1959 ες
443 1920 520 1950 οὐδὲν
549 1920 610 1949 οὔτε
639 1921 777 1958 ἀδύνατον,
804 1921 864 1950 οὔτε
886 1921 966 1957 ἄηθες

139 1964 344 2003 παραδέδωκας.
375 1965 480 2001 Δοίης,
501 1967 540 2003 μὴ
568 1969 656 1994 ποιεῖν
686 1967 770 2003 ἡμας,
801 1967 849 1994 ὅσα
876 1969 966 1997 κακῶς

139 2009 285 2046 δυνάμεθαδ
315 2010 395 2038 κακία
425 2009 453 2037 δὲ
483 2009 624 2047 δυνάμεως
650 2011 790 2046 τοιαύτης,
817 2011 849 2038 τὸ
871 2009 966 2047 δαιμο-

137 2055 184 2089 νᾷν
207 2053 251 2081 καὶ
281 2056 321 2090 τῷ
351 2052 508 2090 διδασκάλῳ
535 2055 584 2089 τῆς
614 2054 785 2091 φαυλότητος
815 2054 966 2082 ἐπακολου-

139 2101 207 2130 θεῖν.
224 2097 360 2134 Διδάξαις,
389 2098 509 2136 γίνεσθαι
533 2101 581 2126 τοῦ
611 2099 737 2137 οὐρανοῦ,
765 2098 803 2128 εἷς
832 2099 861 2126 ’ὀν
887 2098 966 2129 αὐτὸς

137 2143 317 2181 προεκαλέσω
345 2144 430 2180 ἡμᾶς,
458 2142 609 2180 κατελθὼν,
633 2142 680 2171 ’ίνα
701 2141 855 2180 ἁναϐὧμεν,
870 2153 966 2171 ταπει-

138 2188 246 2224 νωθεὶς,
263 2188 300 2218 ὡς
327 2187 358 2215 ἃν
386 2188 548 2224 ὑψωθῶμεν.
565 2188 611 2222 Μή
639 2187 728 2219 ἐάσαις
752 2189 825 2224 ἡμᾶς
840 2190 888 2215 τοῦ
901 2198 967 2225 ταρ-

138 2233 224 2269 τάρου
238 2231 368 2270 γενέσθαι,
398 2231 437 2263 εἰς
467 2233 496 2259 ὃν
524 2235 647 2269 πειρᾶται
675 2232 798 2270 κατάγειν
826 2233 840 2260 ὁ
865 2233 965 2264 ἄνωθεν

139 2276 240 2309 πεσὼν,
269 2276 313 2304 καὶ
343 2277 374 2304 τὸ
406 2277 576 2314 ἀνθρώπινον
604 2276 703 2309 ἐθέλων
733 2279 964 2315 συγκατενεγκεῖν,

137 2319 185 2348 ’ίνα
213 2321 371 2353 άπεναντίας
394 2321 434 2358 τῷ
458 2321 679 2350 ἐθέλοντιπλείω
697 2321 815 2361 γίνεσθαι
830 2323 864 2350 τὰ
889 2322 964 2358 εὐερ-

140 2365 289 2403 γιτούμενα
316 2365 451 2402 πληθυνεῖ
478 2366 558 2400 αὐτὸς
586 2367 619 2395 τὰ
649 2367 868 2405 κακοποιοόμενα
884 2389 891 2403 ,
920 2367 965 2394 καὶ

141 2409 307 2446 συμμερίτας
322 2408 374 2448 ἔχῃ
390 2410 517 2444 πλείονας
531 2415 582 2447 τῆς
597 2411 746 2444 κολάσεως.

177 2468 225 2503 νζ’.
251 2467 368 2500 ’Ὴθελον
396 2469 476 2498 εἰσέτι
505 2470 593 2499 πλείω
620 2470 766 2508 διδάσκειν,
801 2470 823 2498 ὦ
853 2470 965 2511 ἀδελφοὶ

141 2513 186 2541 καὶ
203 2511 292 2552 φίλοι,
318 2511 376 2540 ἐπεὶ
408 2513 477 2550 μηδὶ
500 2516 588 2550 πάντη
613 2516 661 2551 τήν
682 2515 751 2553 ἐμήν
767 2515 919 2554 κλεψύδραν
934 2517 966 2544 τὸ

140 2560 189 2585 τοῦ
205 2556 295 2594 λέγειν
322 2555 394 2594 ὕδωρ
420 2557 604 2588 ἐπιλέλοιπεν.
621 2560 700 2588 Ἀλλ’
729 2560 770 2588 ὅτι
785 2562 833 2589 κᾶν
857 2561 965 2593 τούτοις

140 2603 172 2630 τὸ
203 2602 312 2640 μέτριον
343 2606 555 2641 συγκροτεῖται,
589 2605 758 2643 βραχύτατόν
786 2616 812 2634 τι
841 2607 966 2644 προσθεὶς

143 2646 330 2684 πεπαύσομαι.

179 2715 231 2749 νη’.
261 2715 483 2752 Μετεχειρήσατο
511 2715 632 2743 κόσκινον
662 2716 676 2743 ὁ
704 2716 769 2748 θεός
797 2719 842 2753 ((ιύ
868 2718 968 2757 μακροῖ

147 2759 220 2786 οὗτοι
251 2759 388 2797 ένιαυτοῖ),
419 2760 454 2788 δι’
483 2760 566 2799 οὗπερ
594 2761 691 2797 ἡμᾶς,
717 2760 794 2793 ὄντας
824 2763 871 2800 μὲν
899 2764 967 2802 πρὸς

147 2803 278 2839 αλήθειαν
305 2805 394 2836 σίτους
423 2808 503 2842 Θεοῦ,
535 2805 704 2838 συνιαθέντας
732 2805 760 2834 δέ
787 2810 826 2844 τῷ
851 2808 940 2845 ἐξαιτη
957 2825 968 2830 -

149 2847 257 2885 σαμένῴ
278 2850 352 2887 ἡμᾶς
377 2853 493 2888 Σατανᾷ,
515 2850 561 2879 καὶ
586 2851 811 2890 συναναμιγέντας
835 2853 886 2881 οὐκ
901 2855 968 2892 ἁγα-

1019 1611 1093 1640 istos
1104 1612 1280 1640 inhumanos
1298 1615 1360 1640 tum
1377 1612 1412 1639 ab
1427 1612 1504 1640 omni
1531 1611 1648 1646 quidem
1669 1609 1849 1642 Christiano,

1020 1664 1087 1684 cum
1103 1665 1121 1684 a
1135 1657 1220 1685 nobis
1233 1657 1282 1693 qui
1298 1665 1384 1684 carne
1401 1657 1531 1684 humana
1544 1657 1695 1683 vescentes
1711 1662 1849 1682 mansue-

1019 1701 1115 1728 tudini
1132 1710 1196 1736 quae
1206 1702 1355 1729 hominem
1367 1701 1679 1733 decet,renuntiamus.
1699 1700 1737 1727 Da
1751 1701 1784 1727 ut
1800 1699 1848 1726 iu-

1019 1746 1188 1782 telligamus
1203 1747 1296 1774 satius
1312 1754 1376 1774 esse
1390 1746 1509 1773 fratrem
1535 1745 1566 1773 in
1593 1744 1697 1772 mortis
1724 1742 1846 1772 articulo

1020 1791 1161 1824 deserere,
1179 1799 1268 1826 quam
1286 1791 1372 1819 famis
1399 1790 1554 1818 tormentis
1580 1789 1756 1817 excruciare.
1776 1789 1848 1816 Doce

1021 1844 1073 1863 nos
1088 1836 1200 1871 operari
1218 1844 1268 1872 pro
1284 1836 1406 1863 viribus.
1421 1837 1584 1863 Possumus
1599 1836 1698 1862 autem
1729 1833 1769 1861 dii
1785 1833 1847 1861 ﬁeri

1020 1882 1094 1908 uttu
1110 1880 1172 1916 ipse
1188 1881 1296 1913 dixisti,
1315 1880 1364 1916 qui
1391 1880 1463 1907 nihil
1486 1882 1590 1907 contra
1615 1878 1768 1906 facultates
1796 1880 1847 1905 aut

1021 1933 1117 1953 mores
1132 1924 1344 1952 instituisti.Ne
1361 1925 1514 1961 permittas
1531 1924 1617 1952 nobis
1633 1922 1846 1951 faceremalum

1021 1970 1356 2006 quodcunque,d&3m0ni
1368 1970 1507 2004 magistro
1521 1967 1717 2004 perversitatis
1732 1968 1847 1995 obtem-

1020 2015 1159 2046 perando.
1172 2014 1247 2041 Doce
1263 2022 1315 2041 nos
1332 2014 1461 2042 cmlestes
1474 2014 1546 2046 lieri,
1563 2013 1702 2049 quoniam
1728 2014 1760 2040 tu
1783 2013 1847 2048 ipse

1021 2057 1050 2084 in
1066 2057 1171 2085 caelum
1184 2066 1236 2085 nos
1252 2059 1373 2090 vocasti,
1390 2062 1418 2086 et
1429 2059 1555 2086 adventu
1572 2061 1622 2085 tuo
1638 2057 1731 2084 fecisti
1754 2059 1785 2084 ut
1796 2065 1847 2083 nos

1021 2102 1263 2135 ascenderemus;
1281 2103 1330 2137 qui
1348 2105 1374 2129 te
1390 2102 1554 2129 humiliasti
1579 2103 1611 2129 ut
1636 2109 1688 2128 nos
1704 2100 1845 2128 exaltare-

1021 2153 1097 2174 mur.
1114 2146 1154 2173 No
1170 2146 1249 2174 sinas
1261 2155 1314 2174 nos
1331 2147 1431 2174 tartari
1455 2146 1566 2173 incolas
1582 2145 1655 2179 fieri,
1673 2145 1702 2172 in
1718 2152 1803 2180 quem
1821 2143 1846 2172 is

1021 2190 1194 2225 quicmlitus
1210 2191 1310 2226 lapsus
1333 2194 1377 2218 est
1393 2199 1446 2218 nos
1458 2190 1598 2226 projicere
1627 2191 1730 2222 tentet,
1753 2197 1846 2225 genus

1021 2234 1173 2263 hominum
1191 2236 1405 2269 destructurus,
1418 2238 1445 2262 et
1460 2235 1510 2271 qui
1526 2234 1602 2262 mala
1618 2232 1794 2269 multiplicat
1813 2235 1846 2261 ut

1020 2288 1053 2308 eo
1067 2279 1152 2316 plura
1172 2280 1312 2308 beneficia
1328 2283 1490 2315 emergant,
1507 2282 1535 2308 et
1550 2282 1582 2307 ut
1598 2287 1631 2307 eo
1644 2278 1743 2315 plures
1772 2278 1843 2306 adu-
1876 2295 1880 2298 σ

1020 2324 1137 2353 lationis
1154 2327 1303 2353 consortes
1318 2325 1433 2353 habent.

1055 2475 1100 2503 57.
1116 2474 1201 2502 Plura
1215 2474 1310 2502 adhuc
1326 2475 1420 2502 dicere
1435 2474 1464 2502 iu
1480 2474 1578 2501 animo
1603 2474 1675 2506 erat,
1705 2480 1720 2500 ο
1741 2472 1844 2500 fratres

1021 2521 1049 2547 et
1063 2520 1161 2553 amici,
1180 2527 1237 2546 non
1253 2519 1331 2546 enim
1361 2522 1478 2555 tempus
1508 2517 1747 2546 sermocinationi
1774 2525 1844 2545 mea;

1021 2571 1194 2591 concessum
1212 2564 1332 2591 efﬂuxit.
1345 2564 1399 2591 Sed
1413 2571 1479 2591 cum
1493 2563 1598 2590 modus
1614 2561 1685 2589 mihi
1701 2562 1846 2590 tenendus

1022 2611 1077 2642 est,
1092 2617 1238 2644 perpauca
1253 2609 1386 2636 addendo
1407 2607 1627 2642 ﬁnemﬁicendi
1643 2607 1756 2634 faciam.

1058 2720 1102 2748 58.
1119 2722 1255 2748 Vanuum
1271 2724 1356 2755 Deus,
1378 2721 1518 2757 proximis
1533 2720 1639 2756 elapsis
1651 2719 1736 2747 annis
1752 2717 1846 2746 mani-

1024 2764 1144 2801 pulavit,
1160 2774 1218 2801 qua
1249 2775 1311 2802 nos,
1341 2766 1470 2794 veritatis
1495 2765 1530 2793 ad
1555 2765 1646 2792 Deum
1663 2764 1844 2792 frumentum

1025 2810 1115 2838 factos
1131 2812 1158 2837 et
1174 2811 1286 2838 Satanae
1303 2819 1389 2847 opere
1417 2809 1521 2838 semini
1547 2809 1623 2837 malo
1648 2807 1750 2836 mundi
1771 2807 1844 2836 ulte-

1024 2853 1110 2883 rioris
1127 2855 1273 2884 immistoe
1290 2856 1366 2885 sicut
1380 2856 1476 2884 bonus
1490 2853 1617 2890 agricola
1632 2853 1845 2889 dijudicavit,ct
