2030 3167
135 199 195 228 ’129

640 201 691 231 DE
711 200 957 231 EMENDANDA
981 199 1334 241 VITAjMONACHlCA.

1779 201 1840 232 730

772 385 1200 466 EJUSDEM

466 532 538 574 DE
569 533 908 576 EMENDANDA
938 533 1077 577 Vl'llA
1111 533 1457 577 MONACHICA.

127 727 180 764 Τοῦ
240 725 323 764 apros
377 727 525 755 Εὐσταθίου
554 763 558 764 ν
583 727 781 764 Θεσσαλονίκης
834 729 952 756 ἐπίσκε-

166 763 230 806 ψξςΙ
256 762 317 799 βίου
362 766 513 801 μοναχικοῦ
552 763 595 791 ἐπὶ
631 762 773 803 διορθώσει
808 767 862 792 τῶν
892 765 954 802 περὶ

166 807 259 826 αυτον.

163 859 196 887 α’.
214 859 246 885 Ὦ
277 857 398 897 ἀκριϐεῖς
428 861 566 899 μοναχοί·
595 863 617 888 ὦ
646 861 758 897 ἀληθεῖς
787 865 929 900 Ναζιραῖοι
948 872 954 879 ⁸

128 903 150 930 ὦ
167 903 355 941 ἀναχωρηταί”
374 905 396 932 ὦ
417 906 466 939 τὴν
491 903 594 942 τύρϐην
618 907 664 943 μὲν
690 906 816 937 λιπόντες
840 908 884 934 καὶ
909 907 956 934 τὸν

128 948 198 975 κατὰ
222 948 282 984 βίον
308 949 410 986 ἀγῶνα,
437 951 486 982 τῆς
511 953 610 988 γωνίας
635 950 664 978 δὲ
685 950 729 979 διὰ
750 951 796 979 τὸν
821 952 886 979 Θεὸν
912 962 956 989 γε-

128 992 240 1028 νόμενοι
258 1001 264 1008 '
294 993 340 1020 καὶ
369 993 475 1030 κόσμου
509 994 555 1031 μὶν
585 995 784 1027 ἀπαναστάντες
801 1017 808 1030 ,
837 998 896 1032 Θεῷ
930 994 958 1023 δὲ

129 1038 390 1074 προσ-χωρήσαντες,
415 1038 460 1071 καὶ
483 1040 517 1075 τῇ
542 1040 698 1076 καταμόνας
725 1040 829 1078 ἡσυχίᾳ
847 1040 957 1078 πράξεσι

128 1081 284 1118 θεαρέστοις
315 1081 546 1120 ἐγγυμνασάμενοι
576 1084 644 1121 πρὸς
673 1083 820 1121 ἐντέλειαν,
849 1085 894 1112 καὶ
923 1087 957 1122 τῇ

131 1124 232 1162 θεωρίᾳ
246 1124 422 1158 ἐπαναϐάντες
446 1127 484 1158 εἲς
509 1128 539 1155 τὸ
566 1127 695 1166 ἀγχίθεον
721 1129 766 1156 καὶ
782 1129 869 1160 οὕτως
886 1129 958 1168 ἰσάγ-

129 1169 223 1207 γελον·
240 1170 285 1198 καὶ
310 1172 359 1206 τήν
385 1172 433 1208 μὲν
452 1171 526 1200 κάτω
549 1171 673 1200 δουλείαν
699 1173 888 1210 ἀπειπάμενοι,
913 1174 958 1202 καὶ

129 1215 175 1241 τὸν
203 1217 253 1249 τῆς
278 1215 374 1246 κακίας
399 1215 486 1247 οὕτως
511 1215 632 1255 ἄρχοντα
660 1216 848 1257 διεκφυγόντες
878 1218 957 1246 εὐλο-

129 1258 210 1295 γητοὶ
228 1257 383 1299 δραπέται,
403 1263 445 1297 τῷ
474 1260 504 1289 δὲ
529 1260 614 1292 ὅντως
640 1262 809 1299 ἐλευθερωτῇ
837 1263 957 1300 Δεσπότῃ

129 1302 374 1340 προσδραμόντες,
404 1305 448 1332 καὶ
488 1307 541 1333 τῶν
580 1306 685 1343 γηΐνων
712 1306 895 1343 ἀλλαξάμενοι
923 1308 958 1335 τὰ

130 1347 253 1385 οὐράνια·
271 1349 293 1375 ὦ
316 1349 408 1376 τοίνυν
433 1350 510 1385 ὑμεῖς
537 1349 608 1377 ὅσιοι
631 1352 672 1386 τῷ
692 1353 760 1387 Θεῷ,
775 1351 820 1378 καὶ
836 1352 894 1379 ἀντὶ
909 1362 956 1379 κο-

130 1391 308 1429 σμοπολιτῶν
336 1393 548 1431 οὐρανοπολῖται
561 1417 568 1430 ,
591 1395 716 1422 ἀκούοιτέ
746 1406 798 1432 μου
822 1396 955 1433 εὐμενῶς,
971 1415 995 1448 Β

132 1447 149 1448 7
157 1447 162 1448 γ
172 1447 178 1448 κ
187 1442 198 1448 ιι
206 1447 210 1448 ν
242 1437 247 1448 7
328 1437 338 1448 Χ
365 1437 376 1448 \
386 1441 400 1447 οι
518 1438 525 1447 \
604 1438 611 1448 \
664 1439 671 1448 θ
743 1443 756 1448 υ
834 1442 856 1448 λ.
885 1442 892 1448 ι
924 1444 938 1448 -

128 1437 299 1474 προθεμένου
328 1437 447 1473 λαλῆσαι
476 1438 545 1476 πρὸς
570 1438 635 1470 τοὺς
662 1439 688 1467 ἐν
710 1443 769 1471 τοῖς
797 1442 856 1468 καθ’
880 1442 955 1478 ἡμᾶς

131 1481 278 1519 ἀνομοίους
292 1484 327 1520 τῇ
353 1482 379 1510 ἐν
405 1483 469 1519 ὑμῖν
494 1482 630 1519 πολιτείᾳ,
649 1484 692 1511 οιαὶ
713 1484 839 1523 ἐγκράξαι
862 1485 955 1516 αὐτοῖς

129 1526 376 1564 ἀποπλανωμένοις
401 1530 450 1563 τῆς
477 1525 584 1566 τρίϐου,
601 1529 631 1562 ἣν
663 1529 741 1565 ὑμεῖς
768 1528 881 1562 εἵλεσθε·
911 1529 955 1557 καί

132 1581 178 1607 μοι
211 1571 359 1609 συνάρασθε
386 1575 436 1607 τῆς
465 1572 629 1610 προθέσεως,
655 1572 681 1600 εἴ
697 1583 756 1605 πως
783 1574 954 1610 βελτιωθεῖεν

129 1617 184 1642 τῶν
199 1626 268 1647 τινες
283 1617 346 1654 περὶ
361 1616 421 1653 ἐμὲ,
438 1617 479 1648 οἷς
504 1616 568 1644 οὐδὲ
587 1617 781 1655 ἀποκρύψομαι
805 1617 887 1653 τήνδε
904 1619 954 1654 τὴν

129 1658 240 1694 λαλιὰν,
265 1659 328 1688 ἀλλ’
349 1661 387 1692 εἷς
411 1660 528 1698 ἐμφανὲς
551 1661 722 1698 ἀναμνήσας,
747 1662 765 1696 ἢ
789 1662 955 1690 ἀνακαλέσο-

132 1714 180 1741 μαι
194 1705 244 1740 τῆς
258 1702 429 1742 ἀϐελτερίας,
444 1706 462 1740 ἢ
479 1705 552 1734 ἀλλὰ
575 1707 605 1734 τὸ
629 1708 693 1745 γοῦν
718 1706 784 1744 ἐμὸν
800 1707 954 1743 ἀποπλήσω

129 1748 224 1787 χρέος,
252 1750 297 1777 καὶ
322 1749 442 1788 ἐλέγξω,
469 1751 513 1778 καὶ
543 1752 745 1788 ἀνεπιτιμήτως
773 1751 954 1789 παρακαλέσω

132 1794 272 1831 (ἐπιτιμᾷν
286 1794 336 1834 γὰρ
361 1795 453 1827 αὐτοῖς
477 1795 526 1824 οὐκ
541 1795 635 1834 ἔστιν),
653 1797 690 1827 ὡς
705 1795 768 1824 οὐδὲ
782 1800 841 1829 τοῖς
856 1797 912 1833 πλη
919 1808 955 1834 μ-

133 1838 225 1875 μελῶς
252 1839 423 1878 πεπληγόσιν
448 1841 487 1872 εἱς
523 1841 605 1878 βάθος
634 1840 779 1869 ἐπισπάσαι
809 1841 883 1879 ῥίζας
912 1853 956 1870 πι-

128 1884 207 1921 κρὰς,
228 1884 246 1919 ἢ
272 1883 370 1922 δριμέα
392 1884 567 1923 προσπλάσαι
593 1886 721 1924 φάρμακα
737 1896 744 1904 ⁸
761 1886 806 1914 καὶ
818 1887 887 1919 τέως
901 1886 953 1925 πρό

127 1938 158 1965 γι
179 1931 234 1956 τῶν
259 1928 353 1957 ἄλλων
377 1931 489 1966 μνήμην
518 1930 613 1962 αὐτοῖς
641 1930 805 1959 ἀνακαινίσω
828 1934 876 1958 τοῦ
891 1942 954 1959 σκο-

127 1975 192 2010 ποῦ,
216 1975 274 2001 καθ’
297 1974 326 2002 ὃν
350 1973 513 2010 ἀπελέξαντο
537 1975 586 2010 τὴν
611 1976 710 2010 λαϊκήν
734 1977 890 2011 κοινότητα,
908 1976 953 2004 καὶ

127 2018 159 2045 τὸ
188 2017 259 2046 οὕτω
283 2019 415 2056 κοσμικὸν
440 2017 589 2046 κοινόϐιον·
614 2020 659 2047 καὶ
686 2020 724 2051 εἷς
747 2020 894 2057 ἐνθύμησιν
925 2020 953 2048 δὲ

127 2062 285 2100 ἄνα-κομίσω
311 2065 366 2090 τῶν
395 2062 581 2102 ὑποσχέσεων,
610 2063 640 2094 ἃς
668 2066 717 2091 τοῦ
741 2063 867 2101 δευτέρου
893 2064 953 2102 βίου

969 731 996 764 Α
1011 731 1140 767 Ejusdem
1167 732 1312 759 Eustathii
1337 732 1581 760 Thessalonicensis
1595 733 1663 761 vita
1676 733 1836 760 monasticae

1046 767 1231 804 consideratio
1268 769 1304 795 ad
1343 769 1559 797 emendationem
1597 777 1691 797 eorum
1727 769 1775 804 qui
1808 769 1836 795 ei

1047 811 1146 831 nomen
1160 803 1302 832 dederunt.

1048 865 1073 892 1.
1090 865 1112 893 Ο
1128 866 1240 893 strenui
1256 867 1402 901 monachi,
1418 875 1434 894 ο
1449 866 1506 894 veri
1532 865 1662 899 Nazirezi,
1678 874 1694 893 ο
1710 865 1836 894 anacho-

1012 911 1080 937 retaa
1093 909 1098 936 !
1113 918 1165 938 vos
1181 911 1230 947 qui
1249 911 1351 938 mundi
1378 913 1408 939 et
1421 912 1485 939 vitae
1502 910 1611 939 relictis
1627 911 1717 945 curis,
1734 910 1836 946 anguli

1010 961 1078 981 vero
1103 959 1221 991 propter
1247 958 1338 983 Deum
1354 956 1544 989 habitatores,
1561 964 1576 983 e
1591 956 1701 983 mundo
1717 955 1836 990 quidem

1013 999 1185 1032 recessistis,
1206 999 1264 1027 Deo
1289 1007 1356 1027 vero
1381 1000 1659 1036 appropinquantes,
1685 999 1716 1026 in
1736 997 1837 1026 solita-

1013 1042 1055 1070 ria
1070 1043 1285 1078 tranquillitate
1314 1043 1452 1079 operibus
1477 1046 1533 1071 Deo
1548 1043 1638 1079 gratis
1653 1051 1704 1070 vos
1718 1042 1754 1070 ad
1770 1050 1836 1078 per-

1012 1086 1166 1115 fectionem
1183 1091 1360 1121 exercentes,
1372 1090 1401 1116 et
1411 1087 1657 1123 contemplatione
1672 1087 1707 1114 ad
1723 1086 1836 1113 cultum

1014 1130 1074 1157 Deo
1091 1131 1256 1166 propiorem
1280 1133 1308 1159 et
1332 1131 1373 1159 sic
1388 1131 1500 1167 angelis
1516 1139 1615 1167 parem
1632 1131 1835 1164 ascendentes,

1012 1176 1150 1202 terrestre
1178 1176 1296 1211 quidem
1326 1176 1477 1203 servitium
1494 1178 1660 1209 renuentes,
1673 1177 1700 1202 et
1715 1174 1834 1202 malitia

1012 1218 1054 1246 sic
1069 1219 1232 1255 principem
1249 1220 1551 1256 fugientes,benedicti
1567 1219 1726 1255 transfugae
1742 1219 1777 1246 ad
1789 1227 1836 1246 ve-

1012 1271 1077 1289 rum
1093 1263 1277 1291 liberatorem
1298 1264 1455 1291 Dominum
1471 1266 1623 1291 currentes
1637 1265 1666 1290 et
1685 1263 1835 1291 terrestria

1011 1307 1181 1336 omlestibus
1196 1308 1404 1342 immutantes;
1423 1317 1438 1336 o
1453 1317 1504 1336 vos
1522 1308 1634 1344 igitur’
1656 1310 1711 1336 Deo
1727 1307 1835 1335 sacrati

1011 1353 1040 1378 et
1055 1351 1212 1380 mundum
1227 1352 1418 1380 habitationis
1434 1352 1497 1380 loco
1511 1352 1629 1386 caelites,
1646 1352 1771 1388 benigne
1787 1360 1835 1380 me

1011 1395 1120 1430 audite,
1133 1396 1183 1432 qui
1207 1396 1243 1424 ad
1267 1397 1427 1425 dissimiles
1443 1397 1518 1425 inter
1533 1406 1587 1425 nos
1601 1397 1637 1425 ab
1651 1397 1834 1424 ordinatione

1010 1440 1191 1476 vestraloqui
1201 1443 1373 1477 propono,et
1384 1441 1463 1478 ipsos
1472 1450 1618 1478 argueres
1628 1441 1733 1470 semita
1744 1449 1832 1477 quam

1010 1493 1061 1512 vos
1089 1484 1218 1521 elegistis
1246 1485 1413 1514 deviantes:
1443 1489 1472 1514 et
1499 1487 1647 1522 proposito
1676 1494 1740 1514 meo
1763 1494 1834 1514 con—

1011 1529 1118 1557 formes
1145 1529 1220 1563 sitis,
1251 1531 1277 1558 si
1300 1531 1372 1558 forte
1388 1530 1523 1559 meliores
1546 1531 1691 1559 evaserint
1713 1530 1833 1566 quidam

1011 1574 1046 1601 de
1062 1573 1108 1601 his
1119 1574 1168 1610 qui
1185 1576 1282 1610 partes
1298 1583 1378 1602 meas
1388 1577 1507 1609 tenent;
1524 1578 1552 1603 et
1567 1575 1675 1611 quibus
1685 1574 1740 1602 hoc
1748 1573 1834 1602 collo-

1011 1618 1113 1654 quium
1143 1627 1202 1646 non
1231 1619 1341 1653 celabo,
1358 1620 1409 1647 sed
1438 1619 1468 1646 in
1491 1619 1586 1647 lucem
1603 1619 1767 1654 producens
1783 1619 1834 1646 aut

1011 1663 1047 1691 ab
1063 1662 1233 1699 insipientia
1259 1664 1400 1691 revocabo
1414 1666 1466 1691 aut
1476 1663 1559 1692 aliter
1574 1663 1669 1691 ofﬁcio
1686 1671 1750 1691 meo
1765 1671 1833 1699 per-

1011 1708 1117 1742 fungar
1132 1710 1160 1735 et
1189 1716 1311 1744 arguam
1327 1710 1356 1736 et
1376 1708 1672 1743 irreprehensihiliter
1686 1707 1833 1735 advocabo

1011 1746 1236 1787 (reprehendere
1265 1752 1343 1780 enim
1365 1751 1431 1780 illos
1451 1760 1507 1780 non
1525 1751 1602 1787 licet)
1618 1753 1758 1787 tanquam
1776 1760 1833 1779 non

1010 1796 1050 1824 sit
1074 1796 1279 1824 convenienter
1292 1796 1349 1824 alte
1363 1805 1570 1833 percussorum
1585 1796 1699 1824 radices
1716 1804 1832 1824 amaras

1009 1841 1178 1876 extraxissc,
1202 1843 1253 1869 aut
1276 1841 1381 1870 acerba
1409 1841 1623 1869 medicamenta
1646 1841 1831 1875 confecisse;

1009 1888 1038 1914 ct
1049 1888 1120 1914 tunc
1135 1888 1201 1914 ante
1225 1886 1282 1914 alia
1302 1886 1473 1914 memoriam
1501 1886 1574 1922 ipsis
1597 1886 1736 1914 reducam
1752 1885 1832 1921 scopi

1009 1933 1128 1967 propter
1142 1939 1229 1967 quem
1245 1931 1353 1959 laicum
1383 1931 1602 1965 commercium,
1617 1933 1646 1958 et
1665 1930 1732 1958 licet
1745 1938 1834 1958 mun-

1009 1976 1115 2004 danam
1133 1984 1319 2004 communem
1335 1976 1423 2004 vitam
1439 1975 1607 2011 elegerunt;
1625 1977 1653 2003 et
1672 1976 1702 2003 in
1718 1975 1832 2003 deside-

1009 2019 1086 2046 rium
1102 2019 1235 2046 invehan:
1269 2020 1499 2054 promissionum
1522 2027 1598 2055 quas
1615 2019 1750 2047 secundae
1765 2019 1830 2046 vitas

1009 2066 1076 2091 ante
1092 2065 1208 2099 tempus
1224 2063 1370 2092 solverant
1397 2072 1494 2092 coram
1511 2064 1699 2092 sanctissimo
1718 2071 1832 2099 praepo-

126 2105 364 2145 προκατεϐάλοντο
391 2108 432 2135 ἐπ’
456 2108 539 2135 αὐτοῦ
568 2109 721 2146 ἁγιωτάτου
745 2108 868 2147 ἀρχείου,
893 2107 953 2141 ἔνθα

1011 2107 1132 2135 sitorum
1148 2111 1235 2142 coetu,
1252 2108 1302 2136 ubi
1331 2108 1391 2144 regi
1421 2109 1549 2136 maximo
1565 2111 1622 2136 Deo
1642 2116 1709 2136 cum
1725 2115 1830 2135 convo-

129 2152 237 2190 βασιλεῖ
265 2152 384 2192 μεγίστῳ
412 2155 451 2190 τῷ
477 2155 535 2190 Θεῷ
564 2153 608 2181 ἐπὶ
635 2152 791 2192 συγκλήτου
817 2155 866 2188 τῆς
894 2154 952 2182 κατ’

127 2196 206 2225 αὐτὸν
223 2197 359 2233 ἐτάξαντο.

162 2242 196 2279 β’.
221 2241 328 2270 Τούτων
359 2241 388 2270 δὲ
412 2238 648 2280 προϐεϐλημένων
667 2264 674 2278 ,
700 2246 751 2278 τῆς
777 2243 929 2281 προθέσεως
945 2266 952 2279 ,

126 2285 210 2326 λέγω,
225 2287 255 2322 ἣν
283 2287 406 2319 ἑκάστοις
422 2287 436 2314 ὁ
452 2289 517 2319 νοῦς
545 2286 676 2323 ὠδίνησε,
699 2286 744 2315 καί
767 2291 817 2323 τῆς
833 2288 952 2326 ὑποσχέ-

125 2323 206 2367 σεως,
227 2332 258 2366 ἣν
284 2332 419 2369 ἀπέτεκεν,
442 2331 561 2372 ἐκφήνας
587 2331 668 2364 αὐτὰς
692 2332 730 2363 εἰς
754 2335 855 2371 γνῶσιν
885 2323 954 2360 £921,-

125 2385 190 2403 πιον
219 2375 390 2413 ἀνθρώπων,
420 2376 467 2409 οὓς
492 2378 507 2404 ὁ
536 2377 632 2409 καθένα
659 2375 772 2416 ἤθροισε
799 2378 952 2415 πανηγυρί-

127 2429 223 2450 σοντας
251 2420 294 2448 ἐπὶ
322 2424 357 2458 τῇ
386 2421 469 2450 αὐτοῦ
498 2422 632 2460 σωτηρίᾳ,
661 2423 706 2450 καὶ
731 2422 784 2460 πρό
806 2433 837 2461 γε
864 2422 951 2451 αὐτῶν

125 2463 170 2493 ἐπὶ
196 2466 275 2499 Θεοῦ,
299 2465 344 2492 καὶ
369 2468 420 2494 τῶν
445 2466 527 2494 αὐτοῦ
552 2467 685 2506 ἀγγέλων,
702 2467 759 2495 εἶτα
779 2467 952 2505 προενέγκω-

128 2520 176 2547 μαι
193 2509 232 2538 εἰς
249 2508 352 2542 ἔκθεσιν
380 2510 430 2538 οὐκ
451 2509 698 2550 ἀμφιϐαλλομένην
726 2512 771 2540 καὶ
795 2511 858 2543 τοὺς
876 2512 951 2550 βίους

125 2554 170 2582 καὶ
198 2554 246 2586 τὰς
270 2554 423 2591 πολιτείας,
451 2556 488 2583 ὧν
515 2555 636 2594 γίνονται
663 2558 689 2584 οἱ
711 2556 817 2585 ἐνδατοὶ
835 2556 952 2595 μοναχοὶ

127 2601 195 2637 μετᾶ
207 2601 257 2636 τὴν
279 2599 328 2628 τοῦ
350 2599 455 2637 κόσμου
470 2599 644 2638 ἀπαλλαγήν·
660 2603 698 2633 ὡς
713 2601 756 2636 ἂν,
773 2601 797 2629 εἷ’
818 2602 865 2638 μὲν
881 2600 952 2629 καλά

125 2647 247 2680 ποιοῦσι,
276 2645 321 2672 καὶ
351 2645 427 2682 ὑμῶν
453 2647 506 2672 τῶν
535 2645 617 2683 ἁγίων
648 2647 717 2682 ἄξια,
748 2647 816 2684 πρὸς
840 2645 887 2677 οὓς
914 2646 952 2677 ὡς

125 2689 265 2728 ἀρχέτυπα
289 2692 347 2722 θεῖα
372 2692 518 2718 τυποῦνται
543 2689 588 2718 καὶ
611 2691 770 2729 γράφονται,
794 2691 863 2723 καθὰ
885 2690 952 2728 πέμ-

125 2745 206 2762 πουσι
237 2734 360 2771 δόκησιν,
389 2734 592 2773 ἐπευλογήσητε
621 2734 730 2771 αὐτοὺς,
759 2735 803 2764 καὶ
827 2736 861 2763 τὰ
888 2734 953 2774 ἔργα

122 2781 178 2807 τῶν
203 2782 305 2818 χειρῶν
331 2780 419 2808 αὐτῶν
443 2780 626 2808 κατευθυνεῖτε
642 2801 649 2815 ,
675 2779 822 2817 ψαλμικῶς
852 2780 949 2815 εἴπεῖν,

125 2823 166 2852 ἐπ’
188 2824 296 2856 αὐτούς.
323 2824 356 2854 Et
385 2824 414 2852 δὲ
442 2825 479 2856 ὠς
509 2823 698 2862 ἐκλαθόμενοι,
723 2824 764 2853 ὅτι
792 2825 948 2863 μονάζουσι,

125 2869 212 2897 πάντα
233 2867 321 2897 τόίλλα
342 2871 476 2906 ποιοῦσιν,
502 2869 573 2909 ἤπερ
594 2870 626 2898 τὸ
650 2870 788 2908 προτεθὲν,
805 2871 822 2906 ἣ
841 2870 948 2899 οἰκονο-

1007 2155 1071 2180 cato
1087 2154 1161 2180 coetu
1174 2152 1223 2188 qui
1240 2153 1290 2180 Dei
1304 2155 1348 2181 est
1359 2153 1485 2181 ordinati
1500 2155 1580 2180 sunt.

1042 2242 1069 2269 2.
1086 2241 1136 2269 His
1159 2240 1330 2277 praemissis,
1348 2241 1499 2277 propositi,
1516 2241 1591 2277 dico,
1608 2241 1686 2276 quod
1702 2240 1828 2277 singulis

1007 2293 1091 2314 mens
1119 2285 1283 2322 parturivit,
1311 2288 1339 2314 et
1367 2285 1573 2322 promissionis
1602 2293 1691 2321 quam
1717 2285 1830 2321 peperit

1006 2330 1072 2358 illas
1101 2330 1131 2358 in
1158 2330 1352 2366 cognitionem
1375 2331 1521 2358 amittens
1540 2338 1638 2358 coram
1659 2329 1829 2357 hominibus

1007 2383 1081 2412 quos
1096 2375 1183 2403 unius
1197 2384 1278 2404 more
1293 2375 1479 2412 congregavit
1507 2375 1614 2403 festum
1638 2376 1758 2410 agentes
1777 2382 1829 2410 pro

1007 2410 1115 2448 mentis
1142 2420 1275 2455 ejusdem
1292 2410 1441 2454 salu—to,vet
1465 2421 1531 2448 ante
1546 2419 1646 2447 eninia
1662 2428 1713 2455 pro
1729 2421 1785 2446 Deo
1801 2421 1830 2446 et

1007 2465 1122 2501 angelis
1150 2465 1225 2500 ejus,
1255 2464 1359 2493 deinde
1387 2465 1417 2492 in
1446 2464 1682 2501 explanationem
1717 2464 1829 2492 adduco

1006 2510 1130 2538 minime
1160 2509 1280 2537 dubiam
1319 2512 1348 2538 et
1376 2509 1450 2538 vitas
1488 2511 1517 2537 et
1549 2509 1668 2545 regendi
1701 2508 1830 2537 rationes

1007 2563 1133 2591 quarum
1148 2554 1306 2591 participes
1321 2555 1396 2582 ﬁunt
1410 2554 1553 2591 indigena!
1567 2554 1700 2582 monachi
1713 2555 1780 2590 post
1787 2561 1831 2582 se-

1006 2599 1188 2636 parationem
1199 2609 1216 2627 a
1232 2599 1342 2627 mundo
1356 2612 1363 2634 ;
1383 2600 1424 2627 ita
1439 2601 1470 2627 ut
1487 2599 1510 2627 si
1527 2599 1646 2635 quidem
1662 2599 1739 2626 bona
1759 2606 1829 2634 ope-

1006 2647 1109 2673 rantur
1122 2646 1149 2672 et
1164 2644 1251 2672 vestri
1266 2646 1439 2672 sanctorum
1467 2644 1557 2680 digna
1579 2653 1631 2680 pro
1652 2643 1760 2679 quibus
1782 2651 1828 2670 ar-

1007 2690 1130 2726 chetypa
1144 2689 1242 2717 divina
1266 2689 1473 2725 insculpentur
1487 2692 1538 2718 aut
1558 2689 1736 2720 scribantur,
1753 2686 1830 2715 sicut

1007 2735 1147 2763 emittunt
1169 2734 1428 2770 exspectationem,
1445 2742 1495 2763 eos
1521 2734 1684 2763 benedicite
1699 2735 1727 2760 et
1741 2739 1830 2767 opera

1006 2788 1149 2809 manuum
1165 2787 1266 2807 eorum
1295 2779 1412 2816 dirigite
1441 2788 1530 2816 super
1558 2787 1618 2813 eos,
1633 2780 1667 2806 ut
1690 2777 1729 2805 ait
1745 2775 1828 2804 Psal-

1003 2824 1099 2853 mista.
1111 2824 1142 2852 Si
1157 2831 1223 2852 vero
1247 2826 1390 2860 tanquam
1405 2824 1488 2852 obliti
1504 2824 1582 2860 quod
1599 2821 1733 2852 monachi
1747 2823 1827 2856 sunt,

1005 2869 1105 2898 omnia
1119 2868 1176 2897 alia
1191 2868 1302 2896 faciunt
1328 2867 1405 2897 sicut
1427 2867 1612 2905 propositum
1628 2868 1684 2903 est,
1699 2867 1752 2895 aut
1766 2865 1827 2893 dis-
