2030 3167
223 188 277 217 ’731

613 187 822 218 EUSTATHII
845 186 1230 218 THESSALONICENSIS
1254 185 1544 218 METROPOLITE

1874 187 1937 217 133

227 257 348 290 ponsete
363 253 572 281 correctionem
589 261 652 289 quas
674 254 747 290 ipsis
763 253 911 289 competit,
929 253 1042 281 abolen-

1107 262 1213 288 μησητε
1241 250 1384 290 διορθωσιν
1415 252 1465 286 τὴν
1492 251 1533 279 ἐπ’
1563 251 1672 288 αὐτοῖς,
1702 259 1937 290 καταργησαντες,

224 301 268 326 tes
284 307 346 334 qua:
375 298 484 334 operati
516 301 586 326 sunt
603 307 609 326 :
625 301 675 326 aut
691 298 762 326 alias
779 307 829 334 pro
846 299 931 326 nobis
946 306 1048 334 opera-

225 343 296 371 mini
313 352 362 379 pro
379 343 436 371 Deo
466 343 610 379 legatione
637 344 800 379 fungentes,
817 343 921 370 animm
937 343 1049 370 sereni-

223 390 324 421 tatem,
343 388 411 423 quia
427 396 504 415 nunc
520 396 575 415 non
593 387 620 414 in
640 387 752 415 malitia
768 388 1048 422 stetiruu5,quorum

222 432 377 469 perniciosi
390 431 678 468 ngituntventi,sicut
689 433 994 466 videmus,salutarem
1008 431 1047 459 si-

222 477 359 513 num,qui
371 477 452 504 solus
463 477 505 505 eis
516 477 563 512 qui
574 486 589 504 e
601 478 664 504 vitae
677 478 750 504 mari
759 477 911 513 appellunt
921 477 955 504 ad
968 485 1048 504 secu<

222 530 270 549 ros
282 524 395 557 portus,
413 521 530 549 brachia
555 521 689 555 otl‘erens,
706 521 847 549 salutaria
863 521 1009 558 proponit.

257 576 283 603 3.
306 576 407 611 Itaque
431 583 447 602 a
475 583 610 603 sermone
638 578 737 603 nostro
768 575 940 611 projiciatur
969 575 1047 610 quod

223 621 439 656 proposuerunt
469 620 586 655 quando
614 621 651 648 ab
679 619 762 647 initio
778 621 844 648 vita:
869 619 980 647 exitum
996 628 1047 646 cu-

221 667 377 697 reverunt;
408 672 460 691 nec
484 664 554 691 inibi
571 663 658 700 longo
673 672 809 692 sermone
821 673 896 700 opus
913 664 978 696 erit,
996 671 1048 691 nec

219 712 338 745 tempus
361 717 535 736 consumam
560 708 637 736 ultra
653 709 731 745 quod
761 710 843 737 decet
864 708 1046 736 disserendo.

218 755 300 782 sicut
316 755 405 789 enim,
422 754 557 790 inquam,
572 754 678 782 animae
693 754 775 782 salus
789 757 818 781 et
835 754 870 781 ad
889 757 990 786 Deum,
1006 753 1047 781 sio

219 799 353 827 studium
370 807 421 826 eos
437 799 552 826 reduxit
575 807 592 826 ο.
605 799 666 826 vita
681 808 698 826 a
713 807 772 834 qua
799 807 892 834 nuper
907 798 1047 826 desertio-

221 852 288 871 nem
318 843 454 871 fecerant.
484 843 556 870 Nam
581 852 645 870 eam
674 843 793 879 quidem
822 843 1046 874 damnaverunt,

220 888 371 916 meliorem
387 895 454 915 vero
469 887 631 923 elegerunt,
645 888 837 923 apostolicam
855 888 980 923 ideoque
995 895 1047 915 an-

1103 296 1119 323 ἃ
1149 296 1317 335 ἐνεργοῦσιν,
1347 297 1364 331 ἢ
1393 296 1465 324 ἀλλὰ
1494 296 1738 335 πραγματιύσησθε
1765 298 1847 333 ἡμῖν,
1877 299 1936 332 θεῷ

1103 339 1307 378 πρεσϐεύοντες,
1337 341 1458 379 γαλήνην
1486 343 1596 379 ψυχῆς’
1628 343 1665 373 ὡς
1693 344 1738 369 νῦν
1768 352 1800 380 γε
1827 341 1877 369 οὐκ
1907 341 1933 369 ἐν

1102 385 1247 422 ἀκυμάντῳ
1271 385 1446 423 καθέσταμεν,
1473 387 1514 417 οἷς
1541 386 1679 423 πνεύματα
1703 387 1814 423 πονηρὰ
1836 387 1933 423 ταράτ-

1102 440 1206 464 τουσιν,
1223 430 1270 457 ὅσα
1285 441 1314 468 γε
1334 431 1379 458 καὶ
1404 434 1478 467 ἡμᾶς
1505 430 1627 469 βλέπειν,
1654 431 1760 458 κόλπον
1785 432 1935 469 σωτήριον,

1103 475 1132 505 ὃς
1157 475 1239 511 μόνος
1265 478 1314 509 τῆς
1342 474 1372 502 ἐκ
1396 475 1533 511 θαλάσσης
1558 476 1618 513 βίου
1643 476 1819 513 καταίρουσιν
1846 475 1935 503 ἀκλύ-

1104 529 1182 550 στους
1199 519 1302 557 ὅρμους
1317 519 1535 557 ἀγκαλιζόμενος
1550 519 1677 559 ἐγγυᾶται
1692 521 1726 548 τὰ
1741 520 1878 555 σώζοντα.

1137 574 1171 610 γ’.
1191 573 1347 611 Ιιροκείσθω
1370 573 1460 601 τοίνυν
1485 576 1534 601 τοῦ
1558 572 1641 612 λόγου
1665 575 1745 611 ἡμῖν,
1768 574 1839 612 ὅπερ
1856 575 1935 602 aito?

1101 617 1245 655 προέθεντο
1262 641 1269 654 ,
1298 617 1380 652 ἡνίκα
1406 619 1456 652 τήν
1485 618 1576 656 ἀρχὴν
1607 618 1774 655 ἐμελέτησαν
1807 619 1937 656 γενέσθαι

1101 659 1222 690 ἀπόϐιοι·
1253 662 1297 690 καὶ
1328 662 1358 690 οὐ
1388 661 1521 699 δεήσομαι
1553 662 1636 700 λόγου
1666 665 1772 701 μακροῦ
1810 663 1934 697 ἐνταῦθα,

1101 706 1164 735 οὐδὲ
1187 707 1276 744 τρίψω
1301 707 1413 745 χρόνον,
1439 707 1508 745 πέρα
1531 710 1580 735 τοῦ
1596 706 1703 739 δέοντος
1719 707 1933 744 ὲμπλατυνόμε-

1101 762 1157 783 νος.
1174 752 1217 782 Ὡς
1234 752 1296 789 γὰρ,
1319 750 1384 782 hoc
1409 753 1501 791 φάναι,
1527 752 1649 790 σωτηρία
1673 754 1767 790 ψυχῆς
1794 753 1841 779 καὶ
1868 753 1933 789 πρὸς

1101 796 1176 829 Θεὸν,
1194 796 1280 827 οὕτως
1305 796 1439 827 οἰκείωσις
1458 796 1641 832 ἆπανίστησεν
1658 796 1768 831 αὖτοὺς,
1784 796 1821 830 ἧς
1839 798 1932 833 πρώην

1103 843 1306 877 μετεποιοῦντο,
1334 843 1417 876 ζωῆς.
1445 841 1537 875 Αὐτῆς
1565 843 1612 878 μὲν
1636 841 1687 879 γὰρ
1705 841 1859 878 κατέγνων,
1877 841 1931 868 ἐπέ-

1100 896 1191 922 κριναν
1223 884 1250 912 δὲ
1278 886 1327 920 τὴν
1359 884 1496 922 βελτίονα,
1525 886 1574 920 -ιὴν
1601 885 1802 920 ἀποπολικήν,
1827 886 1873 912 καὶ
1892 884 1932 912 διὰ

220 931 364 967 gelicam;
395 933 423 959 et
451 931 520 958 huic
546 931 761 965 incumbentes,
778 931 986 967 elongaverunt
1003 931 1042 958 fu-

1107 933 1188 958 κοῦτο
1205 929 1359 968 ἀγγελικήν·
1385 930 1430 958 καὶ
1455 931 1522 967 πρὸς
1546 931 1614 967 αὑτῇ
1640 930 1793 968 γενόμενοι,
1815 929 1934 967 Quinqu-

217 976 340 1010 gientss,
368 974 446 1003 sicut
475 975 504 1002 in
544 976 658 1003 deserto
698 976 854 1010 mansuri;
885 976 1044 1012 praesertim

220 1020 343 1055 quidem
365 1020 441 1048 sicut
455 1019 483 1047 in
503 1021 707 1056 promissionis
723 1024 829 1049 terram
847 1021 1019 1048 restituendi
1037 1029 1044 1054 ;

220 1073 272 1101 per
286 1073 374 1101 quam
387 1065 476 1093 vitam
494 1067 634 1100 tanquam
656 1068 710 1094 Deo
726 1069 846 1094 vocante
861 1066 994 1094 exierunt
1008 1065 1045 1093 ab

219 1109 350 1145 ipsorum
368 1112 444 1137 terra
458 1113 485 1137 et
512 1110 698 1145 cognatione,
715 1113 743 1138 et
776 1114 918 1138 venerunt
942 1111 971 1138 in
987 1112 1043 1138 tcr-

222 1162 284 1181 ram
300 1157 328 1181 et
342 1155 428 1182 vitam
454 1154 570 1189 qualem
588 1155 662 1182 Deus
678 1156 806 1183 ostendit
821 1156 857 1183 iis
880 1155 930 1191 qui
951 1155 1044 1183 Abra-

223 1198 305 1226 hami
317 1200 413 1234 partes
435 1201 545 1232 tenent,
561 1202 589 1227 et
605 1202 747 1236 quotquot
762 1200 811 1228 illo
832 1200 912 1236 digni
929 1202 1007 1227 sunt.

257 1252 283 1279 4.
301 1254 334 1279 Et
350 1252 396 1279 hic
408 1253 526 1288 quidem
539 1252 613 1290 ipsis
624 1253 717 1281 exsilii
727 1253 970 1288 terminus,cujus
981 1261 1045 1287 gra-

222 1297 263 1324 tia
278 1296 325 1324 hic
342 1296 495 1324 mulierem
511 1300 539 1324 et
555 1297 728 1331 liberos,ille
741 1297 938 1325 substantiam
955 1299 982 1325 et
996 1306 1045 1333 pe-

221 1341 351 1377 ripscma
361 1349 446 1369 omne
458 1341 520 1369 vitae
531 1342 709 1376 commercii,
722 1342 798 1369 sicut
809 1342 912 1369 dixerit
927 1341 1044 1377 aliquis,

220 1385 385 1421 generatim
402 1394 468 1413 vero
485 1386 582 1413 cuncti
593 1386 716 1421 quodvis
728 1387 888 1414 secundum
903 1387 1044 1414 mundum

223 1429 356 1465 cupitum
372 1431 548 1464 deserentes,
564 1439 651 1458 unam
668 1431 870 1467 eamdemque,
882 1431 1045 1458 secundum

222 1474 299 1510 quod
328 1474 402 1510 ipsis
430 1475 612 1510 propositum
629 1478 701 1508 erat,
718 1475 869 1511 elegerunt
883 1476 982 1510 vitam,
999 1475 1045 1503 cui

221 1519 393 1546 insistentes
410 1521 437 1546 ct
457 1527 522 1546 sese
546 1519 731 1555 accingentes
761 1521 796 1548 ad
821 1529 909 1556 opera
937 1520 1045 1556 quibus

224 1563 360 1591 homines
375 1563 433 1591 tale
449 1563 604 1591 consilium
622 1564 771 1600 capientes
786 1565 815 1592 in
832 1567 940 1593 rectam
958 1565 1045 1592 semi-

220 1610 281 1636 tam
298 1608 587 1644 deducuntur,idque
614 1617 672 1636 non
694 1609 868 1645 simpliciter
890 1612 919 1637 et
938 1612 970 1637 ut
985 1609 1044 1637 fore

217 1653 317 1681 tulerit
346 1655 375 1680 et
403 1655 435 1680 ut
465 1652 520 1688 ipsi
545 1653 671 1687 voluere,
698 1654 836 1690 operibus
857 1654 963 1681 divinis
978 1656 1040 1681 stu-

219 1698 354 1725 duerunt.
370 1697 518 1733 Numquid
544 1698 622 1725 enim
647 1699 682 1726 de
705 1699 768 1726 suis
785 1699 911 1734 peccetis
923 1707 1041 1726 excusa-

217 1742 326 1769 tionem
361 1742 511 1776 haberent,
539 1745 637 1777 utpote
670 1743 720 1778 qui
759 1743 815 1778 ipsi
844 1745 1040 1777 tentaverunt,

219 1786 276 1822 ipsi
303 1787 492 1821 denoverunt,
510 1786 566 1822 ipsi
594 1789 754 1822 cmperunt,
770 1787 845 1815 viam
866 1788 982 1815 nemine
999 1796 1042 1814 re~

218 1831 339 1864 ferente,
371 1831 486 1857 nemine
519 1831 667 1864 edocente,
702 1831 818 1859 nemine
851 1832 926 1859 viam
959 1840 1041 1859 mon-

219 1877 341 1907 strante,
359 1875 475 1902 nemine
492 1875 688 1910 impediente;
706 1876 830 1912 ideoque
846 1876 917 1904 nihil
933 1876 1041 1904 mirum

219 1918 330 1945 faciunt
345 1918 370 1945 si
399 1918 475 1946 viam
492 1919 578 1947 aliam
601 1928 633 1947 ac
659 1921 837 1956 propositam
854 1921 946 1948 secuti
962 1923 1040 1956 sunt,

221 1970 316 1997 neque
346 1963 488 1992 rationem
514 1964 634 1992 reddere
650 1965 766 1999 debent,
782 1974 814 1993 eo
830 1967 907 2002 quod
925 1966 1043 1994 inventa

221 2006 404 2041 difﬁcultate,
419 2008 450 2036 in
474 2009 511 2036 iis
532 2017 595 2044 quae
619 2010 817 2046 cogitaverant
832 2013 860 2038 et
875 2011 1043 2046 inceperunt

218 2051 371 2088 inexperti,
387 2053 424 2080 ob
453 2061 517 2081 eam
548 2054 664 2090 longius
680 2054 720 2082 ire
745 2055 930 2089 destiterunt,
945 2058 974 2083 et
988 2055 1043 2083 nli-

218 2097 392 2133 quantisper
408 2099 554 2134 progressi
576 2103 692 2135 sperata
706 2099 828 2135 planitie
844 2100 946 2136 pedem
963 2103 1042 2128 retu-

219 2141 328 2177 lerunt,
345 2151 379 2170 eo
401 2142 478 2177 quod
506 2143 583 2170 viam
613 2144 779 2172 habuerunt
806 2145 1042 2180 ssperam?Nou

221 2186 312 2222 igitur
326 2187 492 2215 inconsulte
507 2187 597 2215 vitam
613 2188 816 2217 monachicam
832 2189 971 2223 inierunt,
983 2190 1042 2218 imo

216 2239 284 2259 vero
313 2239 379 2259 cum
406 2231 616 2261 deliberatione
632 2235 658 2260 et
681 2233 802 2261 consilio
818 2236 973 2270 postquam
989 2234 1043 2262 ad-

221 2275 325 2303 moniti
341 2278 369 2304 et
384 2277 461 2304 docti
491 2277 619 2311 fuerunt,
636 2277 809 2314 plerumque
829 2281 895 2314 post
908 2279 1042 2307 traditio-

219 2329 286 2348 nem
316 2323 345 2348 et
370 2321 612 2355 admonitionem,
630 2330 737 2358 easque
762 2323 916 2351 formidine
932 2323 1045 2359 plenas,
1062 2314 1083 2345 D

217 2364 242 2391 si
269 2366 355 2392 modo
394 2365 578 2401 audirentur,
608 2375 682 2402 quas
706 2367 858 2396 discursus
887 2368 1042 2402 sermonis,

218 2411 363 2444 quantum
378 2410 451 2438 satis
462 2410 528 2445 erit,
546 2410 658 2439 innuet.

254 2453 280 2480 5.
296 2455 366 2481 Cum
395 2455 437 2482 ita
465 2455 525 2483 sint
541 2464 604 2491 qum
629 2456 796 2484 istiusmodi
817 2457 952 2486 homines
966 2460 1043 2486 certe

218 2499 246 2525 et
262 2497 436 2526 inconcusse
465 2503 680 2537 proposuerunt
703 2503 732 2529 et
757 2505 983 2538 assumpserunt
1006 2504 1044 2538 (et

219 2542 303 2570 aliter
319 2543 440 2572 minime
465 2553 526 2573 sese
542 2545 672 2581 habent),
684 2546 746 2581 jam
776 2546 900 2574 breviter
920 2548 1044 2576 dicenda

219 2596 282 2624 quae
300 2589 376 2624 apud
394 2597 443 2617 cos
465 2589 552 2618 hodie
575 2591 859 2618 animadvertuntur.
877 2594 909 2620 Et
932 2593 1042 2621 utinam

217 2641 275 2661 non
293 2633 380 2668 longe
396 2633 456 2662 sint
477 2643 493 2662 a
518 2635 577 2663 vita
593 2643 682 2670 quam
698 2634 867 2672 elegerunt:
886 2639 1042 2674 nequldem

218 2678 271 2706 hoc
287 2679 438 2706 eveniente
467 2688 586 2708 necesse
601 2680 656 2707 erit
683 2687 744 2715 eos,
763 2683 830 2716 post
850 2681 939 2710 allata
953 2691 1043 2719 argu-

218 2725 532 2760 menta,resurgere,ut
542 2725 598 2752 duo
609 2725 710 2760 gravia
724 2724 781 2753 ista
800 2734 855 2754 non
875 2728 1043 2762 admittant,

218 2767 299 2803 ipsos
315 2770 396 2796 extra
411 2768 488 2796 viam
510 2772 620 2797 rectam
636 2777 711 2804 esse,
728 2773 816 2806 atque
830 2771 903 2799 alios
927 2772 962 2800 ad
978 2781 1043 2801 eam

220 2812 389 2840 sectandam
415 2813 537 2842 idoneos
565 2814 628 2842 suis
659 2814 802 2851 exemplis
830 2816 1044 2847 deducentibus

221 2863 365 2884 revocare.

1106 986 1150 1002 ναν
1180 973 1394 1012 φυγαδεύοντες,
1423 975 1460 1006 ὡς
1489 974 1514 1002 ἐν
1545 975 1643 1012 ἐρήμῳ
1672 974 1932 1011 αὐλισθησόμινοι,

1103 1019 1219 1057 μάλιστα
1245 1020 1291 1055 μὲν
1324 1018 1368 1046 οὖν
1400 1019 1437 1050 ὡς
1462 1019 1500 1050 εἷς
1528 1023 1578 1056 γῆν
1606 1019 1769 1057 ἐπαγγελίας
1790 1019 1929 1046 ἀποκατι-

1100 1065 1273 1101 στησόμενοι·
1303 1062 1337 1091 δι’
1361 1063 1394 1098 ἤν
1425 1063 1461 1094 ὠς
1491 1066 1558 1091 Θεοῦ
1584 1062 1734 1094 καλοῦντος
1761 1063 1880 1098 ἐξῆλθον
1906 1063 1932 1090 ἐκ

1099 1111 1149 1143 τῆς
1175 1111 1226 1146 γῆς
1251 1109 1338 1136 αὐτῶν
1368 1108 1412 1135 καὶ
1444 1107 1473 1135 ἐκ
1501 1111 1552 1143 τῆς
1582 1108 1748 1146 συγγενείας,
1773 1108 1822 1135 καὶ
1846 1108 1930 1142 ἦλθον

1100 1154 1137 1184 εἷς
1154 1157 1206 1191 γῆν
1230 1153 1275 1180 καὶ
1303 1153 1408 1191 βιοτήν,
1437 1153 1534 1180 ὁποίαν
1561 1153 1574 1180 ὁ
1591 1153 1655 1184 Θεὸς
1683 1151 1858 1180 ὑποδείκνυσι
1874 1156 1930 1184 τοῖς

1099 1200 1147 1225 τοῦ
1164 1195 1298 1235 Ἀϐραὰμ,
1312 1197 1356 1224 καὶ
1373 1197 1431 1225 ὅσοι
1449 1198 1532 1225 αύτοῦ
1548 1197 1612 1224 εἰσιν
1630 1198 1710 1233 ἄξιοι.

1136 1251 1168 1280 δ’.
1184 1251 1233 1278 Καὶ
1255 1253 1380 1282 τοιοῦτος
1405 1252 1452 1287 μὲν
1476 1251 1571 1282 αὐτοῖς
1596 1252 1610 1278 ὁ
1625 1252 1724 1283 σκοπὸς
1740 1255 1792 1286 τῆς
1815 1262 1927 1287 μετανα-

1100 1296 1241 1330 στεύσιως,
1271 1296 1302 1323 οὗ
1326 1296 1408 1334 χάριν
1436 1297 1449 1323 ὁ
1479 1297 1525 1332 μὶν
1553 1296 1597 1323 καὶ
1626 1299 1738 1334 γυναῖκα
1764 1296 1812 1323 καὶ
1838 1297 1926 1329 τέκνα,

1101 1342 1115 1368 ὁ
1137 1340 1166 1368 δι
1194 1341 1237 1368 καὶ
1268 1340 1424 1378 περιουσίαν
1453 1341 1499 1368 καὶ
1528 1341 1658 1379 συρφετὸν
1687 1342 1793 1368 ἅπαντα
1820 1344 1874 1375 τῆς
1903 1340 1925 1368 ἓν

1103 1385 1154 1423 βίῳ
1169 1385 1351 1424 ἀναστροφῆς,
1368 1386 1462 1413 ὁποῖον
1491 1384 1521 1412 ἃν
1536 1385 1608 1412 εἴποι
1623 1396 1676 1421 τις²
1690 1388 1791 1416 κοινῶς
1818 1384 1847 1412 δῖε
1862 1386 1926 1412 πῂ-

1098 1440 1142 1461 τις
1156 1430 1188 1457 τὸ
1202 1429 1270 1457 κατὰ
1284 1429 1387 1465 κόσμον
1404 1429 1513 1466 θέλημα
1537 1429 1707 1463 ἐκλιπόντες.
1728 1430 1787 1462 ἐνὸς
1805 1429 1925 1468 ἐγένοντο

1099 1475 1142 1502 καὶ
1162 1474 1246 1511 μόνου
1274 1477 1322 1501 τοῦ
1350 1474 1417 1502 κατὰ
1443 1475 1492 1509 τὴν
1524 1473 1725 1512 ἐκλιλεγμένην
1751 1474 1925 1511 πρόθεσιν-ᾔ

1100 1519 1144 1547 καὶ
1172 1519 1377 1557 ποιχῆσαντες,
1407 1519 1463 1546 εἶτα
1490 1520 1534 1547 καὶ
1565 1520 1683 1556 ἅψασθαι
1707 1518 1859 1555 μέλλοντες
1888 1517 1926 1555 ἔρ-

1098 1575 1165 1601 γων,
1190 1564 1265 1595 ὅσοις
1289 1563 1461 1601 ἰξορθοῦνται
1492 1563 1531 1595 εἰς
1560 1562 1622 1591 ὁδὸν
1653 1562 1793 1601 ἄνθρωποι
1817 1566 1925 1591 τοιαῦτα

1100 1609 1275 1646 προθέμενοι,
1303 1607 1357 1645 οὐχ
1380 1607 1488 1643 ἁπλῶς,
1503 1608 1548 1636 καὶ
1573 1609 1648 1639 ὅπως
1663 1607 1692 1635 ἂν
1717 1607 1814 1646 τύχοι,
1831 1608 1878 1635 καὶ
1894 1609 1925 1638 ὡς

1097 1653 1174 1680 αὐτοὶ
1202 1651 1404 1689 ἐϐουλήθησαν,
1431 1656 1489 1684 τοῖς
1515 1652 1598 1684 θείοις
1622 1652 1711 1691 ἔργοις
1727 1650 1880 1680 ἐπέϐαλον.
1896 1656 1923 1680 ’Π

1094 1699 1144 1735 γὰρ
1161 1697 1190 1725 ἂν
1206 1698 1280 1735 εἶχον
1296 1697 1435 1734 ἀπόλογον
1459 1697 1582 1733 ὕστερον,
1597 1697 1637 1736 ἐφ’
1657 1698 1698 1728 οἷς
1711 1698 1922 1734 προέπταισιν,

1096 1741 1134 1773 ὡς
1150 1742 1228 1769 αὐτοὶ
1253 1741 1474 1779 ἐγχειρήσαντες,
1490 1741 1566 1769 αὐτοὶ
1591 1742 1772 1779 κυρώσαντες,
1789 1742 1871 1769 αὐτοὶ
1886 1741 1923 1768 ἰν-

1096 1787 1252 1824 αρξάμενοι,
1283 1785 1398 1823 μηδενὸς
1425 1787 1644 1823 ὑπομνήσαντος,
1668 1784 1786 1822 μηδενὸς
1804 1785 1923 1821 διδάξαν-

1095 1842 1153 1865 τος,
1172 1830 1289 1868 μηδενὸς
1307 1829 1494 1866 ὑποδείξαντος
1508 1832 1557 1866 τήν
1575 1829 1649 1864 ὁδὸν,
1668 1830 1786 1867 μηδενὸς
1804 1830 1924 1868 ἐμπεδώ-

1097 1886 1203 1912 σαντος,
1219 1874 1295 1903 οὐδέν
1308 1886 1334 1903 τι
1351 1875 1574 1914 καινοπραγοῦσι,
1589 1876 1755 1914 τραπόμενοι
1770 1874 1863 1909 ἄλλην
1876 1887 1923 1903 πι-

1097 1921 1130 1958 ρὸ.
1145 1921 1194 1954 τὴν
1220 1924 1269 1955 τῆς
1291 1921 1456 1958 προθέσεως,
1481 1919 1544 1948 οὐδὲ
1570 1920 1723 1948 ὑπόκεινται
1739 1919 1925 1958 λογοπραγίᾳ,

1097 1963 1231 2002 ἐργωδίαν
1260 1965 1416 2001 εὑρηκότες,
1444 1964 1483 2004 ἐφ’
1513 1965 1554 1996 οἷς
1582 1964 1746 2000 ἐσκόπησαν,
1777 1965 1824 1992 καὶ
1850 1965 1925 2002 ἐνήρ-

1097 2010 1174 2044 ξαντο
1198 2009 1380 2045 ἀνεπίτακτοι,
1406 2009 1450 2037 καὶ
1475 2009 1510 2037 δι’
1535 2009 1619 2044 αὐτὴν
1646 2009 1777 2047 ἀφέμενοι
1791 2012 1848 2037 τῶν
1867 2010 1924 2047 ἐφε-

1096 2056 1154 2090 ξῆς,
1170 2055 1213 2082 καὶ
1231 2053 1443 2092 προποδίσαντες
1460 2055 1508 2091 μὲν
1527 2054 1616 2093 βραχὺ
1632 2053 1723 2082 ἐλπίδι
1737 2055 1788 2088 τὴς
1807 2055 1923 2091 ὁμαλῆς,

1096 2097 1304 2130 ἀναποδίσαντες
1330 2098 1358 2126 δὲ
1385 2100 1472 2134 αὖθις,
1498 2098 1540 2126 ὅτι
1564 2102 1693 2137 τραχεῖαν
1708 2096 1817 2136 ἔτριϐον
1837 2108 1844 2134 ;
1861 2098 1924 2128 Οὔκ-

1097 2154 1142 2171 ουν
1170 2141 1398 2181 ἀπροϐουλεύτως
1430 2143 1575 2181 ἐνῄρξαντο
1601 2145 1650 2171 τοῦ
1675 2145 1833 2182 μοναχικοῦ
1856 2144 1922 2180 βίου,

1097 2187 1170 2216 ἀλλὰ
1197 2187 1372 2225 σκεψάμενοι,
1402 2188 1446 2216 καὶ
1478 2186 1711 2226 βουλευσάμενοι,
1734 2187 1780 2215 καὶ
1809 2188 1924 2224 ἀναμνη-

1098 2234 1212 2269 σθέντες,
1241 2233 1286 2261 καὶ
1313 2232 1486 2271 διδαχθέντες
1502 2255 1510 2268 ,
1535 2233 1579 2261 καὶ
1613 2233 1680 2270 μετὰ
1712 2235 1921 2271 παρεγγυήσεων

1098 2279 1124 2305 οἱ
1139 2278 1250 2309 πλείους
1266 2277 1309 2306 καί
1323 2277 1502 2313 καταθέσεων,
1526 2277 1571 2305 καί
1586 2278 1686 2311 αὐτῶν,
1709 2278 1802 2305 ὁποῖαι
1826 2277 1921 2315 φρίκης

1097 2323 1237 2360 γέμουσιν,
1256 2323 1279 2350 εἷ’
1307 2323 1352 2350 καὶ
1383 2324 1465 2359 μόνον
1497 2322 1633 2361 λέγοιντο⁸
1656 2322 1701 2349 καὶ
1728 2322 1920 2360 ὑποκρούσεξαι

1099 2368 1180 2398 αὐτὰς
1196 2368 1210 2395 ὁ
1223 2367 1304 2406 λόγος
1320 2368 1435 2405 προϊὼν,
1452 2367 1493 2406 ἐφ’
1508 2367 1569 2395 ὅσον
1587 2366 1660 2395 ἔσται
1675 2367 1780 2396 ἱκανόν.

1135 2416 1162 2440 ε’.
1179 2412 1273 2443 Οὕτως
1288 2411 1332 2440 οὖν
1359 2412 1491 2450 ἑχόντων,
1508 2413 1544 2440 ὧν
1568 2412 1614 2440 καὶ
1638 2413 1782 2450 προέθεντο
1797 2412 1844 2439 καὶ
1862 2410 1920 2440 ὑπέ-

1099 2467 1199 2495 σχοντο
1215 2456 1386 2494 ἀμεταθέτως
1411 2457 1455 2485 καὶ
1481 2457 1608 2496 ἀσφαλῶς
1632 2458 1659 2484 οἱ
1674 2459 1797 2484 τοιοῦτοι
1819 2456 1920 2495 (ἔχουσι

1100 2500 1129 2529 δὲ
1143 2502 1250 2533 πάντως
1267 2502 1316 2530 οὐκ
1332 2501 1448 2539 ἄλλως),
1465 2501 1582 2530 ἐκθετέον
1602 2501 1830 2541 βραχυλογικῶς,
1845 2502 1862 2529 a
1879 2504 1921 2529 νῦν

1103 2545 1240 2584 βλέπομεν
1267 2546 1308 2574 ἐπ’
1324 2546 1428 2578 αὐτοῖς.
1445 2547 1492 2574 Καὶ
1510 2547 1551 2583 εἴη
1569 2548 1607 2584 μή
1628 2546 1799 2586 παρεκνεύιιν
1815 2547 1923 2581 αὐτοὺς,

1101 2593 1134 2626 ἧς
1163 2591 1300 2629 ἐκύρωσαν
1317 2613 1324 2626 ,
1354 2591 1506 2623 πολιτείας“
1537 2592 1592 2628 ὡς,
1628 2591 1682 2630 εἴγε
1709 2594 1790 2620 τοῦτο
1819 2592 1922 2630 φανείη,

1099 2636 1202 2675 ἀνάγκη
1232 2637 1352 2668 πάντως.
1378 2640 1584 2675 κατορθωθῆναι
1611 2636 1676 2668 τοὺς
1700 2637 1843 2668 τοιούτους
1861 2637 1924 2673 μετᾶ

1097 2682 1145 2716 τήν
1171 2681 1215 2709 ἐπὶ
1241 2681 1363 2720 ἐλέγχων
1387 2680 1508 2718 ἔνδειξινθ
1533 2681 1579 2709 ’ίνα
1596 2682 1633 2718 μή
1651 2680 1699 2709 δύο
1718 2680 1922 2718 πλημμελῶσιν

1098 2726 1186 2754 ὶκεῖνα
1211 2727 1336 2765 φορτικὰ,
1364 2728 1433 2763 μήτε
1450 2727 1526 2754 αὐτοὶ
1541 2727 1683 2765 γινόμενοι
1698 2730 1747 2761 τῆς
1767 2727 1863 2764 ὀρθῆς,
1879 2726 1921 2753 καὶ

1097 2771 1160 2802 τοὺς
1185 2770 1349 2809 δυναμένους
1371 2770 1399 2800 δὲ
1420 2769 1577 2810 προϐαίνειν
1603 2771 1671 2810 αὐτῇ
1697 2771 1859 2810 ἀπάγοντες,
1882 2771 1921 2802 οἷς

1098 2816 1195 2849 αὐτοὺς
1208 2818 1243 2854 τῇ
1261 2817 1375 2854 μιμήσει
1392 2815 1574 2856 ἰκτρέπονται.
