2030 3167
129 210 188 239 733

632 212 683 241 DE
705 210 951 242 EMENDANDA
973 209 1064 239 VITA
1089 208 1329 239 MONACHlCA.

1771 209 1829 239 734

164 276 196 307 ς’.
213 276 371 314 ’Δναγχαῒον
389 275 416 303 δὲ
445 275 505 314 ἄρα,
523 286 605 314 πρινη
622 278 840 315 καταγραψασθαι
855 276 904 310 τήν
921 274 946 302 ἐν

1040 275 1065 302 6.
1083 275 1205 303 Necesse
1227 275 1326 310 itaque
1355 275 1409 309 est,
1440 276 1597 310 antequam
1621 274 1711 302 latam
1727 283 1828 302 mona-

127 323 185 352 τοῖς
201 319 261 358 ἄρτι
276 321 321 348 καὶ
335 322 395 353 καθ’
410 322 484 357 ἡμᾶς
505 321 634 349 πλατεῖαν
664 322 817 359 μοναχικήν
845 321 951 358 βιοτήν,

128 364 262 401 ἐκθέσθαι,
279 366 322 392 οῖα
334 367 488 402 ταξάμενοι,
510 366 556 393 τὸν
583 366 677 394 λαϊχὸν
709 366 768 404 βίον
800 365 949 402 μετέθεντο·

128 409 186 436 εἶτα
201 411 235 447 τῇ
256 410 367 447 τοιαύτῃ
384 409 490 446 μεθόδῳ
506 411 706 447 συνεπιπλέξαι,
723 410 768 438 καὶ
793 410 858 448 ὅπερ
886 409 952 446 μετά

126 454 177 488 τήν
201 453 319 481 τύπωσιν
335 454 384 482 οὐκ
408 454 515 482 ὀκνοῦσι
541 459 639 483 ποιεῖν·
665 456 709 483 καὶ
740 455 811 483 οὕτω
838 456 952 492 περᾶναι

127 499 173 526 τὸν
189 499 285 536 λόγον,
302 498 341 531 εἷς
355 499 370 526 ’ὀ
381 499 559 536 προεθέμεθα.

166 552 196 586 ζ’.
213 551 381 589 Μνησόμεθα
396 551 425 580 δὲ
439 553 492 589 πρό
508 564 540 590 γε
562 555 616 581 τῶν
640 552 733 581 ἄλλων
757 553 880 591 εὐλόγως
903 555 952 586 τῆς

130 596 157 624 έν
178 598 237 627 τοῖς
264 596 400 628 τοιούτοις
430 597 597 636 ἐξαρχούσης
623 597 805 636 ὁμηγύρεως,
833 600 882 632 τῆς
907 597 949 624 καὶ

129 640 235 672 τελείας
263 642 307 669 καὶ
334 642 517 676 τελειοποιοῦ,
547 642 577 676 ἢν
604 643 618 669 ὁ
634 642 715 680 ὀρθὸς
729 642 816 669 κανὼν
834 642 951 675 ἀπαιτεῖ,

130 686 179 713 ὅσα
192 685 237 713 καὶ
253 685 329 717 θεούς
350 696 424 718 τινας
447 686 595 724 γραφικοὺς
618 689 676 718 τοῖς
704 687 813 717 λοιποῖς
843 686 952 713 ἐπιστα-

128 733 184 758 τεῖν
209 733 307 768 μικροῦ
333 729 387 758 δεῖν
403 731 495 759 ἅπασι.
524 733 646 758 Τοιοῦτοι
663 730 692 759 δέ
707 731 773 759 εἲσιν
789 732 815 758 οἱ
837 733 886 758 toi}
904 741 953 767 με-

129 775 217 813 γάλου
232 775 276 802 καὶ
304 774 450 812 ἀγγελικοῦ
467 776 622 813 σχήματος,
640 777 666 803 οἱ
693 774 727 803 δι’
743 776 826 803 αὑτοῦ
842 775 954 810 ἀληθῶς

132 820 267 857 μεγάλοι,
299 820 338 851 ὡς
370 820 535 858 ἀγγελικοὶ,
564 821 632 848 κατὰ
656 821 705 855 τὴν
735 821 879 854 κανονικήν
908 820 952 847 καὶ

131 863 287 900 ἀπαίτησιν,
315 864 360 891 καὶ
384 866 537 898 κατάθεσιν,
563 864 607 892 καὶ
639 866 770 901 μυστικὴν
800 864 952 892 τελείωσιν.

130 909 213 937 Αὐτοὶ
243 909 293 946 γὰρ
321 910 371 943 τήν
396 913 446 947 γῆν
468 909 726 946 κατανωτισάμενοι,
757 908 876 946 μάλιστα
905 909 952 945 μὲν

1007 320 1127 348 chorum
1137 320 1225 347 vitam
1238 328 1378 356 nuperam
1391 323 1417 347 et
1428 319 1598 347 hodiernam
1615 320 1827 354 describamus,

1006 372 1150 399 exponere
1165 365 1272 400 quibus
1298 364 1515 392 conditionibus
1538 364 1627 391 vitam
1643 364 1747 392 laicsm
1764 373 1828 392 mu-

1007 411 1150 442 taverunt,
1166 413 1194 437 et
1209 409 1312 437 deinde
1328 409 1427 436 eadem
1454 409 1564 436 ratione
1579 412 1750 436 connectere
1765 417 1829 444 quas

1007 461 1092 490 agere
1115 457 1182 490 post
1205 454 1279 491 hanc
1295 457 1438 490 receptam
1457 454 1580 481 formam
1608 461 1665 480 non
1680 457 1827 487 verentur,

1007 498 1108 533 sicque
1123 507 1288 526 sermonem
1304 498 1334 525 in
1351 498 1438 526 ﬁnem
1453 498 1639 534 praepositum
1655 498 1828 525 conducere.

1041 552 1068 578 7.
1085 552 1140 579 Sed
1150 554 1217 579 ante
1227 551 1430 579 omniamcnte
1441 551 1660 579 recordabimur
1670 558 1830 586 congrega-

1006 596 1095 624 tionis
1112 596 1188 624 inter
1199 595 1266 623 illos
1277 596 1377 632 primae
1392 596 1576 631 habitesque:
1592 595 1718 631 perfecta
1729 597 1789 622 erat
1802 596 1830 622 et

1007 640 1150 677 perfectos
1162 641 1240 675 fecit,
1253 649 1351 676 quam,
1363 643 1395 668 ut
1409 639 1565 675 imaginem
1581 641 1739 676 quamdam
1756 639 1828 667 divi-

1007 694 1086 719 nam,
1104 686 1234 721 reliquis,
1251 687 1311 713 imo
1327 686 1384 713 fere
1399 685 1546 718 omnibus,
1563 685 1684 720 proponi
1706 684 1830 720 requirit

1003 731 1054 766 jus
1069 730 1252 758 canonicum.
1269 730 1354 758 Tales
1370 732 1440 758 sunt
1456 729 1553 766 magni
1569 732 1597 757 et
1607 729 1730 765 angelici
1745 728 1829 756 habi‘

1007 777 1057 803 tus
1072 775 1136 808 viri,
1153 777 1270 811 propter
1295 774 1378 802 illum
1408 783 1472 802 vere
1502 774 1610 810 magni,
1633 776 1661 802 et
1690 774 1766 801 sicut
1779 782 1828 800 an.

1008 819 1075 855 geli.
1091 820 1254 847 secundum
1271 819 1378 855 regulae
1403 821 1590 855 praeceptum,
1607 821 1635 846 ct
1660 818 1829 846 institutum

1008 866 1036 892 et
1051 864 1204 900 mysticam
1221 864 1413 892 initationem.
1432 864 1452 891 Ii
1468 865 1546 892 enim
1569 868 1675 891 terram
1691 863 1829 899 tergiver-

1008 911 1118 942 santes,
1135 917 1168 936 ex
1184 917 1216 936 ea
1233 909 1267 936 ad
1284 909 1375 936 Deum
1393 908 1447 936 alii
1463 908 1585 944 spiritus
1600 907 1762 940 elevati,res
1778 907 1831 934 hu-

132 951 178 979 οὖν
193 952 398 991 ἐλαφρισθέντες
418 954 464 980 ἀπ’
491 954 574 988 αὐτῆς
604 954 712 990 πτέρυξι
737 953 901 990 πνεύματος,
918 953 954 984 ὡς

1011 962 1112 981 manas
1126 962 1160 980 ex
1175 953 1272 981 divina
1287 954 1447 981 elevations
1469 955 1619 989 cmperunt
1634 953 1830 985 considerare,

133 996 170 1028 εἷς
189 996 267 1023 αὐτὸν
284 997 359 1031 Θεὸν,
390 997 546 1024 ἐποπτεύειν
572 998 750 1029 ἱπιστατικῶς
776 997 884 1036 ἔχουσιν
916 997 953 1025 εἶ’-

133 1051 183 1075 περ
211 1040 361 1078 ἕθὲλοιτσιν,
386 1041 412 1076 ἐξ
437 1042 590 1078 ὑψωμάτων
607 1043 686 1069 θείων
711 1043 744 1069 τὰ
757 1043 826 1070 κατὰ
840 1042 953 1079 κόσμον,

134 1084 173 1112 ἐνὶ
197 1085 240 1112 καὶ
267 1085 342 1121 μόνῳ
367 1086 432 1121 θείῳ
451 1086 567 1123 τάγματι
594 1086 791 1124 ἐκχωροῦντες,
818 1087 861 1114 καὶ
877 1087 954 1122 ὑπεξ-

134 1131 271 1165 ιστάμενοι
296 1132 344 1157 τοῦ
368 1131 507 1162 θειοτάτου
531 1128 675 1168 πρεσϐείου
698 1133 737 1167 τῷ
759 1131 953 1169 ἀρχιερατικῷ,

130 1175 184 1200 τῶν
211 1172 240 1201 δὲ
263 1174 358 1212 ἐφεξῆς
395 1175 610 1211 ὑπερανεστῶτες
633 1177 667 1212 τῇ
687 1177 813 1212 προθέσει
842 1177 887 1203 καὶ
914 1178 954 1212 τῷ

128 1218 285 1254 τυπώματι.
308 1221 365 1245 Τῶν
390 1220 441 1256 γὰρ
470 1219 514 1246 ὑπ’
544 1220 657 1257 οὐρανὸν
686 1220 764 1247 θείων
778 1221 836 1248 κατ’
850 1220 954 1258 ἀνθρώ-

127 1272 198 1293 πους
222 1263 377 1300 ταγμάτων,
409 1264 426 1290 ἃ
448 1266 502 1291 τῶν
530 1264 731 1302 ὑπερουρανίων
758 1263 952 1302 δευτερεύουσι,

129 1306 195 1338 τοὺς
220 1307 267 1343 μὲν
290 1309 339 1334 τοῦ
362 1308 472 1345 πρώτου
495 1308 539 1335 καὶ
557 1308 686 1345 μεγίστου
703 1312 752 1343 τῆς
766 1311 846 1345 ἡμῶν
863 1319 953 1344 σωτη-

132 1351 190 1389 ρίας
206 1352 357 1389 ἀρχιερέως
383 1352 554 1387 ἀντιτύπους,
580 1354 606 1379 οἳ
631 1355 777 1390 προσεχῶς
799 1354 833 1381 τὰ
854 1354 952 1381 ἐκεῖθεν

132 1395 299 1432 ἔκμάττοντα
314 1396 411 1434 ἀγαθὲ,
442 1397 492 1424 οὐκ
515 1397 545 1424 ἃν
573 1396 695 1425 δύναιντο
713 1399 750 1434 μὴ
767 1399 836 1435 πρὸς
860 1397 954 1434 ἐκείνῳ

133 1441 240 1479 ἀφιέναι
266 1441 332 1468 εἶναι
357 1439 481 1476 ἕκαστον,
507 1442 544 1472 ὡς
570 1441 735 1480 ἐτάχθησαν.
760 1442 843 1470 Αὐτοὶ
861 1441 889 1469 δὲ
903 1445 953 1475 τῆς

133 1484 227 1523 ἐφεξῆς
253 1486 435 1523 τυγχάνουσιν
461 1485 635 1523 έλλάμψεως,
658 1485 703 1513 ’ίνα
734 1489 816 1523 τριῶν
851 1487 953 1514 τούτων

132 1529 241 1568 φώτων,
270 1532 318 1556 τοῦ
344 1530 512 1568 ἁσυγκρίτως
543 1531 608 1568 ὑπὲρ
632 1529 713 1565 ἥλιον
741 1530 818 1567 (ὅπερ
847 1529 918 1558 ἔστιν
941 1532 955 1558 ὁ

133 1574 220 1610 Θεὸς),
235 1576 286 1601 τοῦ
314 1574 380 1610 μετᾶ
393 1575 424 1601 τὸ
437 1574 579 1612 ἀγγελικὸν
601 1574 740 1610 ἡλιώδους
766 1575 794 1610 (ὃ
818 1576 955 1613 παραυγά-

134 1620 172 1652 ζει
188 1618 234 1645 τὸν
250 1618 402 1656 ἀρχιερέα),
431 1618 475 1645 καὶ
504 1621 563 1652 τοῦ,
598 1619 635 1650 ὡς
662 1618 748 1650 οὕτως
764 1619 860 1653 εἰπεῖν,
877 1619 956 1654 σελη-

131 1662 210 1689 ναίου
224 1665 272 1689 τοῦ
296 1663 364 1690 κατὰ
386 1663 432 1690 τὸν
451 1663 684 1700 μεγαλοσχήμονα
701 1664 834 1701 μοναχὸν,
849 1663 954 1701 ὕστεροι

131 1706 354 1735 ἐπανατέλλωσιν
372 1708 397 1734 οἱ
414 1707 508 1736 λοιποὶ
523 1709 591 1735 κατά
605 1708 668 1736 Θεὸν
689 1709 786 1739 πάντες
813 1709 874 1746 περὶ
905 1712 956 1746 γῆν

132 1751 252 1790 ἀστέρες,
269 1752 338 1789 φωτί
362 1763 391 1780 τε
415 1754 628 1790 καταυγάζοντες
653 1753 696 1780 καὶ
716 1752 861 1790 ζωογὸνοις
885 1753 958 1790 ἐνερ-

132 1796 220 1834 γείαις
235 1795 383 1828 θάλποντες
398 1796 464 1828 τοὺς
483 1797 688 1835 ταπεινοτέρους
717 1798 884 1836 ἀνθρώπους,
910 1797 959 1825 ὅσα

132 1841 177 1868 καὶ
202 1844 253 1879 γῆν
280 1842 362 1869 πίονα
388 1841 426 1872 εἰς
452 1842 642 1880 καρπογονίαν·
682 1842 715 1876 ἧς
748 1843 870 1881 ἀπαρχαὶ
895 1842 959 1880 ἀφο-

133 1887 253 1913 σιοῦνται
278 1888 336 1922 Θεῷ
361 1887 406 1914 καὶ
432 1887 458 1914 οἱ
481 1890 601 1914 τοιοῦτοι
627 1887 755 1925 μοναχοὶ,
780 1888 825 1914 καὶ
850 1888 875 1915 οἱ
901 1888 959 1915 κατ’

133 1930 242 1965 αὐτοὺς,
264 1930 309 1958 καί
334 1930 428 1962 ἄλλως
451 1930 479 1959 δὲ
510 1932 575 1970 ὑπὲρ
605 1932 703 1960 αὐτοὺς
728 1933 875 1970 ἀρχιερεῖς·
901 1933 959 1960 κατ’

133 1974 231 2006 αὐτοὺς
256 1975 303 2011 μὶν
318 1974 362 2003 διά
376 1977 425 2010 τὴν
443 1975 635 2011 ἴσοπολιτείαν,
663 1977 729 2013 ὑπὲρ
754 1976 850 2007 αὐτοὺς
866 1976 893 2004 δέ
915 1977 960 2005 διὰ

133 2019 165 2046 τὸ
180 2023 230 2054 τῆς
260 2019 467 2058 ἀρχιερωσύνης
482 2020 603 2058 ὕψιστον·
621 2020 663 2048 ὅτι
677 2022 721 2048 καὶ
740 2021 877 2058 βασίλειον
894 2021 958 2049 αὐτὸ

133 2064 290 2102 ἱεράτευμα·
314 2063 348 2091 δι’
374 2063 404 2091 οὗ
429 2064 474 2092 καὶ
499 2065 577 2092 αὐτοὶ
602 2065 744 2100 ἐξάπαντος
768 2065 958 2103 εὐλογοῦνται,

132 2109 170 2140 ὡς
200 2108 287 2144 πάντη
319 2109 428 2139 πάντως
453 2108 605 2145 ἐλάττονες,
633 2110 684 2137 ὑπὸ
713 2110 849 2147 μείζονος,
866 2110 890 2137 εἷ’
913 2111 957 2137 καὶ

131 2153 296 2190 ἀχθέσονται
323 2151 398 2190 ἴσως,
421 2153 486 2181 αὐτό
513 2154 686 2189 ἀκούσαντες,
712 2155 750 2186 ὡς
775 2154 829 2182 ἔστι
853 2156 958 2192 τεκμή-

134 2199 228 2235 ρασθαι
248 2221 255 2234 ,
284 2198 328 2237 ἀφ’
353 2199 390 2225 ὧν
414 2198 452 2230 ὡς
481 2196 609 2227 ἑκάστοτε
637 2199 804 2236 πειρώμεθα·
836 2200 886 2227 οὐκ
915 2199 957 2227 εὐ-

132 2242 254 2280 Λόγιστοι
292 2243 390 2270 ἐκεῖνοι
428 2241 512 2279 ὅντες,
552 2243 593 2272 ὅτι
633 2243 703 2282 μηδέ
741 2243 825 2282 λόγον
863 2242 974 2283 ἔχουσιν

134 2289 318 2323 ἁπαιτήσειεν.

971 1644 992 1678 C.

1009 998 1095 1025 modo
1105 998 1214 1031 velint;
1228 998 1277 1026 uni
1288 1000 1316 1025 et
1326 998 1379 1026 soli
1393 998 1487 1026 ordini
1497 998 1594 1025 divino
1604 997 1699 1024 locum
1712 996 1830 1029 cedunt,

1009 1050 1041 1070 ex
1051 1042 1171 1070 altasua
1181 1043 1249 1070 sede
1260 1045 1326 1070 ante
1337 1042 1504 1078 pontiﬁcem
1512 1043 1689 1078 assurgunt;
1702 1040 1831 1076 reliquos

1008 1095 1074 1114 vero
1098 1087 1248 1115 inferiores
1279 1087 1335 1114 ﬁne
1364 1089 1392 1114 et
1420 1087 1520 1114 habitu
1551 1088 1701 1122 superant.
1717 1086 1829 1112 Etenim

1009 1132 1064 1159 sub
1086 1131 1158 1159 ccelo
1183 1132 1259 1159 inter
1283 1131 1398 1159 divinos
1413 1131 1565 1159 hominum
1581 1131 1708 1164 ordines,
1725 1138 1830 1157 secun-

1010 1176 1062 1204 dos
1091 1179 1156 1212 post
1183 1176 1335 1209 ctelestes,
1363 1184 1412 1204 eos
1443 1177 1493 1212 qui
1531 1176 1616 1212 primi
1655 1177 1684 1202 et
1711 1174 1831 1202 maximi

1009 1223 1115 1248 nostra:
1155 1221 1259 1248 salutis
1302 1220 1449 1256 pontificis
1494 1219 1651 1255 imaginem
1691 1219 1830 1251 referunt,

1008 1265 1061 1292 viri
1077 1266 1153 1293 bona
1182 1265 1251 1293 inde
1279 1265 1429 1293 manantia
1459 1264 1661 1300 percipientes,
1689 1272 1747 1290 non
1769 1271 1834 1298 pos-

1009 1312 1078 1337 sunt
1094 1310 1246 1345 prohibere
1270 1310 1355 1344 juxta
1382 1318 1449 1337 eum
1475 1312 1552 1337 stare
1581 1316 1831 1344 unumquemque,

1008 1357 1096 1391 prout
1111 1355 1262 1382 ordinatus
1291 1357 1346 1383 est.
1376 1355 1485 1382 Exinde
1501 1354 1672 1390 dignitatem
1703 1353 1758 1389 ipsi
1775 1356 1832 1380 sta-

1008 1399 1059 1427 tim
1075 1399 1242 1435 accipiunt;
1272 1400 1313 1427 ita
1340 1403 1372 1427 ut
1401 1401 1467 1436 post
1494 1399 1551 1426 tria
1578 1398 1640 1426 haec
1662 1397 1830 1432 luminaria,

1008 1447 1074 1480 post
1089 1445 1118 1471 id
1133 1445 1208 1480 quod
1226 1444 1327 1480 procul
1344 1444 1433 1472 dubio
1457 1446 1501 1472 est
1517 1451 1606 1479 supra
1634 1443 1725 1470 solem
1741 1441 1830 1478 (quod

1009 1490 1053 1516 est
1068 1489 1174 1523 Deus);
1192 1492 1258 1524 post
1273 1489 1302 1516 id
1319 1489 1396 1524 quod
1413 1488 1466 1516 soli
1481 1490 1526 1516 est
1542 1487 1718 1521 simile,licet
1734 1487 1832 1514 minus

1010 1532 1120 1568 angelis
1135 1533 1204 1569 (quo
1221 1533 1349 1569 pontifex
1371 1532 1565 1568 resplendet);
1592 1534 1657 1567 post
1673 1531 1784 1564 lunare,
1803 1533 1835 1557 ut

1010 1577 1051 1605 ita
1066 1578 1172 1611 dicam,
1190 1579 1267 1613 quod
1292 1578 1322 1605 in
1353 1577 1496 1605 monacho
1512 1577 1639 1612 perfecto
1668 1575 1765 1603 videre
1779 1577 1836 1608 est,

1012 1630 1114 1649 omnes
1128 1622 1280 1650 inferiores
1308 1622 1426 1650 luceant
1449 1622 1612 1649 secundum
1639 1623 1741 1653 Deum,
1759 1619 1836 1647 sicut

1012 1669 1091 1694 astra
1108 1675 1196 1702 super
1210 1669 1338 1695 terram:
1365 1670 1452 1702 atque
1466 1666 1531 1693 luce
1554 1665 1734 1697 illuminent,
1751 1666 1779 1691 et
1794 1663 1835 1691 vi-

1011 1711 1087 1739 vidis
1103 1711 1262 1739 virtutibus
1278 1711 1424 1745 segniores
1451 1711 1595 1744 homines,
1613 1712 1644 1737 ut
1659 1712 1767 1737 terram
1784 1709 1836 1736 fer-

1012 1755 1144 1789 tilem,ad
1162 1756 1273 1783 fructus
1298 1756 1432 1784 ferendos
1462 1756 1611 1782 accedant.
1641 1753 1730 1789 Cujus
1752 1755 1834 1780 terra:

1013 1801 1147 1836 primitias
1162 1801 1220 1828 Deo
1249 1803 1459 1828 consecrantur
1487 1800 1558 1828 tales
1586 1798 1732 1831 monachi,
1749 1800 1836 1833 atque

1009 1845 1095 1880 juxta
1110 1853 1169 1879 eos,
1185 1848 1214 1873 et
1229 1854 1317 1882 super
1331 1854 1379 1873 eos
1396 1845 1452 1873 alio
1468 1845 1554 1872 modo
1569 1844 1737 1880 pontiﬁces:
1752 1843 1838 1879 juxta

1014 1890 1217 1926 quidem,quia
1229 1890 1333 1918 iisdem
1350 1890 1463 1926 legibus
1478 1890 1595 1923 vivunt;
1612 1890 1839 1925 supra,propter

1014 1935 1202 1970 pontificatus
1224 1934 1432 1962 excelsitatem.
1462 1934 1595 1969 Namque
1619 1932 1716 1968 regale
1732 1933 1776 1959 est
1792 1939 1837 1958 se.-

1014 1979 1186 2014 cerdotium,
1204 1988 1220 2007 a
1250 1987 1306 2015 quo
1331 1979 1386 2015 ipsi
1404 1979 1484 2006 omni
1501 1979 1587 2006 modo
1611 1977 1835 2010 benedicuntur,

1014 2025 1114 2059 utpote
1126 2024 1262 2051 inferiore
1279 2032 1312 2051 ex
1327 2024 1407 2052 omni
1433 2026 1513 2059 parte
1538 2032 1554 2050 ιι
1569 2022 1729 2058 superiore.
1746 2022 1838 2048 Erunt

1013 2068 1088 2096 forte
1104 2069 1165 2104 qui,
1182 2068 1228 2095 his
1243 2068 1361 2103 auditis,
1378 2068 1657 2103 indignabuntur,ut
1673 2065 1778 2101 conjici
1789 2073 1838 2101 po-

1013 2114 1071 2140 test
1100 2121 1134 2140 ex
1162 2112 1208 2139 his
1238 2121 1301 2148 quis
1331 2113 1461 2147 undique
1487 2111 1672 2148 experimur;
1703 2109 1754 2138 sed
1779 2117 1837 2136 non

1013 2158 1100 2184 erunt
1114 2156 1200 2184 laude
1216 2156 1307 2193 digni,
1323 2157 1468 2192 siquidem
1494 2156 1581 2184 istius
1597 2154 1736 2183 molestia:
1752 2153 1836 2181 ratio-

1012 2209 1080 2229 nem
1096 2202 1165 2229 dare
1181 2209 1238 2229 non
1250 2202 1411 2237 possunt,si
1421 2201 1489 2238 quis
1501 2208 1565 2228 eam
1577 2199 1683 2228 abillis
1694 2198 1833 2235 postulat.

1012 2243 1172 2273 ἀποδιδόναι
1209 2248 1257 2273 τοῦ
1294 2245 1419 2273 τοιούτου
1457 2244 1570 2283 ἄχθους,
1610 2243 1636 2271 si’
1669 2254 1709 2274 τις
1740 2241 1837 2273 αὐτοὺς

172 2343 207 2377 η’.
234 2342 267 2369 Εἰ
288 2342 338 2380 γὰρ
363 2343 432 2374 ἅπας
459 2343 473 2370 ὁ
496 2343 524 2371 ἐν
548 2346 607 2375 τοῖς
631 2347 688 2375 καθ’
713 2345 786 2380 ἡμᾶς
813 2345 955 2382 ἁγιασμὸς,

1048 2346 1078 2374 8.
1097 2346 1211 2374 Etenim
1226 2345 1249 2373 si
1265 2346 1361 2374 omnis
1376 2345 1566 2374 sanctiﬁcatio
1583 2346 1683 2372 nostra
1698 2343 1756 2371 sive
1773 2350 1836 2378 quae

138 2386 194 2413 οἷον
225 2385 251 2413 ἄν
267 2389 306 2422 τῷ
322 2387 463 2424 ἁγιωτάτῳ
481 2388 656 2425 βαπτίσματι,
681 2389 726 2416 καὶ
751 2389 764 2415 ὁ
780 2388 805 2416 ἐν
821 2391 856 2426 τῇ
872 2388 957 2426 λοιπῇ

137 2430 206 2457 κατὰ
232 2430 290 2468 βίον
306 2431 458 2469 ἀναςτροφῇ
483 2435 536 2460 τῶν
558 2431 779 2470 βεϐαπτισμένων
804 2433 849 2460 καὶ
874 2434 899 2460 οἱ
923 2434 961 2461 ἱε-

136 2475 242 2513 ρατικοὶ
271 2475 371 2513 βαθμοὶ
389 2477 513 2511 ἅπαντες,
529 2477 583 2512 ἤδη
597 2477 625 2505 δὶ
639 2478 707 2516 πρὸς
722 2477 819 2506 ἄλλοις
836 2478 880 2506 καὶ
897 2479 962 2506 αὑτὸ

135 2521 167 2549 τὸ
182 2520 331 2557 χούρευμα,
348 2519 383 2546 δι’
398 2520 428 2547 οὗ
444 2521 469 2547 οἱ
485 2523 602 2559 μοναχοὶ
617 2525 657 2559 τῷ
675 2525 732 2559 Θεῷ
759 2526 962 2559 καθοσιοῧνται,

137 2566 188 2593 οὐκ
203 2564 297 2595 ἄλλως
313 2564 550 2602 τελεταρχοῦνται,
579 2567 650 2595 ἀλλὰ
674 2570 713 2604 τῷ
741 2567 882 2605 νοουμένῳ
914 2569 960 2605 μὲν

139 2611 165 2646 ἐξ
181 2610 257 2648 ἁγίου
272 2609 441 2645 Πνεῦματος,
466 2612 504 2637 τῶ
521 2609 548 2638 δὲ
567 2611 728 2648 βλεπομένῳ
743 2612 760 2646 ἢ
786 2613 837 2640 ὑπὸ
853 2613 961 2640 ἐπισκό-

139 2666 208 2689 πων,
225 2655 242 2689 ἦ
259 2654 332 2682 ἀλλὰ
348 2654 399 2681 ὑπὸ
415 2654 520 2692 ἱερέων,
549 2655 594 2687 οῧς
621 2657 646 2683 οἱ
671 2656 813 2684 ἐπίσκοποι
828 2657 961 2685 τοιούτων

139 2700 304 2737 θεοπραξιῶν
340 2701 505 2736 προῖστῶσιν
540 2699 660 2738 ἐργάτας,
700 2704 758 2732 πῶς
790 2701 819 2729 ἅν
841 2713 882 2734 τις
907 2705 960 2730 τῶν

142 2745 326 2782 μοναζόντων,
352 2743 398 2775 οὕς
425 2744 469 2772 καὶ
494 2744 600 2781 αὐτοὺς,
626 2746 652 2773 οἱ
673 2749 793 2774 τοιοῦτοι
822 2747 962 2785 ἀγιάζουσι

143 2788 352 2827 μυστηριωόὦς,
377 2788 515 2826 τολμήσαι
539 2790 680 2827 ἀντειπεῖν,
707 2792 744 2822 ὡς
773 2791 827 2829 οὐχ
851 2791 961 2831 ὑφίστα-

140 2844 185 2861 ται
210 2836 359 2871 προεστῶτι
387 2833 528 2873 ἀρχιερεῖ,
550 2835 595 2863 καὶ
619 2835 738 2864 ἐλάττων
764 2836 835 2865 ἐστὶν
860 2836 959 2873 αὐτοῦς

141 2879 186 2907 καὶ
204 2878 234 2906 οὐ
252 2878 335 2915 μόνου
353 2881 402 2906 τοῦ
417 2881 561 2917 προσεχῶς
575 2879 782 2918 τελειώσαντος,
803 2881 848 2910 καὶ
876 2881 961 2914 οὕτως

1016 2391 1046 2418 in
1062 2399 1144 2418 sacro
1172 2391 1350 2427 baptismate
1378 2393 1432 2425 est,
1462 2390 1520 2418 sive
1551 2397 1615 2425 quae
1630 2389 1660 2416 in
1689 2395 1839 2416 conversa-

1017 2435 1096 2463 tione
1111 2435 1229 2472 reliquze
1254 2436 1318 2463 vitae
1345 2435 1569 2471 baptizatorum,
1584 2434 1608 2462 si
1637 2442 1739 2461 omnes
1756 2440 1840 2460 sane»

1017 2480 1110 2508 titatis
1125 2481 1244 2516 gradus,
1261 2483 1289 2508 et
1305 2480 1451 2516 imprimis
1466 2480 1531 2515 ipsa
1558 2481 1690 2512 tonsura,
1708 2486 1765 2513 qua
1781 2480 1838 2504 Deo

1017 2525 1153 2553 monachi
1167 2528 1385 2558 consecrantur,
1401 2525 1457 2552 alio
1473 2525 1559 2552 modo
1587 2532 1644 2551 non
1661 2523 1838 2551 benedicun-

1017 2573 1073 2603 tur,
1091 2570 1147 2598 nisi
1162 2579 1178 2598 a
1193 2572 1294 2598 sanato
1318 2570 1428 2606 Spiritu
1449 2569 1653 2605 judicantibus
1680 2567 1839 2604 spirituali-

1015 2616 1070 2649 ter,
1086 2618 1114 2642 et
1136 2618 1252 2643 externe
1279 2615 1314 2643 ab
1341 2614 1499 2651 episcopis,
1527 2617 1608 2641 auta
1637 2612 1838 2641 sacerdotibus

1017 2666 1090 2694 quos
1105 2659 1232 2695 episcopi
1262 2659 1365 2687 horum
1382 2659 1493 2686 rituum
1518 2667 1668 2686 sacrorum
1691 2657 1838 2694 operarios

1016 2704 1198 2739 praeﬁciunt;
1227 2705 1372 2739 quomodo
1397 2703 1504 2740 aliquis
1520 2712 1553 2731 ex
1582 2702 1743 2735 monachis,
1760 2710 1776 2728 a
1791 2709 1837 2728 sa-

1016 2749 1182 2776 cerdotibus
1207 2749 1286 2777 intra
1314 2749 1451 2785 mysteria
1480 2750 1677 2781 consecratus,
1695 2745 1838 2774 contradi-

1016 2801 1080 2822 cere
1095 2795 1216 2822 auderet
1230 2802 1261 2822 se
1289 2794 1423 2830 praefecto
1439 2793 1571 2829 pontiﬁci
1599 2801 1656 2820 non
1672 2791 1836 2826 subjacere,

1015 2846 1110 2875 neque
1125 2847 1158 2867 eo
1174 2839 1318 2867 minorem
1342 2839 1430 2867 esse?
1445 2846 1541 2875 neque
1561 2837 1658 2866 solum
1673 2845 1706 2865 eo
1735 2836 1786 2872 qui
1800 2836 1835 2864 ad

1015 2892 1145 2920 unguem
1160 2883 1281 2920 perfecit
1294 2886 1322 2913 et
1332 2883 1374 2913 sic
1389 2882 1634 2918 consecravit,sed
1649 2889 1835 2918 quocunque,
