2030 3167
197 185 257 215 ’135

584 188 794 219 EUSTATHll
816 189 1201 221 THESSALONICENSIS
1224 180 1515 220 METROPOLITE

1845 190 1909 219 736

198 251 282 286 cujus
298 252 384 287 capiti
398 253 503 281 deinde
517 254 612 282 insani
630 255 815 288 insidientur,
832 255 919 291 idque
932 255 1022 283 velint

1081 255 1251 292 ἀγιάσαντος,
1266 253 1340 282 ἀλλὰ
1372 255 1482 290 παντὸς,
1499 254 1655 282 οὑτινοσοῦν
1671 253 1719 282 κᾶν
1735 253 1851 292 ὕστερον
1880 254 1908 281 οἱ

198 295 361 324 demittere.
377 297 431 328 Qui
455 298 510 326 sibi
541 299 676 327 videntur
699 301 795 335 capita
823 308 898 333 esse,
924 300 974 328 sed
991 308 1022 328 re

198 348 265 368 vera
281 349 361 369 mera
377 342 451 370 colla
466 344 530 371 sine
545 345 650 380 capite,
667 345 715 380 qui
733 353 786 373 sua
799 345 940 380 jactantia
955 353 1022 372 mu-

199 387 298 412 tantur
314 386 343 413 in
373 395 461 422 opera
475 396 529 416 suo
558 389 668 417 auctori
699 390 938 418 contradicentis.
955 390 1020 418 Ete-

197 430 258 456 nim
275 439 332 458 non
349 431 476 466 cogitant
502 433 600 461 Patres
615 434 733 469 quidem
749 443 780 462 se
796 443 860 463 esse
875 435 902 462 in
919 435 1022 462 ordine

196 474 388 510 hierarchico,
405 477 456 504 sed
472 479 587 505 Patrem
611 479 726 507 Patrum
752 472 816 507 esse
834 479 1020 515 pontiﬁcem;

197 527 250 546 nec
265 521 396 555 pastores
412 521 531 556 quidem
547 531 621 557 sese,
638 523 687 559 qui
705 527 835 559 praeeunt
850 524 1020 560 aliquando,

198 571 348 592 summum
364 573 431 593 vero
445 569 592 601 pastorem
608 574 672 595 esse
688 569 916 602 pontiﬁcem,cui
933 577 1023 604 supra

198 612 361 643 praeeuntes
377 618 440 638 esse
467 611 598 647 contigit.
615 614 643 639 et
671 621 748 649 saepe
775 614 945 650 episcopum
959 614 1022 650 epi-

197 661 354 688 scoporum
369 664 375 688 ;
390 663 483 690 neque
492 664 523 683 se
534 656 681 684 modicum
695 657 873 685 monachicis
884 659 1021 694 operibus

198 698 369 726 exercitatos
385 699 414 726 in
443 700 644 735 pontiﬁcatum
674 703 831 730 ascendere
858 705 1020 739 optaturus,

198 750 255 769 non
273 744 348 778 quod
362 744 569 780 demerguntur
578 754 612 773 ex
623 747 704 782 apice
717 747 824 775 montis
841 748 869 775 in
882 756 1020 784 praeceps,

198 787 248 814 sed
266 788 343 822 quod
359 797 374 816 e
389 791 466 816 terra
479 789 506 817 in
523 790 628 818 cmlum
644 795 810 827 assurgant.

1078 300 1115 335 μὴ
1144 299 1352 338 βαθυγνώμονες
1376 299 1572 337 ἀπεγείρῶνται
1597 302 1657 330 ταῖς
1680 302 1836 338 κεφαλαῖς,
1861 299 1908 326 καὶ

1077 344 1186 381 ἀπάγειν
1216 344 1296 375 αὐτὰς
1326 343 1455 372 ἐθέλωσι·
1487 343 1627 375 δοκοῦντες
1652 345 1698 381 μὲν
1729 345 1756 371 οἱ
1782 343 1907 371 τοιοῦτοι

1075 387 1191 426 κεφαλαὶ
1220 390 1299 422 εἶναι,
1327 392 1368 426 τῷ
1396 386 1452 417 ὄντι
1481 388 1510 416 δὲ
1534 389 1647 426 αὐχένες
1668 387 1743 420 ὄντες
1758 387 1907 427 ἀκέφαλοι,

1075 433 1120 460 καὶ
1136 433 1222 466 οὕτως
1237 433 1484 471 ἀποκαθιστάμενω
1505 435 1541 470 τῇ
1567 433 1711 469 ἀλαζονείᾳ
1734 433 1775 464 εἶς
1799 436 1906 471 χειρῶν

1075 477 1233 514 πλάσματα,
1249 481 1306 509 τοῖς
1331 478 1397 506 αὐτὰ
1421 479 1566 514 ποιήσασιν
1591 478 1775 516 ἀντιλέγοντα,
1792 479 1830 506 Οὐ
1854 478 1907 516 γὰρ

1076 522 1224 558 ἐννοοῦσιν,
1253 523 1293 550 ὅτι
1310 523 1425 561 Πατέρες
1441 523 1489 560 μὲν
1504 523 1580 551 αὐτοὶ
1598 522 1782 560 διακρίνονται
1808 524 1906 560 ἀρχιεσ

1076 570 1178 606 ρατικῷ
1194 568 1300 606 ῥυθμῷ,
1330 568 1423 605 Πατὴρ
1438 567 1468 595 δὲ
1483 569 1610 605 Πατέρων
1627 569 1641 596 ὁ
1662 568 1819 606 ἀρχιερεύς·
1849 567 1908 600 οὗθ’

1076 613 1118 640 δτι
1144 613 1272 649 ποιμένες
1301 612 1349 649 μὲν
1376 612 1475 647 αὐτοὶ,
1504 613 1546 641 ὅτι
1573 613 1618 640 καὶ
1647 613 1801 650 ἡγούμενοί
1825 623 1908 646 ποτε,

1076 658 1249 696 ἀρχιποίμην
1275 656 1304 684 δὲ
1332 657 1346 684 ὁ
1375 657 1518 695 ἀρχιερεὺς
1535 680 1543 693 ,
1572 657 1629 685 ἐπεὶ
1664 658 1708 685 καὶ
1741 658 1904 695 ἡγουμένων

1076 702 1186 740 ὕπερθεν
1212 700 1310 740 ἔλαχεν
1341 702 1417 738 εἶναι,
1443 703 1456 729 ὁ
1472 702 1516 730 καὶ
1542 701 1694 730 ἐπισκόπων
1710 702 1865 733 ἐπίσκοπος
1882 702 1906 729 ὲν

1076 747 1202 777 πολλοῖς·
1233 745 1295 774 οὔτε
1321 745 1366 774 ὅτε
1396 747 1491 784 μικρὸν
1517 746 1580 774 ὅσον
1610 746 1849 783 έμμελετήσαπες
1874 746 1906 779 τῆ

1078 793 1217 829 μοναχικῇ
1234 790 1362 828 έργωδίᾳ,
1394 791 1450 818 εἶτα
1479 790 1678 828 ἐπιθυμήσουσι
1702 791 1748 819 καὶ
1760 791 1800 822 εἷς
1814 792 1910 828 ἱεράρ-

200 840 252 867 χας
266 830 341 858 αὐτοὶ
367 831 526 868 μεταϐῆναι⁵
540 834 571 863 οὐ
587 834 675 870 δήπου
692 833 963 873 ὑποκαταϐησόμενοι
976 837 1013 868 ὡς
1030 836 1082 864 ἀπὸ
1096 837 1245 874 ἀκρωρείας
1261 835 1300 867 εἴς
1314 846 1389 868 τινας
1404 835 1557 874 κρημνοὺς,
1570 835 1634 864 ἁλλ’
1659 836 1698 867 ὡς
1721 836 1908 872 ἁρθησόμενοι

201 875 230 902 ἑκ
244 878 294 912 γῆς
309 875 347 907 εἰς
363 876 519 915 Ὄλυμπον.

234 929 262 955 9.
278 929 333 957 Sed
350 938 437 966 quam
454 933 491 960 ob
501 941 620 961 causam
637 934 766 971 amplius
780 935 954 972 divagari,et
967 944 1024 964 non

1101 934 1135 966 θ’.
1156 933 1242 963 Ἀλλὰ
1253 934 1279 962 τί
1309 945 1356 970 μοι
1385 933 1571 972 παρεξοδεύιιν
1601 933 1641 965 εἰς
1667 934 1764 969 πλέον,
1796 933 1844 961 καί
1870 935 1908 969 μὴ

200 974 235 1001 ad
254 977 483 1010 percurrendum
500 979 628 1008 stadium
645 981 791 1009 reﬂectere
802 981 816 1008 ‘2
829 981 979 1017 Agebatur
989 981 1024 1009 de

200 1018 334 1055 eligenda
349 1020 408 1049 vita
436 1022 572 1058 perfecta,
589 1027 619 1052 et
646 1026 680 1053 de
707 1026 920 1054 consideranda
945 1026 975 1054 in
991 1034 1025 1054 ea

200 1063 337 1092 universa
351 1065 410 1093 vita
425 1067 613 1096 monachica:
631 1077 718 1105 quam
743 1070 791 1105 qui
818 1073 884 1106 post
899 1071 1024 1106 primam

201 1108 373 1138 describunt
386 1110 515 1140 illustres
530 1114 607 1148 apud
634 1123 686 1142 nos
703 1115 850 1148 monachi,
866 1115 896 1143 in
916 1123 1024 1143 vanum

202 1151 346 1187 laborant,
364 1155 441 1190 quod
458 1157 492 1184 ad
511 1157 590 1192 ipsos
605 1158 718 1186 attinet.
735 1159 764 1187 Si
785 1162 884 1187 autem
900 1160 936 1188 ad
951 1161 1025 1188 bene

202 1197 399 1227 ordinandum
415 1209 579 1229 sermonem
604 1203 675 1231 istos
692 1203 801 1239 primos
817 1205 979 1240 aggredior,
995 1205 1024 1232 id

203 1249 304 1270 omnes
320 1244 486 1273 mundanos
509 1246 628 1274 ordines
650 1248 832 1283 docebitffut
853 1249 946 1283 aiunt,
962 1257 1024 1276 ma-

203 1293 294 1321 gnum
309 1291 337 1314 et
353 1296 486 1324 parvum,
502 1290 577 1318 circa
602 1292 713 1327 majora
738 1295 789 1320 aut
812 1293 925 1321 minora
940 1302 1025 1321 occu-

203 1333 316 1366 patum.
331 1332 414 1360 Alius
442 1335 560 1369 quidem
589 1336 624 1363 ad
654 1337 766 1372 majora
793 1338 946 1365 ordinatus
969 1340 1025 1370 est.

203 1374 279 1402 alius
290 1376 325 1403 ad
341 1378 504 1405 secundum
520 1378 628 1413 locum,
644 1383 672 1408 et
696 1382 799 1409 tertius
816 1382 851 1409 ad
867 1382 1023 1410 inferiora:

205 1427 268 1454 quae
284 1420 400 1456 singula
416 1430 468 1449 nos
485 1431 652 1458 percurrere
663 1434 749 1454 nemo
766 1426 1024 1463 postulabit,siqui-

206 1463 272 1490 dem
303 1472 387 1492 nemo
403 1469 446 1494 est
471 1467 520 1502 qui
537 1467 613 1496 hanc
642 1471 815 1499 sententiam
845 1471 874 1499 in
902 1472 1024 1499 dubium

203 1510 327 1535 revocet.

240 1552 282 1579 10.
300 1553 508 1584 Monachorum
528 1565 620 1594 genus
644 1559 786 1588 exercitus
801 1563 856 1595 est,
881 1569 938 1589 non
953 1569 1024 1597 qua-

202 1596 365 1633 liscunque,
380 1600 429 1628 sed
445 1609 512 1630 vere
527 1602 654 1631 divinus.
665 1605 759 1640 Copiae
775 1605 926 1640 sacris,Dei
936 1606 1024 1639 acies,

205 1642 288 1669 electi
303 1644 436 1680 Domino,
460 1646 489 1672 in
519 1647 589 1675 cmlo
605 1648 715 1685 inclyti,
745 1651 866 1678 omnino
881 1652 1026 1687 segregati

205 1693 222 1712 a
237 1689 406 1720 proceribus
421 1692 503 1718 terrae
527 1692 636 1726 quibus
647 1693 724 1721 mala
738 1699 901 1730 servantur,
919 1696 1027 1724 milites

206 1730 347 1760 adversus
359 1737 523 1769 apostatam
535 1739 562 1763 et
578 1738 713 1765 rebellem
730 1739 890 1773 diabolum,
906 1740 1024 1776 angelo-

205 1783 270 1803 rum
286 1776 584 1815 imitatores,ideoque
596 1790 652 1808 non
667 1783 752 1810 modo
764 1784 867 1811 anima
879 1784 1025 1819 humanae,

204 1820 256 1847 sed
271 1821 359 1849 etiam
390 1824 520 1858 corporis
548 1827 693 1859 custodes,
716 1828 762 1854 cui
791 1828 898 1856 amotis
925 1837 1026 1865 pecca-

204 1863 255 1897 tis,
270 1868 401 1893 nostram
418 1867 544 1902 primam
568 1869 750 1899 harmoniam
779 1872 850 1900 bene
866 1863 1026 1910 congruam

205 1909 406 1953 turbantibus,
422 1912 578 1941 sanitatem
594 1915 718 1943 afferunt
732 1925 738 1950 ;
754 1916 810 1953 ipsi
826 1909 941 1946 virtutis
956 1927 1027 1947 vasa

205 1951 230 1978 si
245 1952 280 1979 ad
296 1961 360 1981 eam
387 1956 519 1991 protinus
543 1961 643 1994 aperta
664 1963 734 1988 sunt
746 1971 754 1995 ;
766 1951 887 1990 vdivinae
903 1964 1026 2000 myrrha

205 1997 399 2044 receptacula,
426 2003 542 2036 quando
569 2004 695 2039 graviter
723 2014 780 2034 non
796 2006 892 2041 olent;
909 1997 1026 2044 aposto-

205 2040 558 2089 lorumet‘ﬁgies,quando
569 2048 605 2076 ad
621 2057 668 2078 res
683 2050 798 2079 divinas
815 2040 1027 2089 exsculpendas

205 2089 276 2114 sunt
290 2087 406 2123 idonei;
423 2092 548 2126 paradisi
571 2093 727 2130 salutares,
751 2095 893 2125 inaccessi
909 2087 1028 2133 perﬁdis

206 2132 391 2168 serpentibus
406 2143 458 2170 per
485 2144 559 2172 quos
587 2139 721 2168 diabolus
733 2148 800 2168 cum
830 2132 1029 2177 praebentibus

205 2184 307 2223 aurem
322 2177 385 2223 vult
400 2179 536 2216 colloqui.
547 2184 614 2210 Hac
624 2183 821 2219 pulcherrima
836 2186 923 2221 acies,
939 2195 1028 2223 quam

206 2220 360 2250 hierarcha
375 2223 432 2252 alia
446 2226 566 2254 omnino
581 2231 711 2264 superat,
728 2231 856 2258 ostentat
870 2220 1029 2268 suos—prie-

205 2265 285 2313 latos
296 2267 346 2303 qui
362 2271 432 2297 sunt
447 2271 563 2307 magnis
578 2271 709 2309 insignes
732 2274 902 2310 virtutibus,
918 2265 968 2312 qui
985 2277 1030 2313 (ut

205 2311 340 2340 absolute
356 2313 462 2350 dicam)
477 2324 562 2344 suam
588 2308 831 2353 magnitudinem,
845 2322 874 2348 et
888 2308 1030 2357 magnum
1046 2308 1069 2341 D

206 2355 404 2385 characterem
434 2368 521 2387 suum
549 2361 630 2390 nullo
658 2363 745 2391 modo
774 2363 874 2392 fallere
900 2355 1026 2401 debent;

206 2400 290 2435 cujus
301 2402 419 2436 quidem
431 2403 654 2440 intelligentiam
666 2415 722 2435 non
737 2408 863 2437 arbitror
872 2409 914 2438 ita
926 2419 1028 2439 ascen-

207 2444 275 2472 dere
290 2445 319 2472 in
336 2449 449 2476 mentes
474 2450 617 2485 omnium,
634 2459 729 2488 neque
756 2453 914 2488 perfectam
930 2456 1027 2492 cogni-

207 2488 363 2525 tionem,ut
377 2493 472 2528 primo
487 2495 590 2523 obtutu
607 2496 799 2533 intelligatur.

243 2590 286 2618 11.
328 2592 487 2629 Propoeitis
529 2595 676 2624 variarum
719 2598 884 2634 specierum
926 2601 1029 2637 ﬁguris

207 2636 433 2673 mathematicis,
450 2639 564 2675 sphaera
580 2641 711 2670 eminere
725 2642 937 2681 videtur,cujus
951 2636 1030 2674 linea

207 2682 418 2718 circumducta,
435 2686 522 2720 atque
539 2693 608 2722 gyro
633 2694 686 2714 suo
713 2689 812 2717 omnia
840 2689 920 2718 intus
936 2690 1030 2718 invol-

207 2733 457 2765 vens,magnaque
472 2731 644 2766 apparentia
657 2731 726 2760 inde
741 2734 911 2770 conspicua,
928 2736 1030 2764 merito

209 2770 333 2800 dicenda
348 2775 393 2801 est
403 2781 509 2810 magna
523 2775 617 2811 ﬁgura
627 2779 745 2813 propter
758 2786 842 2806 suam
855 2779 1033 2816 magnitudi-

209 2824 287 2845 nem.
305 2819 412 2847 Eodem
429 2820 515 2848 modo
537 2821 709 2856 monachus,
725 2823 831 2852 virtute
855 2823 990 2861 ccelestis,
1004 2828 1033 2853 et

210 2862 393 2898 propinquus
408 2864 475 2899 Deo,
507 2866 534 2893 et
548 2865 656 2902 dignus
684 2865 783 2903 aliquo
813 2868 900 2897 modo
929 2870 979 2906 qui
995 2871 1032 2899 ad

1079 977 1269 1016 ἐπανακάμψαι
1295 979 1333 1010 εἷς
1361 980 1393 1007 τὸ
1420 979 1630 1017 προτιθειμὲνον
1657 979 1831 1017 τρόχασμας
1862 981 1909 1006 Ἢν

1079 1022 1108 1050 δὲ
1135 1024 1201 1051 αὐτὸ
1230 1023 1346 1061 έπιλογῇ
1375 1027 1426 1059 τῆς
1456 1024 1707 1061 μεγαλοσχήμονος
1729 1024 1840 1060 βιοτῆς,
1865 1023 1908 1050 καὶ

1079 1068 1179 1106 θεωρίᾳ
1207 1067 1243 1096 δι’
1270 1069 1354 1101 αὐτῆς
1378 1070 1428 1096 τοῦ
1456 1068 1523 1096 δλου
1551 1070 1705 1106 μοναχικοῦ
1730 1068 1794 1106 βίου
1826 1067 1856 1095 δν
1883 1068 1908 1094 οὶ

1078 1117 1128 1148 τῆς
1156 1114 1215 1140 καθ’
1240 1114 1314 1150 ἡμᾶς
1327 1117 1379 1150 γῆς
1399 1111 1503 1149 ἔνδοξοι
1535 1113 1654 1151 μοναχοὶ
1684 1112 1909 1151 παραγράφοντες

1079 1158 1230 1196 ἀχρειοῦσι,
1257 1159 1288 1185 τό
1315 1168 1347 1195 γε
1376 1157 1414 1189 είς
1444 1157 1541 1189 αὐτοὺς
1557 1160 1636 1192 ἧκον.
1653 1157 1687 1185 Ei
1702 1156 1730 1185 δὲ
1745 1158 1816 1194 πρὸς
1829 1157 1907 1184 οὖτα-

1080 1203 1136 1239 ξίαν
1165 1202 1251 1240 λόγου
1273 1202 1336 1234 τοὺς
1363 1202 1504 1234 τοιούτους
1518 1203 1643 1240 πρώτους
1666 1201 1906 1240 μεταχειρίσομαι,

1081 1248 1156 1282 αὐτὸ,
1174 1247 1249 1286 φασὶ,
1264 1246 1384 1282 δηλώσει
1399 1247 1479 1274 παντὶ
1499 1248 1619 1284 τάγματι
1634 1248 1772 1283 κοσμικῷ,
1792 1245 1905 1283 μηαλῳ

1079 1292 1123 1320 καὶ
1141 1295 1242 1329 μικρῷ,
1257 1293 1319 1330 περὶ
1339 1292 1422 1329 μιίζω
1438 1292 1641 1330 καταγινομένῳ
1659 1291 1704 1318 καὶ
1733 1291 1795 1328 περὶ
1828 1290 1904 1317 ἐλάτ-

1079 1338 1202 1366 τονα.Ὁ
1233 1336 1280 1374 μέν
1308 1347 1350 1368 τις
1379 1336 1548 1365 ἐπιτέτακται
1562 1336 1600 1368 εἷς
1626 1339 1730 1373 μιῖζον,
1758 1336 1772 1362 ὁ
1809 1334 1839 1362 δὲ
1868 1335 1905 1366 εἷς

1080 1380 1215 1418 δεύτερον,
1239 1382 1282 1409 καὶ
1313 1382 1376 1417 ἑξῆς
1391 1381 1429 1413 είς
1457 1380 1659 1418 ὑποδεέστερον·
1676 1381 1722 1408 κλὶ
1747 1379 1900 1418 περιελθεῖν

1080 1426 1254 1464 ἐπαγωγικῶς
1270 1426 1427 1454 τὰτοιαῦτα
1455 1425 1545 1457 οὐδεὶς
1572 1427 1647 1462 ἡμᾶς
1676 1426 1833 1461 ἀπαιτήσει,
1863 1424 1902 1451 ὅτι

1081 1470 1152 1508 μηδέ
1173 1470 1215 1507 εἴη
1232 1471 1262 1498 ἂν
1278 1472 1292 1498 ὁ
1308 1472 1465 1511 ἀμφιγνοῶν
1477 1471 1553 1499 τουτὶ
1567 1471 1599 1498 τὸ
1610 1473 1721 1507 Λῆμμα.

1116 1565 1141 1590 ι’.
1157 1562 1233 1589 Ἐστι
1250 1560 1283 1596 δὴ
1297 1562 1391 1598 τάγμα
1404 1571 1431 1589 τι
1446 1561 1491 1589 καὶ
1505 1561 1536 1589 τὸ
1555 1559 1715 1598 μοναχικὸν,
1742 1559 1788 1587 καὶ
1817 1558 1850 1586 οὗ
1873 1560 1903 1586 τὸ

1040 1623 1062 1657 C
1079 1607 1174 1644 τυχὸν,
1204 1605 1276 1633 ἀλλὰ
1305 1609 1376 1638 θιῖον
1394 1608 1442 1657 .τῷ
1467 1605 1543 1657 ὄντι·
1574 1605 1685 1657 στρατὸς
1717 1603 1814 1657 ἱερόςὶ·
1840 1605 1904 1655 Θεοῦ

1080 1648 1256 1688 παρεμϐολή·
1280 1650 1402 1678 ἐκλεκτοὶ
1431 1650 1544 1688 Κυρίῳ⁶
1575 1647 1678 1684 ἔνδοξοι
1701 1651 1752 1676 τοῦ
1777 1647 1902 1684 οὐρανῶν

1079 1698 1119 1731 τῷ
1133 1696 1211 1723 παντὶ
1228 1695 1407 1734 ἀφεστηκότες
1421 1697 1474 1722 τῶν
1491 1692 1606 1730 ἐνδόξων
1620 1697 1670 1729 τῆς
1697 1697 1759 1731 γῆς,
1781 1694 1822 1724 οἷς
1836 1693 1904 1720 κακὲ

1079 1740 1272 1778 προτίθενται·
1312 1742 1473 1777 στρατιῶται
1510 1739 1579 1766 κατὰ
1606 1741 1655 1766 τοῦ
1676 1737 1833 1765 ἀπσστάτου
1861 1737 1904 1765 καὶ

1080 1785 1214 1823 ἆντάρτου
1230 1784 1368 1821 δαίμονος’
1392 1783 1513 1822 ἀγγέλων
1542 1784 1672 1820 μιμηταὶ,
1701 1782 1746 1810 καὶ
1777 1781 1812 1810 δι’
1842 1782 1906 1809 αὐτὸ

1081 1829 1200 1869 φύλακες
1215 1830 1390 1867 ἀνθρωπίνων
1405 1829 1436 1856 οὖ
1454 1829 1536 1866 μόνον
1552 1830 1662 1866 ψυχῶν,
1691 1826 1765 1856 ἀλλὰ
1778 1826 1826 1854 καὶ
1856 1837 1906 1854 σω-

1083 1875 1186 1912 μάτων,
1215 1877 1258 1906 οἷς
1275 1872 1672 1913 ὑγιάζουσιν,ἆπαλλὰττοντες
1696 1872 1852 1909 ἁμαρτιῶν,
1880 1871 1907 1899 α⁶ί

1080 1920 1124 1948 καὶ
1139 1920 1189 1954 τὴν
1219 1919 1245 1947 έν
1272 1920 1341 1956 ἡμῖν
1369 1918 1505 1950 πολλάκις
1533 1917 1700 1956 εὐάρμοστον
1729 1917 1907 1955 στοιχειακήν

1081 1964 1211 2002 ἁρμονίαν
1228 1964 1423 2002 παραλύουσιν·
1440 1963 1538 2001 ἀρετῆς
1557 1963 1635 1990 αὐτοὶ
1651 1961 1758 2000 δοχεία,
1789 1961 1812 1989 εί
1838 1962 1905 2000 πρὸς

1081 2009 1167 2044 αὐτὴν
1181 2009 1296 2041 εὐθέτως
1319 2009 1481 2047 ἀνοίγονται·
1513 2007 1600 2046 μύρου
1627 2007 1701 2039 θείου
1729 2007 1839 2044 ἀγγεῖα,
1865 2006 1907 2034 ὅτε

1084 2054 1122 2091 μὴ
1155 2053 1261 2091 τύχωσι
1295 2056 1405 2090 σαπρῶς
1437 2050 1521 2091 ἔχειν’
1557 2050 1726 2080 ἀποστολικὰ
1761 2051 1906 2088 ἐκμαγεῖα,

1082 2099 1164 2134 ἡνίκα
1195 2099 1233 2135 μὴ
1264 2099 1356 2137 ἀφυῶς
1383 2096 1492 2136 ἔχουσιν
1516 2096 1695 2134 έκμάττεσθαι
1717 2096 1751 2123 τὰ
1765 2098 1815 2123 τοῦ
1830 2098 1906 2123 Θεοῦ·

1082 2142 1241 2181 παράδεισοι
1256 2143 1400 2181 σωτήριοι,
1429 2139 1595 2180 ἀπρόσϐατοι
1617 2141 1743 2179 ψιθύροις
1768 2138 1859 2178 ὄφεσι,
1876 2139 1908 2167 δι’

1084 2188 1120 2215 ὧν
1138 2188 1152 2215 ὁ
1176 2186 1280 2224 δαίμων
1305 2186 1393 2220 ἐθέλει
1420 2185 1515 2215 λαλεῖν
1540 2186 1614 2224 παρὰ
1627 2188 1687 2216 τοῖς
1703 2184 1906 2221 ἀνορθιάζουσιν

1083 2231 1176 2264 αὐτοῖς
1205 2233 1238 2259 τὰ
1265 2232 1331 2260 ὦτα.
1357 2233 1441 2259 Τοῦτο
1469 2231 1501 2258 τὸ
1524 2229 1662 2268 πάγκαλον
1691 2229 1798 2267 τάγμα,
1826 2229 1907 2267 οὗπερ

1085 2275 1179 2308 ἄλλως
1193 2279 1380 2314 πρωτοστατεῖ
1404 2277 1512 2307 πάντως
1535 2276 1567 2303 τὸ
1594 2275 1798 2313 ἀρχιερατιχὸν,
1827 2279 1908 2311 προῖ-

1085 2321 1234 2358 σταμένους
1247 2321 1329 2360 αὐχεῖ
1341 2321 1406 2352 τοὺς
1419 2323 1468 2348 τοῦ
1481 2319 1592 2356 άληθῶς
1611 2319 1731 2356 μεγάλου
1751 2320 1906 2357 σχήματος,

1084 2366 1129 2398 οὕς
1145 2367 1202 2404 χρή
1217 2367 1325 2398 πάντως
1344 2367 1414 2403 μήτε
1427 2366 1458 2393 τὸ
1485 2365 1553 2403 μέγα
1580 2363 1721 2401 ψεύδεσθαι
1752 2363 1905 2402 (ἆπολύτως

1084 2411 1170 2443 οὕτως
1198 2411 1305 2448 εἶπεῖν),
1336 2411 1405 2448 μήτε
1434 2412 1488 2447 μὴν
1514 2409 1645 2441 συνθέτως
1659 2409 1691 2436 τὸ
1707 2409 1777 2446 μέγα
1799 2410 1903 2447 σχῆμα·

1084 2455 1116 2484 οὗ
1130 2457 1179 2490 τὴν
1194 2453 1294 2484 ἔννοιαν
1324 2457 1374 2484 οὐκ
1399 2456 1474 2492 οἶμαι
1498 2455 1535 2486 είς
1559 2455 1607 2486 τὰς
1622 2453 1728 2482 πάντων
1756 2451 1906 2481 ἀναϐαίνειν

1083 2501 1184 2539 ψυχὰς,
1199 2501 1232 2528 τά
1245 2511 1274 2529 τε
1290 2500 1327 2532 εἰς
1344 2498 1442 2539 ἀκριϐῆ
1459 2499 1633 2535 κατανόησιν,
1655 2497 1762 2527 τοιάνδε
1783 2498 1846 2526 τινὰ
1864 2498 1908 2526 οὗ·

1085 2556 1144 2582 σαν,
1160 2546 1196 2577 ὡς
1213 2545 1240 2573 έν
1257 2546 1352 2583 πρώτῃ
1366 2543 1485 2583 ἐπιϐολῇ
1501 2546 1649 2583 θεωρῆσαι.

1122 2601 1164 2629 ια’.
1181 2602 1238 2627 Τῶν
1255 2600 1322 2628 κατᾶ
1349 2600 1463 2637 μάθησιν
1494 2598 1645 2637 σχημάτων
1674 2596 1830 2626 πολυειδῶν
1847 2597 1908 2625 ὁπο-

1084 2646 1244 2682 τεθειμένων
1270 2645 1441 2683 ὑπερκεῖσθαι
1470 2644 1501 2672 τὸ
1525 2644 1593 2671 κατὰ
1617 2644 1666 2678 τὴν
1683 2645 1797 2682 σφαῖραν
1824 2641 1906 2676 δοκεῖ,

1084 2691 1144 2722 καθ’
1173 2692 1204 2726 ἢν
1228 2691 1273 2718 καὶ
1301 2691 1318 2726 ἡ
1354 2689 1476 2724 ἀπλανὴς
1504 2689 1691 2727 περιηγμένη,
1713 2687 1829 2738 *καίτῷ
1850 2686 1907 2738 κατ’

1085 2735 1168 2770 αὐτὴν
1195 2735 1271 2773 γύρῳ
1298 2736 1329 2763 τὸ
1353 2738 1406 2763 πᾶν
1422 2734 1475 2762 ἔσω
1492 2734 1651 2773 σφίγγουσα,
1679 2733 1722 2760 καὶ
1750 2732 1809 2761 λίαν
1837 2731 1908 2759 πολὺ

1085 2780 1216 2818 σέμνωμα
1229 2780 1345 2813 ἐντεῦθεν
1370 2778 1539 2814 πλουτοῦσα,
1555 2778 1644 2817 ὀρθῶς
1660 2776 1705 2805 διὰ
1718 2777 1749 2805 τὸ
1777 2777 1834 2805 κατ“
1861 2776 1909 2803 αὒ-

1085 2826 1134 2860 τὴν
1157 2824 1302 2863 μεγαλεῖον
1330 2825 1440 2864 λέγοιτο
1466 2824 1498 2852 ἂν
1530 2823 1600 2861 μέγα
1626 2825 1733 2860 σχῆμα.
1763 2823 1794 2851 Ὀ
1816 2820 1904 2849 τοίνυν

1084 2870 1134 2906 τὴν
1150 2870 1248 2908 ἀρετὴν
1272 2869 1397 2910 οὐράνιος
1427 2868 1560 2908 μοναχὸς,
1582 2867 1626 2895 καὶ
1651 2866 1738 2899 οὕτως
1767 2866 1904 2906 amem,
