2030 3167
106 164 166 194 ’137

609 160 662 191 DE
682 158 930 190 EMENDANDA
951 159 1042 191 VITA
1067 160 1311 192 MONACHICA.

1751 166 1810 196 738

105 226 320 263 ἀπιικονίζεσθαί
344 237 403 258 πως
432 225 548 264 ὀφείλων
577 226 648 264 πρὸς
668 226 718 260 τὴν
733 227 790 253 κατ’
811 225 928 262 οὖρανον
944 243 950 260 ,

1007 234 1085 255 eram
1100 228 1245 256 caelestem
1265 229 1392 264 speciem
1409 232 1603 266 comparetur,
1625 233 1658 258 ut
1673 231 1750 259 infra
1765 232 1811 259 di-

107 272 228 308 ἀπλανῆ,
242 272 280 304 ὠς
301 272 315 299 ὁ
340 271 420 310 λόγος
445 271 548 309 προϊὼν
571 271 688 309 ἐκφανεῖ,
714 269 808 305 δοκοίη
830 268 874 297 ἂν.
889 269 931 296 ἐν-

106 319 196 346 τιῦοεν
221 315 448 354 μεγαλοσχήμων
470 315 658 352 ὀνομάζεσθαι,
674 314 845 351 καλούμενος
863 313 935 341 οὕτω

109 363 178 401 πρὸς
201 360 360 396 διαστολὴν,
387 360 477 398 ὥσπερ
502 362 520 395 ἡ
542 363 640 397 σφαῖρα
655 358 806 397 σχημάτων
823 359 934 394 ἑτέρων,

111 407 182 436 οὕτω
197 407 242 435 καὶ
258 406 337 437 αὐτὸς
352 408 405 433 τῶν
424 405 463 442 μή
478 408 536 432 κατ’
552 404 643 432 αὐτόν.

150 453 194 490 ιβ’.
211 451 260 479 Καὶ
272 453 352 478 τοῦτο
378 451 425 487 μὲν
453 449 524 477 οὕτω
539 448 585 476 διὰ
612 449 736 487 βραχέων
760 448 889 486 εἰρήσθω,
906 449 936 476 ού

111 497 200 532 πάντη
223 496 395 535 ἆπροσφυῶς,
422 495 507 532 οἶμαι.
532 494 613 525 Εἷκὸς
639 493 668 521 δὲ
689 493 752 525 τοὺς
769 492 813 521 διὰ
828 493 938 532 φιλοσο-

113 542 174 582 φίας
191 540 361 576 ἐληλυθότας
384 540 552 578 ἁγιωτάτους
568 538 688 577 Πατέρας
709 538 754 566 καὶ
770 538 863 569 ἄλλως
880 538 937 573 ἑξο-

113 586 229 624 νομάσαι
251 585 301 620 τὴν
317 584 389 612 θείαν
413 584 514 620 ταύτην
532 583 829 622 μεγαλοσχημοσύνην.
850 585 938 620 Τριῶν

115 632 167 669 γὰρ
198 629 375 669 πεφασμένων
405 629 556 667 σχημάτων
583 631 642 660 τοῖς
664 626 848 656 ἀποδεικνύειν
870 637 938 665 προ-

113 676 265 713 τιθεμὲνοις
291 674 450 714 φιλοσόφως
477 675 512 702 τὰ
538 673 646 712 λογικὰ,
673 673 718 701 καὶ
739 675 788 700 τοῦ
803 673 829 701 ἐν
846 673 938 704 αὐτοῖς

113 720 318 758 τεθεωρημένου
357 719 470 756 πρώτου
512 717 677 756 σιμνομὲνου
715 717 759 745 ἐπὶ
793 721 852 748 τοῖς
882 717 938 754 μετ’

115 766 180 794 αὐτὸ
194 765 227 793 τά
240 775 270 792 τι
284 762 366 798 ἄλλα,
383 764 427 791 καὶ
445 763 487 791 ὅτι
502 762 537 791 δι’
552 763 635 790 αὐτοῦ
650 762 738 790 ἐκεῖνα
759 761 937 794 τελειοῦν-ται,

114 811 146 838 τὸ
162 809 285 847 δεύτερον
305 807 414 844 δηλαδή
440 808 483 835 καὶ
498 808 528 835 τὸ
549 807 650 845 τρίτον,
668 807 705 838 ὡς
727 806 773 834 καὶ
788 805 854 834 αὗτὸ
870 806 939 833 ἀπο-

117 854 284 883 δεικνύουσιν
311 854 337 881 οῖ
361 852 451 891 σοφοὶ,
475 852 538 890 τάχ’
557 851 587 879 ἂν
611 851 709 879 ἐκεῖθεν
725 852 769 878 καὶ
786 852 800 878 ὁ
818 849 940 888 μεγαλο-

117 900 171 937 σχή
177 910 236 936 μων
251 896 294 933 εἴη
310 897 406 935 λαχὼν
422 895 553 933 τοῦνομα.
570 896 706 934 Πρωτεύει
720 895 784 934 γοῦν
799 895 845 923 καὶ
861 895 940 926 αὐτὸς

118 944 144 972 ἐν
160 946 218 975 τοῖς
237 943 294 979 μετ’
309 940 400 970 αὐτόν.
417 942 448 968 Οἱ
471 940 500 969 δὲ
524 941 601 969 εἰσιν·
628 941 642 968 ὁ
666 940 713 978 (ὡς
741 940 837 977 εΐπιῖν)
852 938 939 967 δευτε-

119 989 271 1026 ροσχήμων
299 985 473 1023 μανδυώτης,
489 985 534 1013 καὶ
559 986 573 1012 ὁ
595 985 713 1024 ὑστερῶν
741 984 843 1012 ἐκείνου
869 984 941 1011 εἱσα-

119 1032 250 1071 γωγικός.
280 1031 333 1059 Καὶ
362 1030 519 1068 σεμνύνεται
546 1031 560 1058 ὁ
575 1032 623 1057 τοῦ
648 1029 766 1068 μεγάλου
785 1030 940 1067 σχήματος,

121 1078 162 1104 ὅτι
178 1075 337 1107 ἀποδεικνὺς
360 1074 460 1112 λογίως
485 1075 518 1102 τὰ
543 1075 713 1111 πνευματικὰ
726 1073 752 1101 ἓν
768 1084 797 1101 τε
812 1076 851 1109 τῷ
865 1076 941 1101 ποεῖν

120 1121 198 1156 αὐτὰ,
227 1120 271 1148 καὶ
300 1119 326 1147 ἐν
355 1119 395 1156 τῷ
419 1118 568 1155 διδάσκειν,
599 1119 621 1146 εἰ
653 1120 691 1156 μὴ
721 1118 942 1156 συλλογιστικαῗς

121 1167 259 1203 ἀνάγκαις,
274 1164 347 1193 ἀλλὰ
371 1166 459 1192 πειθοῖ
484 1166 548 1201 γοῦν
570 1163 726 1200 Πνεύματος
742 1164 829 1202 ἁγίου,
842 1163 945 1191 τελειοῖ

119 1212 153 1238 τὰ
170 1211 214 1238 ὑπ’
229 1210 308 1238 αὐτὸν
325 1210 455 1247 σχήματα
479 1209 545 1246 πρὸς
567 1208 706 1247 ἀρτίωσιν,
721 1210 760 1243 τῷ
777 1207 852 1244 μόνῳ
868 1210 944 1246 σοφῷ

121 1257 179 1291 Θεῷ
193 1254 366 1291 ἀρέσκουσι-αν.
393 1253 481 1282 Ἀλλα
508 1255 590 1280 ταῦτα
618 1253 664 1289 μὲν
690 1255 748 1283 τοῖς
769 1251 877 1279 πλείοσι
889 1254 943 1279 τῶν

123 1301 266 1336 μοναχῶν,
291 1298 328 1330 ὡς
354 1299 398 1325 οἷα
424 1297 468 1324 καὶ
498 1296 536 1328 εἴς
564 1307 638 1327 τινας
670 1296 784 1335 γρίφους
813 1296 917 1328 ἀποκαθ
933 1312 945 1317 -

122 1345 246 1378 εστῶτα,
276 1342 302 1374 ἐς
338 1344 466 1370 τοσοῦτον
512 1340 716 1379 περιελευστὲον
755 1340 781 1368 ἐν
822 1341 944 1378 βραχεῖ·

123 1387 232 1416 λεκτέον
248 1385 277 1414 δὲ
291 1397 316 1414 τι
331 1387 432 1421 νόημα,
449 1386 493 1413 καὶ
507 1385 609 1424 τρίτον,
623 1385 707 1423 οὗπερ
731 1384 802 1413 ἔστιν
828 1385 946 1416 ἅπαντας

123 1432 293 1471 ὃράττεσθαι.

161 1478 203 1516 ιγ’.
221 1478 252 1505 ’0
268 1475 425 1506 πολλοστὸς
450 1474 593 1513 ἄνθρωπος
612 1475 627 1502 ὁ
651 1474 776 1513 περιττὸς
795 1472 947 1512 ἅνθρωπος,

125 1522 157 1550 τὸ
185 1524 236 1549 πᾶν
266 1520 363 1556 εἰπεῖν,
392 1521 460 1551 ἅπας
489 1519 630 1557 ἅνθρωπος
662 1518 733 1556 βίου,
763 1520 777 1547 ὁ
806 1519 879 1557 παρὰ
901 1519 948 1546 τὸν

124 1565 202 1598 ἷόίως
219 1565 366 1604 λεγόμενον
385 1565 517 1602 μοναχὸν,
532 1562 720 1595 ἀδιατύπωτος
736 1563 801 1590 εἶναι
818 1562 890 1598 δόξοι
906 1562 948 1598 ἂν,

122 1611 168 1639 καί
193 1621 252 1642 πως
280 1608 408 1644 ἀνείδεος,
433 1609 478 1637 καὶ
503 1608 750 1647 ἆχαρακτήριστος,
779 1608 824 1635 καὶ
854 1606 948 1646 ἀδιάρ-

123 1657 241 1694 θρωτος,
266 1655 311 1682 καὶ
336 1653 512 1693 ἀμόρφωτος,
528 1653 573 1680 καὶ
597 1652 838 1687 ἀκατασκεύαστος,
857 1651 910 1684 ἕως
924 1651 949 1679 ἐν

123 1703 186 1732 τοῖς
215 1699 289 1728 κάτω
318 1699 469 1737 στρέφεται.
488 1696 580 1725 Αἴτιον
602 1696 631 1725 δὲ
653 1701 704 1732 τῆς
722 1697 850 1733 τοιαύτης
867 1696 953 1732 δοκή-

126 1756 194 1776 σιως
209 1745 240 1772 τὸ
256 1743 381 1772 ποικίλον
404 1745 453 1771 τοῦ
479 1742 539 1781 βίου
563 1742 608 1770 καὶ
632 1740 775 1773 πολυειδὲς
794 1742 838 1769 καὶ
856 1743 952 1780 μυριό-

127 1800 255 1828 στροφον,
284 1789 424 1820 κάντεῦθεν
450 1788 501 1815 οὐκ
524 1786 736 1815 εὐδιατύπωτον.
763 1787 882 1824 Χρώζων
902 1787 953 1825 γάρ

128 1846 170 1867 τις
197 1834 289 1862 ἑαυτὸν
316 1833 353 1864 ὡς
378 1833 415 1864 εἷς
440 1833 550 1870 ἀρετὴν,
575 1833 619 1859 ὅτε
644 1832 701 1870 βιοῖ
725 1830 955 1869 χθαμαλώτερον,

130 1880 187 1907 εἶτα
215 1877 411 1916 παρυψωθεὶς,
443 1876 647 1914 μεταχρώζεται
676 1874 714 1906 εἰς
741 1875 771 1902 τὸ
797 1875 929 1903 ἀνάπαλιν
948 1897 954 1904 .

131 1923 244 1962 Ἕτερος
272 1933 313 1953 τις
344 1922 523 1959 ἀγριούμινος
545 1920 789 1958 τυραννικώτερον,
821 1919 866 1947 ὅτε
896 1920 955 1957 βίος

130 1968 210 1997 αὐτὸν
236 1966 356 2005 ἀμφέπει
381 1964 607 1999 δυναστευτικὸς,
634 1965 690 1992 εἶτα
718 1964 882 2002 παραλυθεὶς
909 1962 957 1992 τοῦ

130 2012 283 2047 δύνασθαι,
313 2010 512 2048 σχηματίζεται
538 2009 593 2047 οὐχ
621 2009 689 2036 ἑκὼν
719 2008 757 2039 εἷς
786 2008 958 2046 ἱλαρότητα,

131 2057 302 2094 ἐξαλλάττων
330 2056 380 2090 τὴν
403 2053 553 2092 θηριωδίαν
579 2053 616 2084 εἷς
639 2052 841 2090 ἀνθρωπότητσ..
857 2054 960 2090 Ἔμορ-

132 2101 234 2143 φάσατό
256 2111 297 2132 τις
320 2100 396 2131 αὖθις
422 2099 448 2126 ἐν
477 2100 564 2135 καιρῷ
660 2096 858 2143 ἐλεημοσύνηνί
889 2095 962 2125 ἀλλὰ

135 2140 231 2186 μικρὸν
248 2146 294 2173 καὶ
309 2144 348 2175 εἴς
374 2143 493 2181 ἓτεροίαν
521 2141 681 2186 μετηλλάγη
709 2140 775 2176 ἕξιν,
790 2141 821 2186 ἣν
843 2142 962 2186 ὁΔτραγι-

134 2184 281 2230 κευόμενος
297 2187 516 2228 ἀναρπαξάνδραν
541 2185 614 2214 εἶ’ποι
640 2186 680 2215 ἄν.
706 2185 845 2222 Ἐμπαλιν
862 2184 892 2213 δὲ
905 2189 963 2218 τοῖς

133 2237 270 2268 τοιούτοις
290 2233 403 2272 οἴδαμεν
424 2233 470 2261 καὶ
496 2233 620 2270 ἅρπαγας
643 2231 813 2269 ἀνθρώπους,
839 2231 864 2258 οἳ
887 2241 963 2267 μετε-

990 274 1080 305 eetur,
1099 275 1197 308 posset
1225 273 1328 301 exinde
1351 282 1475 310 magnus
1499 275 1566 308 diei,
1583 284 1675 312 eoque
1692 277 1811 305 nomine

989 318 1085 343 vocari
1102 317 1137 344 ad
1153 317 1347 345 differentiam
1365 318 1489 346 aliorum
1518 320 1719 354 dissimilium,
1736 322 1812 349 sicut

991 361 1105 397 sphaera
1121 361 1158 389 sb
1172 362 1236 390 aliis
1253 362 1356 398 ﬁguris
1372 363 1559 391 discernitur.

1028 451 1071 478 12.
1088 450 1152 479 Haec
1164 451 1298 484 breviter,
1315 460 1372 479 non
1389 453 1509 481 omnino
1527 453 1557 480 in
1571 462 1690 488 vanum,
1707 457 1740 482 ut
1768 464 1814 482 ar-

991 496 1093 528 bitror,
1111 496 1188 523 dicta
1204 496 1322 524 fuerint.
1336 497 1502 525 Verisimite
1518 500 1562 526 est
1576 506 1626 526 eos
1642 498 1691 534 qui
1721 499 1815 534 philo-

992 539 1097 575 sophia
1112 540 1291 568 sanctissimi
1308 541 1408 569 Patres
1439 544 1509 569 sunt
1532 542 1635 577 habiti,
1653 543 1727 570 hanc
1743 543 1816 571 divi-

993 592 1061 611 nam
1077 584 1213 612 monachi
1243 585 1477 621 magnitudinem
1507 586 1623 614 aliunde
1648 587 1815 616 deduxisse.

991 628 1098 656 Tribus
1122 629 1199 656 enim
1218 630 1344 657 statibus
1359 632 1425 658 ante
1454 630 1520 658 illos
1548 631 1598 668 qui
1629 632 1663 659 ad
1693 632 1817 668 logicam

993 673 1065 701 scite
1080 674 1241 701 docendam
1258 675 1459 710 praeﬁciuntur
1480 676 1740 711 apparentibus,et
1755 685 1819 712 pro-

993 718 1056 754 prie
1066 717 1183 746 illorum
1198 719 1261 746 viso
1277 719 1404 754 primum
1417 719 1514 747 locum
1531 723 1627 748 tenere
1638 729 1729 757 supra
1745 721 1818 750 alios

994 765 1162 798 sequentes,
1179 765 1207 790 et
1222 762 1287 790 aliis
1312 763 1347 791 de
1375 764 1483 798 causis,
1500 766 1528 792 et
1553 765 1622 800 quia
1651 774 1703 802 per
1727 766 1817 794 istum

994 806 1042 834 alii
1066 806 1269 842 perﬁciuntur,
1288 807 1399 835 scilicet
1421 810 1569 837 secundus
1596 811 1625 838 et
1653 810 1769 846 tertius,
1786 813 1819 839 ut

994 851 1198 879 demonstrant
1213 851 1371 888 sapientes,
1388 853 1492 881 exinde
1507 854 1628 882 forsitan
1649 863 1755 883 nomen
1772 863 1820 883 ae~

994 895 1070 932 cepit
1086 896 1184 931 magni
1199 896 1317 925 habitus
1333 897 1506 925 monachus.
1525 899 1636 926 Primas
1651 899 1741 935 igitur
1756 908 1821 936 par-

996 941 1041 967 tes
1056 941 1119 975 ipse
1134 943 1214 968 tenet
1228 941 1304 968 inter
1318 941 1391 969 alios
1420 942 1469 978 qui
1500 945 1673 978 sequuntur.
1691 944 1712 970 li
1729 945 1797 971 sunt
1813 952 1819 970 :

998 985 1187 1012 mantellatus
1202 985 1241 1021 (1)
1257 986 1378 1013 minoris
1407 987 1518 1015 ordinis
1547 988 1635 1021 (verbi
1664 988 1780 1024 gratia),
1794 990 1822 1015 et

997 1031 1064 1065 post
1078 1029 1156 1056 hunc
1173 1029 1310 1057 novitius.
1341 1030 1506 1058 Honoratur
1531 1031 1587 1059 iste
1611 1032 1766 1068 perfectus,
1788 1040 1821 1060 eo

998 1073 1075 1109 quod
1092 1073 1258 1109 spiritualis
1271 1075 1362 1110 perite
1391 1075 1516 1103 edocens
1539 1078 1601 1103 tum
1619 1077 1740 1111 agendo,
1756 1078 1821 1104 tum

998 1118 1141 1152 docendo,
1152 1118 1178 1146 si
1193 1126 1250 1146 non
1264 1119 1427 1155 syllogismi
1440 1120 1566 1153 vinculo,
1583 1120 1686 1148 saltem
1698 1121 1823 1156 Spiritus

999 1162 1094 1190 sancti
1109 1163 1212 1198 gratia,
1230 1162 1381 1192 inferiores
1405 1165 1524 1192 ordines
1551 1165 1586 1192 ad
1616 1165 1823 1201 perfectionem

1000 1207 1129 1240 adducit,
1146 1215 1210 1243 qua:
1227 1208 1277 1236 uni
1292 1211 1320 1236 et
1334 1208 1459 1244 sapienti
1484 1209 1542 1237 Deo
1559 1209 1662 1245 placet.
1680 1210 1738 1238 Ista
1765 1219 1820 1238 au-

999 1254 1058 1279 tem
1074 1251 1159 1287 quasi
1173 1253 1302 1287 seposita
1316 1253 1350 1280 ad
1368 1254 1508 1287 quaedam
1521 1255 1707 1289 quaestiones,
1725 1253 1826 1290 pleris-

1001 1304 1058 1331 que
1073 1295 1226 1324 monachis
1241 1296 1368 1324 breviter
1383 1297 1425 1325 sio
1441 1299 1639 1333 percurrenda
1653 1300 1737 1326 erant
1753 1307 1759 1326 :
1776 1298 1824 1326 di-

1001 1340 1093 1368 cenda
1108 1342 1206 1368 autem
1222 1342 1266 1368 est
1281 1341 1378 1376 aliqua
1396 1342 1542 1370 sententia
1557 1343 1643 1371 tertia
1660 1351 1749 1379 quam
1765 1351 1826 1371 om-

1003 1393 1055 1413 nes
1070 1387 1195 1421 possunt
1211 1385 1365 1421 attingere.

1041 1475 1083 1502 13.
1101 1474 1192 1502 Homo
1207 1474 1298 1510 vulgi,
1324 1475 1456 1511 plerique
1473 1475 1615 1509 homines,
1632 1478 1660 1503 et
1685 1478 1716 1503 ut
1730 1477 1828 1505 omnia

1005 1518 1191 1554 complectar,
1220 1519 1348 1547 universi
1373 1519 1507 1547 homines
1531 1520 1698 1553 saeculares,
1725 1523 1829 1556 praeter

1006 1563 1117 1591 dictum
1127 1563 1243 1599 proprie
1253 1563 1440 1597 monachum,
1458 1564 1755 1599 judicandisuntesse
1765 1565 1829 1592 sine

1004 1609 1083 1644 typo,
1100 1607 1163 1636 sine
1177 1608 1285 1643 specie,
1298 1607 1361 1635 sine
1376 1607 1551 1642 charactere,
1564 1609 1627 1636 sine
1642 1608 1830 1637 distinctione

1006 1652 1069 1680 sine
1086 1652 1188 1685 forma,
1205 1654 1234 1679 et
1254 1651 1317 1680 sine
1333 1655 1448 1685 ornatu,
1466 1653 1599 1688 quandiu
1616 1653 1692 1681 inter
1715 1656 1834 1681 terrena

1005 1699 1171 1725 versantur.
1188 1696 1279 1732 Cujus
1302 1697 1452 1724 sententiae
1481 1706 1575 1725 causa:
1597 1701 1667 1726 sunt
1682 1698 1752 1726 vnrii
1767 1698 1832 1726 vitze

1007 1743 1153 1777 aspectus,
1185 1741 1264 1768 mille
1292 1741 1378 1776 vices,
1396 1742 1520 1778 ideoque
1545 1742 1673 1770 difﬁcilis
1689 1743 1831 1771 deﬁnitio.

1008 1786 1138 1814 Colorem
1154 1785 1271 1813 virtutis
1289 1786 1337 1814 ille
1355 1789 1487 1822 usurpat,
1504 1787 1573 1814 dum
1590 1788 1659 1815 vivit
1676 1787 1832 1822 terrestris,

1010 1831 1060 1859 sed
1091 1830 1221 1858 elevatus
1251 1839 1318 1858 mox
1348 1832 1383 1859 ad
1414 1832 1571 1867 pristinum
1600 1833 1725 1861 colorem
1747 1832 1834 1861 redit.

1010 1875 1090 1903 Alius
1106 1875 1186 1903 saevit
1209 1876 1371 1912 tyrannice,
1396 1877 1465 1903 dum
1482 1877 1542 1913 agit
1557 1885 1623 1905 cum
1640 1879 1791 1914 potestate,
1809 1878 1838 1905 et

1011 1929 1044 1948 ea
1056 1920 1165 1948 amissa
1182 1921 1217 1948 ad
1234 1920 1418 1948 clementiam
1432 1921 1542 1950 invitus
1554 1922 1638 1958 redit,
1648 1931 1682 1950 ex
1698 1922 1790 1950 ferina
1808 1921 1838 1949 in

1012 1966 1174 1993 humanam
1188 1967 1324 1993 naturam
1353 1969 1497 1994 mutatus.
1511 1967 1690 2002 Largitatem
1715 1967 1837 2003 quidam

1013 2010 1396 2045 aiiquandoinduerat,mox
1411 2011 1440 2038 in
1457 2011 1582 2039 alterum
1595 2012 1727 2038 habitum
1743 2014 1839 2038 trans-

1015 2054 1171 2089 fertur,qui
1181 2062 1198 2081 a
1213 2055 1323 2090 tragico
1335 2058 1435 2090 raptor
1448 2056 1601 2082 hominum
1616 2058 1694 2082 esset
1708 2057 1837 2082 vocatus.

1016 2100 1050 2126 Et
1074 2102 1176 2126 contra
1204 2107 1324 2134 rapaces
1339 2098 1473 2127 homines
1502 2101 1639 2127 novimus
1663 2099 1798 2126 liberales
1814 2100 1843 2126 et

1018 2145 1120 2179 postea
1149 2143 1332 2178 ferocientes,
1348 2144 1455 2171 deinde
1469 2144 1577 2171 stultos
1592 2152 1625 2171 ac
1641 2143 1843 2179 superbientes

1018 2190 1047 2215 et
1061 2186 1156 2223 quiad
1166 2187 1304 2215 virtutem
1315 2188 1422 2215 reversi
1430 2188 1616 2216 sunt.Saeculi
1628 2188 1752 2223 Euripus
1764 2187 1844 2214 mille

1018 2231 1188 2260 istiusmodi
1196 2232 1435 2260 conversasiones
1441 2233 1519 2260 videt
1527 2233 1758 2268 reﬂecti,quibus
1765 2240 1845 2260 secu-

134 2283 276 2321 γράφησαν
302 2281 370 2318 πρὸς
397 2276 552 2315 μετάδοσιν,
577 2276 622 2321 καὶ
648 2275 950 2321 ἱλαροὺςηέξηγριωμέ-

1015 2277 1085 2305 laris
1095 2276 1182 2304 homo
1191 2276 1308 2304 videtur
1318 2276 1416 2312 plures
1426 2277 1627 2314 facies.plures
1639 2277 1747 2304 formas
1756 2284 1845 2312 quam

133 2319 237 2359 tange
255 2325 357 2363 ὑστέρῳ
378 2321 481 2361 χρόνῳ·
500 2332 545 2349 και
574 2319 693 2358 ἄφρονας
718 2320 853 2357 ὕψηλοὺς,
880 2331 960 2355 μετα-

1017 2322 1138 2349 Proteus
1148 2321 1264 2354 habere,
1282 2329 1356 2357 quas
1377 2330 1549 2349 enumerare
1563 2324 1640 2350 esset
1650 2320 1845 2358 impossibile.

138 2370 268 2400 πεσόντας
286 2369 324 2400 εἷς
339 2368 370 2396 τὸ
385 2367 516 2406 ἐνάρετον.
532 2364 650 2402 Εὔριπος
670 2365 731 2403 βίου
749 2364 862 2401 μυρίους
879 2364 1019 2397 τοιούτους
1036 2363 1092 2392 οἶδε
1112 2365 1233 2403 στρέφειν
1255 2364 1397 2402 ἑλιγμοὺς,
1414 2363 1449 2392 δι’
1478 2364 1514 2392 ὧν
1533 2365 1754 2403 πολυπρόσωπός
1775 2375 1816 2395 τις
1830 2365 1845 2391 ὁ

138 2417 188 2443 τοῦ
205 2414 266 2452 βίου
290 2412 442 2450 ἄνθρωπος,
459 2412 503 2439 καὶ
519 2411 652 2449 Πρωτέως
667 2409 925 2447 πολυμορφότερος,
940 2410 977 2442 εἰς
992 2410 1054 2439 ὅσον
1071 2409 1122 2437 οὐκ
1135 2406 1206 2437 ἔστιν
1223 2408 1318 2437 εἰπεῖν.

177 2457 219 2486 ιδ’.
238 2457 286 2485 Καὶ
309 2456 380 2484 οὕτω
402 2457 448 2492 μὶν
466 2456 480 2483 ὁ
498 2455 557 2493 βίος
580 2454 624 2483 διὰ
637 2455 669 2482 τὸ
690 2453 964 2492 πολυσχημάτιστον,

138 2505 185 2533 καὶ
213 2502 359 2540 ἀόριστον,
384 2500 428 2528 καὶ
453 2500 538 2531 οὕτως
564 2498 688 2534 ἄστατον,
705 2498 749 2526 in?
773 2498 832 2531 ἑνὸς
845 2509 966 2537 κατηγο-

177 2576 217 2612 (1)
236 2575 265 2602 in
281 2574 345 2612 hoc
368 2571 509 2612 opusculo
529 2574 594 2612 _tr_es
618 2571 827 2612 monachorum
845 2570 968 2612 ordines

144 2606 301 2647 distinguit
317 2606 499 2647 Eustathius:
529 2607 714 2647 Primoﬂloco
739 2606 864 2634 habendi
888 2609 967 2639 sunt,

143 2657 217 2684 quos
231 2642 314 2684 vocat
329 2643 598 2684 Μεγαλοσχήμονας.
627 2642 661 2669 Hi
689 2646 843 2684 tonsuram
866 2650 970 2678 accpe-

144 2679 315 2717 rant,sucris
327 2679 414 2709 rebus
429 2679 545 2716 tempus
559 2679 830 2717 consumebant,res
839 2686 970 2706 commu-

146 2729 196 2748 nes
213 2714 361 2756 regebant.
375 2716 431 2756 ipsi
444 2714 544 2756 majus
556 2714 678 2756 pallium
694 2722 744 2741 seu
761 2714 969 2756 indumentum

145 2750 287 2789 ferebant,
303 2750 463 2783 unde-dicti
479 2750 689 2789 sunt—proprie
715 2750 850 2789 monachi
872 2750 971 2789 magni

144 2786 311 2821 indumenti
327 2789 408 2827 (μέγα
420 2788 546 2826 exmia);
570 2786 694 2827 illorum
711 2786 972 2827 planeta‘seupsl-

144 2829 220 2858 lium
237 2821 524 2862 forma'oblonga'ex'
532 2823 613 2852 omni
634 2821 727 2860 parte,
743 2831 761 2851 ο
784 2821 859 2851 collo
873 2821 973 2860 adpe-

1059 2456 1101 2484 14.
1119 2455 1165 2483 Sic
1182 2455 1333 2490 saeculum,
1344 2463 1377 2483 eo
1399 2456 1477 2491 quod
1494 2457 1539 2483 est
1558 2455 1721 2483 multarum
1738 2455 1848 2483 forma—

1025 2509 1103 2535 rum,
1119 2500 1317 2533 indeﬁnitum,
1334 2502 1422 2536 atque
1436 2500 1617 2534 inconstans,
1633 2500 1668 2528 de
1684 2508 1742 2528 uno
1754 2499 1852 2536 arguit

1023 2571 1074 2598 des
1090 2571 1284 2606 deeidebat,et
1300 2579 1388 2606 super
1396 2571 1518 2599 brachia
1533 2570 1725 2600 relevabatur.
1742 2570 1851 2598 Coloris

1023 2607 1098 2642 nigri
1116 2610 1186 2635 erat.
1204 2607 1261 2634 Hos
1277 2607 1341 2634 dico
1352 2616 1474 2643 magnos
1490 2608 1660 2641 monachos,
1678 2610 1728 2635 aut
1743 2607 1852 2644 perfec-

1023 2646 1068 2671 tos
1081 2643 1150 2676 ;hoo
1158 2643 1276 2670 nomine
1285 2643 1408 2670 decursu
1429 2644 1524 2678 operis
1532 2643 1663 2671 utar.Alii
1673 2643 1852 2671 erantmino-

1025 2688 1082 2712 res,
1099 2688 1173 2715 quos
1188 2679 1371 2707 Mantellatos
1387 2680 1458 2707 dicit
1474 2680 1534 2707 sive
1551 2678 1710 2714 μανδυώτας
1723 2689 1730 2711 ;
1742 2681 1770 2707 et
1785 2686 1852 2715 non-

1026 2714 1177 2757 nunquam
1195 2715 1575 2763 pnxpoaxﬁpovac.“Tertius
1605 2716 1675 2743 ordo
1698 2714 1853 2763 φρει-Ἰξιονί-

1026 2750 1146 2786 tiorum,
1163 2759 1214 2780 seu
1230 2750 1424 2814 εἷσαγὼγικῶν.
1441 2751 1480 2780 De
1494 2752 1604 2788 quibus
1618 2751 1740 2780 seorsim
1755 2750 1853 2778 dicen-

1026 2788 1098 2814 dum
1113 2788 1167 2814 erit
1183 2787 1239 2814 alio
1255 2788 1285 2814 in
1310 2795 1361 2814 oco
1374 2788 1410 2814 ad
1426 2788 1527 2814 ﬁnem.

1026 2788 1098 2815 dum
1113 2788 1167 2816 erit
1183 2787 1239 2816 alio
1255 2788 1285 2816 in
1298 2787 1361 2816 loco
1374 2788 1411 2816 ad
1426 2787 1527 2817 linem.
