2030 3167
131 173 187 203 ’141

639 170 691 201 DE
711 169 958 202 EMENDANDA
979 169 1073 200 VITA
1095 169 1339 201 MONAGHICA.

1781 176 1840 205 ’142

130 237 181 266 τού
196 236 328 277 ἀνεφέλου
340 236 426 265 τόπου
441 236 486 265 καὶ
508 236 548 264 ἀεὶ
571 237 756 276 φωτοφανοῦς*
780 235 824 263 καὶ
853 233 886 269 δὴ
914 244 946 261 κα

1016 235 1144 272 potiatur
1157 236 1212 264 hoc
1225 236 1359 271 voto,hac
1374 237 1534 273 lucejuxta
1550 240 1639 267 Deum
1651 240 1751 268 sedem
1767 241 1841 277 ﬁgat

127 283 255 318 τεύξηται
282 284 332 317 τῆς
355 281 483 317 τοιαύτης
511 281 635 320 ἐφέσεως,
666 279 713 308 εῗτ⁴
743 279 788 308 οὖν
818 279 953 319 φαύσεως,

128 327 174 355 καὶ
202 327 240 358 εἷς
268 327 314 354 τὸν
344 327 408 354 Θεὸν
424 326 609 363 ἀποκαταστῇ,
625 325 709 353 τόπου
723 325 868 363 γενόμενος
884 324 954 361 ὑψη-

129 371 259 407 λοτάτου,
275 371 319 410 ἀφ’
335 371 366 398 οὗ
381 369 536 398 ἆπιϐλέπων
559 372 573 398 ὁ
595 370 695 408 Κύριος
723 369 857 397 διοπτεύει
884 369 954 395 πάν-

123 427 175 448 τας
202 416 266 447 τοὺς
311 416 386 446 υἱοὺς
421 418 475 442 τῶν
513 415 674 452 ἀνθρώπιον,
701 415 746 442 καί
774 425 833 446 πως
861 413 954 449 ἐκείνῳ

123 471 359 499 συμπροκυπτων,
389 459 499 487 δύναται
528 459 572 486 καὶ
610 460 691 490 αὐτὸς
718 459 814 497 ἐφορᾷν
845 458 952 495 ἀνθρώ-

124 517 207 542 πους,
224 506 282 533 ὅσοι
311 509 362 540 τῆς
385 504 466 532 αὐτοῦ
495 503 618 543 ἐφορείας
649 503 765 540 δέονται,
795 503 839 530 καὶ
868 502 953 530 πάντα

124 551 172 579 καὶ
199 550 278 582 αὐτὸς
307 549 356 578 ὅσα
368 549 565 584 ἐθέλει,ποιεῖν
587 566 622 570 -
643 549 705 577 τότε
735 548 768 583 δὴ
793 549 824 576 τὸ
855 548 950 585 μικρὸν

128 592 308 632 ὑπεραναϐἆς,
337 594 374 626 εἷς
415 593 477 621 ὅσον
504 593 553 621 οὐκ
580 592 610 621 ἂν
641 592 682 629 ε’ίη
713 593 950 631 ἐξαριθμήσασθαι,

124 643 174 668 τοῦ
204 639 325 677 μεγάλου
350 638 444 676 γέγονε
467 639 621 676 σχήματος,
651 639 789 676 προσώπῳ
818 637 855 664 ἐνὶ
883 635 953 672 λαμ-

124 687 187 722 πρῷ
211 684 256 711 καὶ
280 682 463 721 πολυμεγέθει
491 682 702 719 σεμνυνόμενος,
720 682 746 710 ἐν
775 683 813 717 τῷ
838 680 951 708 ὀπτάνε-

126 729 185 756 σθαι
204 731 244 764 τῷ
269 728 409 765 προσώπῳ
437 729 485 754 τοῦ
511 727 632 764 μεγάλου
661 729 728 754 Θεοῦ
750 726 795 754 καὶ
821 727 951 762 Σωτῆρος

122 775 215 810 ἡμῶν,
242 773 334 808 Ἰησοῦ
369 773 498 809 Χριστοῦ,
528 774 576 799 τοῦ
613 771 669 803 ἑνὸς
704 775 753 806 τῆς
791 770 950 807 ὑπερφώτου

125 818 253 855 Τριάδος,
269 817 313 845 καὶ
329 819 368 854 τῷ
385 816 475 853 λοιπῷ
502 815 531 844 δὶ
545 820 594 852 τῆς
609 816 677 844 κατὰ
704 817 811 852 πνεῦμα
831 814 950 852 διαρτίας

122 861 150 897 ἐξ
180 861 314 899 ἀναλόγο)
345 860 495 898 μεγαλείως
524 861 571 888 καὶ
599 861 694 892 ὲνικῶς
716 859 890 896 ἐσταλμένος,
905 859 950 886 καὶ

122 906 193 934 οὕτω
210 907 248 943 μὴ
264 904 431 943 ψευδόμενος
445 905 494 940 τὴν
509 907 558 933 τοῦ
575 905 697 943 μεγάλου
726 905 870 943 σχήματος
887 903 950 930 ἀνά·

120 942 217 988 ληψινέ
234 942 299 988 ὅπερ
312 950 347 984 ἦν
372 948 402 976 ἂν
419 965 453 971 ——-
474 950 520 978 καὶ
544 942 669 988 μέγιστον
699 949 783 976 εἰπεῖν
811 965 844 970 -
863 948 886 976 εὶ
913 948 951 984 μὴ
967 942 990 973 Β

1009 279 1079 308 civis
1108 280 1260 309 altissima;
1290 281 1428 318 regionis,
1452 291 1466 309 e
1495 291 1553 318 qua
1581 283 1733 314 universos
1760 285 1838 314 filios

1008 323 1163 352 hominum
1179 326 1320 353 Dominus
1343 327 1506 362 conspicit;
1524 329 1552 355 et
1567 328 1629 363 ipse
1653 337 1684 357 se
1700 339 1765 358 cum
1782 331 1834 359 illo

1007 368 1106 405 aliquo
1114 370 1350 398 modoinclinans
1358 373 1452 406 potest
1464 371 1597 399 homines
1610 376 1755 409 quotquot
1769 376 1834 411 ipso

1007 413 1080 441 duce
1096 413 1227 450 indigent
1243 415 1382 451 aspicere,
1401 418 1429 443 et
1445 425 1625 452 quaecunque
1641 418 1696 446 sibi
1719 420 1834 455 placue-

1006 458 1064 485 rint
1090 466 1237 495 peragere.
1255 462 1336 488 Tunc
1360 461 1509 489 modicum
1536 469 1719 498 progressus,
1738 473 1834 499 quan-

1005 502 1100 536 tulum
1118 504 1281 531 mensurari
1297 505 1343 532 vix
1358 505 1497 540 possibile
1512 508 1566 541 est,
1578 507 1610 534 Iit
1628 508 1726 543 magni
1742 509 1832 537 indu-

1006 548 1096 574 menti
1112 548 1267 585 particeps,
1287 557 1345 577 una
1360 550 1455 585 specie
1471 550 1568 578 lucida
1583 553 1611 578 et
1627 559 1734 588 magna
1758 562 1827 581 con-

1006 592 1138 628 spicuus,
1151 593 1232 621 visus
1245 594 1299 621 sub
1316 594 1412 630 specie
1429 595 1527 631 magni
1543 595 1604 629 Dei,
1621 599 1649 624 et
1673 597 1833 626 Salvatoris

1006 637 1096 664 nostri
1112 637 1182 665 Jesu
1207 638 1325 674 Christi,
1343 639 1431 667 unius
1446 640 1482 667 de
1505 640 1647 668 Trinitate
1664 641 1833 679 incompre-

1005 681 1154 716 hensibili,
1165 685 1194 710 et
1208 683 1345 711 similiter
1360 683 1473 719 reliqua
1481 684 1607 720 Spiritus
1626 685 1832 716 informatione

1006 725 1131 754 multum
1155 731 1184 754 et
1199 728 1283 756 unice
1309 729 1460 763 praeditus.
1476 729 1577 765 sicque
1598 732 1830 767 assumptionem

1005 771 1104 807 magni
1129 771 1291 800 indumenti
1308 781 1365 800 non
1391 773 1508 805 fallens.
1524 774 1601 809 quod
1617 775 1745 803 eveniret
1760 778 1831 812 qui-

1005 815 1070 842 dem
1096 816 1155 850 (res
1177 816 1320 844 mirabilis
1345 817 1457 852 dictu!)
1475 817 1532 845 nisi
1557 818 1586 845 id
1611 820 1705 847 sancti
1730 821 1831 850 Patres

1000 860 1170 895 judicarent
1193 860 1308 889 differre
1324 869 1341 888 a
1356 861 1484 889 maxima
1497 865 1527 890 et
1550 863 1638 890 unica
1654 864 1702 892 Dei
1722 866 1830 901 specie,

1005 904 1040 932 ad
1056 912 1144 940 quam
1169 904 1432 941 incomparabilem
1456 907 1492 934 ab
1508 909 1616 935 aeterno
1639 916 1742 937 omnes
1768 909 1830 938 alia;

1004 948 1084 977 velut
1099 949 1209 977 umbrae
1224 953 1375 986 apparent.

117 994 287 1022 διαστέλλειν
317 995 383 1022 αὐτὸ
414 995 440 1022 ot
469 995 585 1032 Πατὲρες
616 995 643 1022 εὖ
672 995 825 1028 ποιοῦντες,
842 991 976 1030 διέκρινον
1000 995 1051 1026 τῆς
1079 993 1146 1019 κατὰ
1173 993 1237 1020 Θεὸν
1267 994 1460 1031 παμμεγίστης
1490 996 1752 1033 μονοσχημοσύνης,
1784 999 1829 1026 καὶ

119 1040 190 1077 πρὸς
204 1040 234 1074 ἢν
251 1039 459 1078 ἇπαραποίητον
475 1039 595 1070 αἰωνίως
610 1039 690 1066 οὖσαν
704 1038 732 1066 αἱ
747 1037 842 1066 λοιπαὶ
858 1037 921 1064 ὠσεὶ
938 1036 982 1064 καὶ
998 1036 1070 1064 σκιαί
1084 1047 1154 1068 τινες
1169 1038 1360 1082 τεθεῐώρηνται.

165 1093 206 1127 ιζ’.
222 1092 355 1121 Τοιούτου
370 1092 459 1120 τοίνυν
474 1092 511 1123 ὡς
528 1091 553 1119 ἐν
569 1091 672 1130 τριπλῇ
695 1091 784 1127 ἐννοίᾳ
814 1089 889 1122 ὄντος
903 1092 952 1118 τοῦ

126 1136 375 1175 μεγαλοτχήμονος
392 1137 462 1175 βίου,
479 1138 547 1169 καθά
562 1135 679 1174 ε’ίρηται,
695 1140 745 1172 τῆς
767 1137 820 1163 τῶν
844 1135 950 1173 ἀγαθῶν

122 1184 292 1219 Χριστιανῶν
334 1185 501 1221 καταφυγῆς,
543 1181 587 1209 ὅτε
627 1181 769 1218 πολεμίων
805 1180 830 1216 ἐξ
874 1179 952 1217 ἀὲρος

127 1225 287 1262 βαλλόντων
321 1226 483 1264 κρύψασθαι,
512 1226 668 1264 βούλονται,
699 1225 832 1262 μακάριος
863 1225 908 1260 μὲν
936 1224 949 1251 ό

124 1271 183 1297 κατ’
199 1270 263 1298 αὐτὸ
288 1270 398 1305 ἀληθῶς
419 1270 671 1308 ἐσχηματισμένος,
696 1268 743 1297 εἶτ’
773 1268 818 1296 οὖν
844 1267 950 1295 εἷδοπε-

125 1315 274 1350 ποιημὲνος
314 1313 451 1350 θεοειδῶς,
480 1315 525 1341 καὶ
555 1314 690 1351 θειότερον
722 1312 949 1352 μεμορφωμένος,

125 1359 162 1390 ὡς
189 1360 233 1386 οἷα
248 1359 273 1386 ἰν
304 1361 398 1398 μορφῇ
414 1361 481 1386 Θεοῦ
497 1358 645 1392 καθεστὼς,
661 1357 705 1385 καὶ
730 1358 780 1392 τὴν
797 1356 949 1395 μεγαλοσύ-

122 1414 172 1438 νην
203 1403 323 1431 ἐντεῦθεν
352 1403 493 1441 αὐτοφυῶς
521 1403 736 1441 κληρωσάμενος
753 1411 760 1418 ·
786 1401 823 1430 ἔτι
854 1400 882 1429 δὲ
906 1413 949 1429 τε-

124 1447 263 1479 λειοποιὸς
274 1450 327 1475 τῶι
346 1448 396 1476 ὑπὸ
410 1448 441 1475 τὸ
458 1447 535 1486 μέγα,
551 1448 595 1475 καὶ
619 1447 691 1475 οὕτω
715 1449 822 1484 πρῶτον
852 1450 948 1484 σχῆμα

122 1491 286 1531 φιλοσοφίας
313 1492 388 1530 λόγῳ
416 1493 460 1520 καὶ
489 1494 569 1519 πᾶσιν
597 1491 710 1523 ἐκείνοις
726 1492 756 1519 τὸ
785 1490 873 1519 ἐνδέον
901 1491 947 1518 ἆν-

122 1535 257 1574 απ).ηρῶν
286 1536 394 1574 μεθόδῳ
420 1536 478 1573 θείᾳ
505 1536 715 1574 συλλογιστικῇ,
736 1535 817 1570 δι’ἧς
847 1537 864 1570 ἡ
894 1536 946 1562 τῶν

121 1581 230 1618 ἀγαθῶν
246 1584 346 1619 γνῶσις
363 1582 525 1619 περαίνεται,
542 1581 586 1608 ναὶ
615 1581 668 1618 μὴν
695 1581 740 1608 καὶ
767 1580 805 1611 εἷς
832 1580 947 1617 οὐρανοῦ

1042 1091 1084 1118 17.
1101 1091 1181 1119 Talis
1196 1100 1263 1119 cum
1279 1092 1328 1126 sit,
1344 1094 1372 1120 et
1396 1093 1450 1120 sub
1469 1092 1576 1129 triplici
1599 1094 1711 1123 ratione
1737 1097 1830 1132 possit

1006 1135 1184 1163 considerari
1199 1135 1259 1163 vita
1274 1136 1472 1172 perfectionis,
1490 1140 1521 1164 ut
1536 1146 1627 1174 supra
1648 1139 1757 1168 dictum
1774 1144 1829 1176 est,

1006 1179 1049 1207 vel
1066 1180 1134 1216 fuga
1148 1180 1292 1208 bonorum
1317 1181 1549 1209 Christianorum
1566 1183 1616 1218 qui
1643 1183 1679 1210 ab
1699 1184 1828 1214 inimicis

1005 1224 1063 1252 tela
1089 1232 1123 1252 ex
1150 1224 1209 1252 alto
1246 1225 1469 1260 conjicientibus
1506 1230 1641 1262 quaerunt
1676 1230 1827 1266 abscondi,

1005 1269 1107 1296 beatus
1124 1277 1194 1296 sane
1204 1271 1249 1296 est
1260 1270 1309 1305 qui
1323 1270 1351 1297 in
1363 1279 1396 1298 ea
1408 1273 1542 1298 sanctum
1559 1271 1691 1300 habitum
1718 1276 1747 1301 et
1761 1282 1828 1310 spe-

1004 1312 1077 1340 ciem
1088 1321 1153 1340 vere
1165 1314 1337 1349 assumpsit,
1355 1314 1405 1350 qui
1430 1315 1526 1343 divine
1538 1316 1713 1345 informatus
1729 1321 1783 1352 est,
1800 1321 1828 1347 et

1004 1357 1087 1393 quasi
1103 1358 1132 1385 in
1149 1359 1242 1386 forma
1266 1359 1313 1386 Dei
1339 1360 1429 1392 stetit,
1445 1361 1739 1398 magnitudinemque
1759 1363 1827 1399 jure

1003 1402 1124 1438 accepit,
1141 1402 1191 1438 qui
1215 1402 1337 1439 insuper
1361 1404 1475 1439 perlicit
1490 1405 1625 1433 homines
1649 1407 1704 1434 sub
1721 1416 1827 1444 magno

1002 1448 1031 1474 et
1048 1447 1143 1483 primo
1159 1447 1260 1475 ordine
1275 1447 1435 1483 interiores,
1450 1449 1662 1485 pbilosophicis
1676 1452 1782 1485 verbis,
1799 1455 1828 1480 et

1003 1491 1124 1527 reliquis
1143 1491 1292 1519 similibus
1308 1493 1483 1527 rationibus,
1499 1493 1625 1530 implens
1639 1496 1716 1531 quod
1733 1497 1825 1531 deest,

1002 1536 1164 1564 secundum
1180 1536 1327 1572 egregiam
1343 1537 1505 1573 syllogismi
1519 1539 1701 1573 methodum,
1714 1549 1772 1576 qua
1788 1543 1824 1570 ad

1001 1580 1078 1608 bona
1094 1581 1293 1616 cognoscenda
1309 1582 1494 1617 pervenitur;
1513 1585 1600 1619 atque
1614 1585 1702 1612 etiam
1720 1586 1755 1613 ad
1773 1594 1830 1613 coe-

121 1626 330 1663 ἁνατεινόμενος
348 1627 476 1663 μίμησιν,
493 1626 530 1657 ὡς
546 1625 571 1653 ἐν
587 1628 646 1657 τοῖς
672 1625 733 1661 ἑξῆς
764 1625 945 1660 ὑποτυπωθή-

1005 1625 1119 1653 lestium
1136 1625 1330 1653 imitationem
1347 1626 1628 1662 protendit,sicutex
1646 1628 1721 1657 infra
1732 1629 1830 1658 dicen-

119 1681 206 1699 σεται.
223 1671 274 1700 Καὶ
289 1669 361 1698 οὕτω
378 1671 425 1707 μὶν
452 1671 585 1709 μακάριος
601 1671 615 1698 ὁ
629 1672 754 1701 τοιοῦτος
782 1668 871 1708 λόγων
893 1680 948 1696 τοι-

119 1715 209 1743 ούτων
237 1717 330 1754 τριῶν,
359 1715 403 1743 ἐπὶ
445 1712 569 1742 ἀναϐάσει
595 1717 629 1752 τῇ
655 1714 724 1743 κατὰ
747 1715 792 1742 τὸν
825 1713 946 1752 μεγαλο‹

119 1761 262 1798 σχήμονα,
277 1760 313 1790 ὡς
330 1759 368 1790 εἰς
391 1760 482 1797 τρίτον
507 1759 678 1798 ἐλαφρισθεῖς
708 1758 834 1797 οὐρανόν·
852 1757 946 1790 ἅθλιος

118 1803 160 1839 Si,
197 1805 242 1832 καὶ
281 1804 330 1832 οὐκ
363 1804 483 1841 εἰσάπαξ,
513 1803 586 1832 ἀλλὰ
624 1803 781 1841 τρισάθλιος
809 1803 823 1830 ὁ
852 1802 946 1834 ἄλλως

117 1850 181 1881 καθ’
209 1848 349 1887 ὑπόκρισιν
379 1849 677 1886 προσωποποιοῦμενος
708 1847 743 1875 δι’
780 1847 872 1883 αὐτοῦ,
902 1854 946 1882 καῖ

116 1895 244 1932 σχήματι
264 1894 310 1930 μὲν
324 1893 539 1931 ἆντεπάγγελτος
561 1895 628 1921 Θεοῦ
656 1893 784 1930 πεφηνὼς
812 1892 945 1931 πρόσφυξ,

115 1937 259 1976 πράγματι
277 1937 305 1966 δὲ
321 1937 548 1976 εἱπροσκόλλητος
574 1937 610 1965 ὣν
641 1937 744 1974 ἐκείνῳ,
759 1938 796 1968 ὡς
821 1938 838 1971 ἢ
868 1947 946 1964 κατα-

116 1982 234 2017 παίζων,
251 1983 268 2017 ἢ
294 1983 332 2020 μὴ
360 1982 593 2019 ἒκουσιαζόμεννς,
610 1982 628 2017 ἢ
644 1982 716 2010 ἄλλά
740 1981 866 2019 ἐμπολῆς
891 1982 946 2020 χάο

117 2038 162 2065 ριν
192 2028 223 2055 τὸ
251 2027 334 2056 καλὸν
359 2025 528 2065 προϐάλλων
567 2029 825 2064 πραγματευτικῶς·
855 2027 884 2058 ὃς
912 2025 945 2054 τὸ

114 2075 223 2111 τριχῶς
238 2071 292 2108 ἤδη
321 2072 518 2110 ἀνεπτογμένον
549 2071 615 2110 μέγα
644 2073 740 2110 σχῆμα
767 2070 943 2108 ψευσάμενος,

117 2116 181 2144 οὔτε
194 2117 312 2156 λογικῶς
331 2114 508 2155 μεμόρερωται
529 2117 670 2154 προσώπῳ
691 2117 767 2151 Θεοῦ,
783 2115 828 2142 καὶ
858 2114 944 2142 ἀσυλ-

117 2161 254 2200 λογίστως
273 2162 339 2200 βιοῖ,
355 2161 603 2200 κατασοφιζόμενος
621 2161 673 2187 ὑπὸ
701 2162 749 2187 τοῦ
766 2159 814 2194 τήν
849 2159 942 2187 κακίαν

116 2206 269 2246 πανσόφου,
286 2206 395 2234 καὶτοῦ
410 2207 477 2234 κατὰ
498 2208 560 2233 νοῦν
589 2204 618 2233 δὲ
646 2205 761 2243 οὖροινοῦ
791 2204 943 2240 ἀπολισθή-

117 2262 176 2285 σας,
194 2252 231 2282 ὡς
256 2251 294 2283 εἷς
321 2251 459 2291 ἑωσφόρον
484 2252 621 2278 κατέπεσε.
640 2250 690 2279 Καὶ
713 2250 745 2284 ἦν
775 2248 825 2287 ἄρα
854 2252 943 2287 κρεῖτ-

116 2306 162 2323 τον
192 2295 275 2332 αὐτῷ,
292 2297 360 2324 καθὰ
388 2297 432 2324 καὶ
462 2295 632 2334 εὖηρεστεῖτο
663 2294 689 2322 ἐν
714 2296 753 2330 τῷ
777 2296 864 2331 καιρῷ
892 2297 942 2329 τῆς

115 2343 229 2378 κουρᾶς,
247 2341 284 2376 μὴ
310 2341 436 2376 τάξασθαι
463 2343 504 2378 τῷ
532 2341 602 2377 Θεῷ,
627 2340 644 2374 ἢ
672 2339 818 2375 ταξάμενον
844 2339 942 2375 ψεύσα-

118 2385 190 2412 σθαι.
217 2385 319 2412 Ἐκεῖνο
351 2386 397 2422 μὲν
427 2386 476 2424 γὰρ
501 2386 574 2424 εἶχεν
599 2384 628 2412 ἂν
657 2387 753 2422 κρῖμα·
771 2384 802 2411 τὸ
829 2382 858 2411 δὲ
882 2383 941 2411 δεύ-

115 2438 196 2465 τερον
212 2428 250 2459 είς
265 2427 364 2467 ἀκριϐῆ
381 2431 535 2468 κατάκρισιν
552 2429 728 2465 ἀποτελευτᾷ.

155 2482 199 2516 ιη’.
227 2482 295 2519 Φέρε
319 2483 382 2520 γὰρ,
405 2483 579 2522 ὀλιγόπιχον
605 2482 756 2521 ἐπιδρομὴν
784 2482 943 2518 ποιησώμε-

115 2532 159 2561 θα,
176 2527 213 2554 ὤν
241 2526 426 2559 κατατίθενται
456 2529 482 2555 οἱ
510 2530 578 2566 πρὸς
608 2527 796 2566 μεγαλοσύνην
822 2537 942 2563 πνευμα-

112 2572 193 2606 τικὴν
224 2571 471 2609 ἐσχηματισμένοι,
495 2573 539 2600 καὶ
566 2573 653 2604 οὕτως
684 2571 869 2610 ὑπεσχημένοι
899 2571 941 2598 ἐκ-

116 2618 273 2653 προσωπεῖν
299 2618 339 2652 τῷ
360 2619 428 2652 Θεῷ
443 2615 489 2643 *ἱνα
511 2618 546 2653 τῇ
571 2617 638 2654 πρὸς
653 2617 721 2644 αὐτᾶ
744 2618 797 2642 τῶν
817 2616 874 2643 κατ’
893 2615 941 2642 αὑ-

114 2660 178 2692 τοὺς
204 2660 326 2698 πράξεων
355 2659 500 2698 παραθέσει
529 2660 693 2698 ἒπιγνῶμεν,
719 2660 741 2687 εἰ
765 2660 832 2696 πρὸς
864 2660 940 2696 ἀκρι-

115 2702 161 2735 ϐὶς
178 2704 364 2741 ἐξομοιοῦνται
379 2705 558 2742 προκένσημα
573 2706 599 2732 οἱ
620 2706 688 2743 πρὸς
711 2704 800 2736 ἔνθεον
829 2704 940 2735 ἑαυτοὺς

115 2747 140 2776 ἐν
176 2752 235 2780 τοῖς
269 2751 331 2788 περί
363 2751 437 2786 ἡμᾶς
465 2751 651 2789 μορφάζοντεσ
675 2750 832 2787 πρόσωπον.
859 2750 938 2786 Ἔχει

115 2792 143 2821 δὲ
157 2793 191 2821 τὰ
202 2797 251 2829 τῆς
266 2794 398 2832 ἐπιτομῆς
425 2794 525 2830 ταύτης
552 2793 639 2825 οὕτως
666 2793 937 2832 ἐπελευστικώτερον.

151 2839 194 2870 ιθ’.
212 2842 309 2878 Πρῶτοι
335 2841 382 2877 μὶν
411 2839 441 2868 ἐκ
465 2840 607 2874 θειοτάτης
632 2838 791 2875 ὁπλοθήκης
817 2838 939 2876 ἀναλαμ-

1005 1670 1050 1697 dis
1066 1670 1187 1706 patebit.
1210 1672 1330 1697 Beatum
1355 1678 1424 1706 ergo
1446 1671 1579 1699 dicemus
1602 1672 1708 1701 horum
1735 1674 1826 1703 trium

1004 1715 1141 1743 ordinum
1167 1714 1328 1747 hominem,
1345 1715 1381 1742 ob
1397 1716 1597 1744 ascensionem
1623 1717 1652 1744 in
1678 1719 1829 1746 monachi-

1005 1767 1069 1787 cam
1099 1759 1316 1794 perfectionem,
1333 1767 1427 1795 usque
1455 1760 1491 1787 ad
1521 1761 1625 1788 ccelum
1653 1763 1827 1791 evolantem.

1005 1805 1142 1832 Miserum
1159 1807 1267 1838 autem,
1284 1813 1337 1832 nec
1353 1805 1506 1836 semel.sed
1524 1809 1567 1833 ter
1581 1807 1721 1835 miserum
1738 1809 1829 1845 hypo-

1005 1850 1119 1885 critam,
1137 1849 1186 1885 qui
1212 1849 1267 1877 sub
1294 1849 1346 1877 hac
1371 1850 1467 1885 specie
1483 1850 1569 1878 aliam
1595 1852 1759 1887 abscondit,
1777 1854 1828 1890 qui

1004 1894 1119 1922 videtur
1134 1894 1169 1922 ad
1196 1897 1284 1922 Deum
1312 1894 1468 1930 confugere
1492 1896 1609 1930 dicitur,
1627 1905 1656 1924 re
1676 1900 1774 1926 autem
1802 1899 1829 1926 ei

1006 1940 1128 1966 minime
1150 1939 1281 1972 adhaesit,
1299 1939 1360 1967 sive
1375 1947 1409 1967 ex
1432 1939 1570 1974 ludibrio,
1587 1941 1647 1969 sive
1661 1950 1696 1970 ex
1712 1942 1829 1979 timore,

1005 1984 1065 2012 sive
1079 1992 1113 2011 ex
1129 1984 1249 2011 avaritia
1274 1984 1381 2011 bonum
1399 1984 1452 2012 hoc
1469 1985 1639 2020 praferente
1664 1987 1698 2014 ad
1716 1996 1761 2016 res
1778 1997 1830 2016 au-

1004 2029 1114 2064 gendas
1127 2037 1132 2062 ;
1146 2028 1195 2064 qui
1211 2028 1355 2064 triplicem
1373 2036 1462 2064 supra
1477 2032 1671 2058 memoratum
1688 2039 1830 2067 magnum

1003 2072 1137 2100 habitum
1160 2073 1329 2105 ementitus,
1362 2081 1396 2100 ne
1421 2073 1533 2101 ratione
1555 2075 1673 2109 quidem
1699 2076 1828 2104 divinam

1003 2116 1130 2152 speciem
1143 2116 1314 2151 assumpsit,
1332 2117 1380 2152 qui
1393 2117 1623 2146 irrationabiiem
1635 2119 1724 2146 vitam
1738 2120 1828 2154 ducit,

1002 2160 1147 2196 decipitur
1162 2170 1179 2187 a
1194 2162 1336 2196 magistro
1355 2161 1488 2196 'malitiee,
1510 2165 1539 2189 et
1563 2163 1598 2190 de
1623 2164 1694 2191 cmlo
1718 2164 1827 2192 intelli-

1002 2205 1116 2240 gentiae,
1133 2205 1210 2233 sicut
1226 2205 1348 2239 Lucifer,
1365 2206 1481 2233 decidit.
1498 2206 1603 2234 Melius
1619 2210 1682 2235 erat
1697 2208 1733 2241 ei,
1751 2209 1828 2237 sicut

1002 2251 1131 2285 tempore
1142 2252 1268 2277 tonsurae
1285 2250 1505 2286 admonebatur,
1520 2252 1574 2279 Deo
1592 2259 1648 2279 non
1665 2253 1824 2287 adhaerere,

1001 2302 1088 2330 quam
1103 2294 1299 2322 adhaerentem
1317 2295 1484 2323 renuntiare
1499 2304 1505 2323 :
1522 2295 1594 2324 illud
1611 2296 1687 2324 enim
1703 2305 1824 2325 excusa-

999 2339 1109 2367 tionem
1125 2339 1198 2367 t‘orte
1213 2339 1377 2374 habuisset,
1393 2340 1447 2368 hoc
1463 2349 1529 2368 vero
1545 2341 1653 2368 desiuit
1667 2341 1697 2369 in
1715 2345 1825 2371 certam

999 2383 1284 2412 condemnationem.

1034 2483 1077 2510 18.
1094 2484 1154 2518 Age
1169 2490 1247 2519 ergo,
1265 2491 1328 2519 quis
1355 2483 1496 2519 objicient
1519 2483 1654 2512 homines
1679 2486 1713 2513 ad
1737 2485 1824 2521 spiri-

998 2527 1118 2562 tualem,
1136 2528 1371 2564 magnitudinem
1387 2528 1533 2563 instructi,
1551 2532 1579 2556 et
1593 2531 1649 2558 Deo
1664 2530 1823 2558 assimilari

997 2572 1100 2607 parati,
1117 2572 1242 2600 breviter
1270 2581 1489 2608 percurramus,
1514 2576 1546 2601 ut
1576 2575 1690 2602 actibus
1719 2575 1755 2603 ad
1787 2583 1822 2603 ea

996 2616 1111 2644 collatis
1127 2625 1323 2652 agnoscamus
1339 2621 1438 2645 utrum
1456 2618 1491 2645 ad
1507 2622 1692 2653 punctum,et
1707 2620 1743 2647 ad
1760 2628 1823 2655 per-

995 2660 1104 2688 fectum
1129 2661 1242 2688 similes
1258 2661 1327 2694 sint,
1343 2662 1393 2697 qui
1419 2662 1531 2697 seipsos
1547 2663 1582 2690 ad
1599 2663 1728 2691 divinam
1752 2672 1819 2699 spe-

995 2705 1068 2733 ciem
1086 2706 1244 2733 informare
1268 2705 1386 2733 debent.
1404 2706 1467 2734 Tali
1485 2708 1570 2735 modo
1597 2708 1703 2736 melius
1719 2715 1822 2735 succe-

994 2750 1043 2778 det
1058 2750 1109 2778 illa
1124 2750 1219 2778 brevis
1234 2751 1387 2786 expositio.

1029 2840 1109 2868 10.Et
1115 2839 1245 2876 primum
1252 2847 1285 2869 ex
1292 2840 1451 2870 hocdivino
1457 2841 1683 2870 armamentario
1690 2849 1817 2870 sumun-
