1992 3158
84 159 144 189 715

592 157 645 188 DE
666 157 907 188 EMENDANDA
929 156 1023 188 VITA
1045 157 1291 189 MONACHIGA.

1739 159 1799 190 ’1ιὸ

83 234 139 256 τως
172 224 279 255 ἆνέτοις
310 222 465 262 φιλοῦνται,
493 223 563 260 μήτε
599 222 761 262 ἀμεριμνίας
784 223 828 250 καὶ
852 233 916 260 τρυ-

991 223 1128 260 :icuriam,
1156 232 1210 252 nec
1232 223 1364 253 delicias.
1386 225 1564 254 Accenditur
1577 228 1607 254 et
1628 226 1665 254 ad
1680 234 1798 262 pugnas

84 271 147 308 φάς.
165 269 369 308 Παρακαλεῐται
394 267 424 296 δὲ
449 268 494 296 καὶ
519 268 556 299 εἷς
581 267 686 305 ἀγῶνας
705 268 916 304 πνευματικοὺς,

83 315 127 351 καὶ
156 314 195 345 εἷς
222 313 373 352 πτωχείαν·
391 313 485 340 ὁποίαν
511 313 611 348 ταύτην
639 311 712 341 εἷ’ποι
736 324 777 345 τις
807 311 917 348 ἃν,εἷ⁶εε

83 360 135 394 τὴν
162 359 231 387 κατὰ
257 361 373 395 πνεῦμα,
396 359 455 385 καθ’
478 359 508 393 ἣν
533 357 669 396 πτωχεύει
699 368 741 390 τις
768 359 915 396 ἁμαρτιῶν,

85 405 141 432 εἴτε
170 405 220 439 τήν
251 404 277 431 ἐν
303 405 510 441 περιουσιασμῷ
547 405 586 438 τῷ
617 413 685 430 κατα
713 403 827 439 κόσμον.
857 403 916 431 Ἔτι

85 449 269 488 προκαλεῖται
284 450 327 476 καὶ
354 448 393 480 εἷς
419 447 514 480 πένθος
536 447 648 486 ἀγαθὸν,
666 449 759 475 ὁποῖον
789 458 917 485 πραγμα-

82 494 191 523 τεύεται
218 495 247 529 ὁ,-
267 495 304 526 ὡς
336 493 444 532 ἐρῥέθη,
470 493 670 531 σταυρούμενος
699 493 744 520 καὶ
771 492 916 531 νεκρούμε-

85 550 144 571 νος·
162 540 192 570 ’ὸς
208 539 254 567 καὶ
272 541 348 574 ζητεῖ
368 539 418 573 τὴν
442 537 560 569 ἐντεῦθεν
585 537 724 572 ἀνάλυσιν,
741 538 786 565 καὶ
815 538 915 566 κλαίων

87 584 163 622 λέγει
193 584 225 612 τὸ
250 596 264 610 ‹‹
289 582 384 620 Οἳμοι,
410 582 451 610 ὅτι
476 584 493 617 ἡ
513 583 643 619 παροικία
669 593 720 619 μου
749 582 915 621 ἐμακρύνθη,

85 630 131 658 καὶ
160 629 212 657 οὐκ
235 627 395 665 ἀπολύομαι
423 627 494 665 ταχὺ
520 631 571 663 τῆς
606 631 689 663 ζωῆς·
706 640 719 654 n
736 628 916 663 Ἐπισκήπτε-

83 685 127 702 ται
152 673 183 702 δὲ
207 674 252 701 καὶ
278 676 348 711 φῶς,
380 670 472 700 εἷίποτε
499 673 632 708 πεινήσει,
660 673 704 699 καὶ
732 671 851 709 διψήσει,
871 673 917 699 καὶ

84 717 271 757 γυμνιτεύσει,
292 717 337 744 καὶ
364 714 479 755 ὑϐρισθῇ
510 715 554 744 διὰ
578 716 623 744 τὸν
652 716 677 744 ἐν
705 718 763 747 τοῖς
792 715 916 754 οὐρανοῖς

85 763 174 791 πολὺν
203 762 287 790 αὐτοῦ
327 761 421 799 μισθόν
440 772 446 778 ·
478 760 559 798 οὗπερ
588 759 675 788 ἕνεκεν
704 760 808 798 χαίρειν
839 759 918 787 αὺτὸν

87 809 191 846 χρεών.
206 807 260 835 Καὶ
276 804 334 845 ἔχει
352 807 398 844 μὲν
427 805 452 833 ἐν
481 805 590 837 τούτοις
615 805 698 833 εἰπεῖν
728 805 772 832 καὶ
793 804 873 836 αὐτὸς
886 805 917 832 τὸ

87 865 100 879 α
124 852 170 884 Τίς
197 852 249 890 ἄρα
273 850 382 879 δύναται
414 851 552 884 σωθῆναις
578 862 592 876 ››
619 848 708 882 Εἰδὼς
737 849 765 877 δὲ
794 849 915 877 ἀκούσειν

85 896 293 935 εύαγγιλικῶς,
332 896 369 927 ὡς
405 895 439 923 τὰ
482 893 599 922 ἀδύνατα
641 895 713 933 παρὰ
762 894 916 932 ἀνθρώποις

88 941 187 969 δυνατὰ
202 941 276 980 παρᾶ
290 941 330 976 τῷ
355 942 424 976 Θεῷ,
441 942 530 975 σιωπᾷ
555 936 689 973 εὑλαϐὧς,
705 938 732 966 εὖ
761 949 791 977 γι
819 942 917 975 ποιῶν,

86 987 133 1015 καὶ
175 986 365 1014 κατακύπτων.
410 985 461 1013 Καὶ
503 984 588 1015 οὕτως
631 983 918 1021 ἀνθομολογούμενος,

84 1031 195 1069 δέχεται
210 1031 244 1058 τὰ
267 1029 466 1066 ἐκλαλούμενα,
484 1029 733 1068 ψυχαγωγούμενος
761 1030 802 1060 οἷς
827 1028 918 1056 ἀκούει

85 1076 182 1104 αὐτίκα
197 1075 272 1109 τότε,
294 1075 335 1103 ὅτι
362 1073 499 1111 ἐξελέξατο
519 1073 598 1101 αὐτὸν
620 1074 633 1101 ὁ
658 1074 734 1107 Θεὸς,
758 1073 803 1101 καὶ
832 1072 918 1110 διεχώ

87 1131 162 1158 ρισεν
178 1120 233 1148 ἀπὸ
248 1123 298 1155 τῆς
320 1119 346 1146 ἐν
365 1119 462 1155 κόσμῳ
479 1120 560 1153 ζωῆς·
576 1118 621 1145 καὶ
649 1118 686 1149 ὡς
716 1117 745 1145 ἐκ
769 1118 918 1155 προσώπου

88 1166 184 1200 αὐτοῦ,
207 1164 276 1201 πρὸς
300 1164 315 1191 ὃ
350 1162 549 1202 σχηματίζεται
589 1161 808 1199 μεγαλυνόμενος
844 1161 917 1190 ἔθετο

972 268 1150 304 spirituales,
1164 271 1251 305 atque
1263 270 1298 297 ad
1309 272 1511 306 paupertatem
1523 279 1529 298 :
1542 279 1606 298 eam
1619 279 1722 308 nempe
1733 271 1798 300 dico

972 321 1035 348 quae
1050 316 1094 341 est
1121 314 1267 350 Spiritus;
1294 317 1322 342 et
1338 323 1355 342 a
1378 318 1495 350 peccato
1516 315 1641 350 jejunat,
1659 316 1719 344 sive
1734 325 1798 352 qua:

972 358 1048 386 circa
1062 360 1243 387 mundanam
1255 360 1468 387 abundantiam
1478 363 1620 388 versatur.
1636 361 1746 389 Deinde
1762 362 1799 390 ad

971 403 1081 431 bonum
1115 403 1244 431 dolorem
1278 404 1445 440 adducitur,
1478 413 1563 440 quem
1594 406 1737 442 concepit,
1766 408 1798 434 ut

971 447 1082 476 dictum
1094 450 1149 481 est,
1159 449 1246 476 homo
1263 449 1420 477 cruciﬁxus
1430 451 1459 476 et
1474 451 1620 484 mortuus,
1631 450 1681 485 qui
1694 450 1800 478 exinde

971 493 1075 529 quaerit
1089 493 1220 527 dissolvi,
1235 496 1264 522 et
1286 494 1326 521 ait
1342 502 1409 521 cum
1427 494 1563 528 lacrymis
1580 502 1587 522 :
1605 506 1619 519 ‹‹
1635 494 1697 522 Heu
1714 495 1798 529 mihi,

971 539 1041 574 quia
1061 538 1205 566 incolatus
1222 547 1303 566 meus
1328 538 1519 574 prolongatus
1544 540 1620 574 esti,
1646 541 1674 567 et
1691 548 1749 567 non
1765 547 1800 567 ex

970 584 1031 610 vita
1046 583 1102 610 ista
1116 583 1240 610 liberorl
1259 594 1272 609 »
1294 583 1327 610 Et
1352 584 1518 611 ostenditur
1541 583 1682 619 splendor
1697 584 1796 619 famis,

972 627 1044 661 sitis,
1069 627 1221 662 nuditatis,
1238 630 1266 655 et
1288 628 1476 663 injuriarum,
1502 631 1621 664 propter
1647 629 1797 664 copiosam

972 673 1134 700 mercedem
1159 680 1259 700 earum
1280 672 1310 700 in
1334 672 1425 707 oculis,
1441 673 1519 700 unde
1544 673 1707 701 necessario
1727 681 1799 710 gan-

972 716 1101 744 dendum
1118 717 1171 752 ipsi
1187 719 1240 745 est.
1264 717 1414 753 Contingit
1429 717 1504 744 inter
1518 717 1579 745 haec
1594 725 1660 745 eum
1677 718 1773 746 dicere
1791 726 1798 746 :

973 773 987 786 ι‹
1003 762 1073 794 Quis
1082 770 1149 798 ergo
1162 762 1268 798 poterit
1283 762 1381 790 salvus
1390 770 1454 790 csse
1465 763 1496 790 η
1512 773 1526 786 ››
1542 762 1597 790 Sed
1610 770 1678 790 cum
1688 762 1800 790 audivit

972 806 1219 841 evangelizantem
1243 806 1440 842 impossibilia
1456 807 1533 842 apud
1550 807 1687 835 homines
1703 807 1799 843 possi-

972 852 1043 880 bilia
1058 861 1122 880 esse
1137 853 1215 888 apud
1231 852 1334 886 Deum,
1349 854 1426 880 tacet
1439 852 1572 886 libenter,
1586 853 1756 889 prudenter,
1774 854 1804 880 et

972 899 1060 933 caput
1084 896 1240 925 inclinans.
1268 897 1314 925 Sic
1341 897 1550 925 consentiendo
1578 898 1657 925 dicta
1685 897 1800 934 recipit,

973 942 1113 970 suadetur
1136 950 1203 970 cum
1228 942 1363 978 protinus
1389 941 1471 970 audit
1494 950 1525 970 se
1549 951 1566 970 a
1591 943 1649 970 Deo
1673 942 1801 970 electum

973 995 1048 1019 esse,
1064 990 1310 1023 segregatumque
1336 987 1371 1015 ab
1388 987 1445 1014 ista
1469 987 1528 1014 vita
1544 987 1695 1016 mundana
1709 996 1716 1021 ;
1733 995 1801 1015 cum

973 1032 1056 1059 audit
1072 1031 1151 1059 velut
1165 1039 1200 1059 ex
1215 1039 1339 1067 persona
1359 1031 1440 1059 illius
1464 1032 1627 1059 secundum
1653 1039 1740 1067 quem
1756 1031 1801 1059 in-

973 1075 1116 1104 formatur
1130 1083 1197 1103 cum
1214 1075 1324 1108 laetitia,
1337 1084 1368 1104 se
1382 1075 1510 1112 positum
1526 1076 1617 1104 fuisse
1632 1076 1755 1104 militem
1770 1076 1800 1104 in

972 1121 1063 1149 vitam
1080 1119 1252 1156 angelicam,
1268 1119 1297 1148 in
1314 1120 1419 1156 agendi
1436 1121 1579 1149 rationem
1599 1120 1757 1149 sublimem
1773 1122 1802 1149 et

975 1165 1100 1193 caelestis
1116 1165 1255 1193 similem.

89 1211 173 1238 αὑτὸν
191 1208 419 1246 στρατευσάμενον
438 1208 476 1239 εἱς
492 1205 631 1245 διαγωγὴν
648 1205 808 1244 ἀγγελοιιὸῆ
825 1207 851 1234 ἐν
868 1207 928 1244 ὕψει
944 1208 1171 1247 οὖρανομιμήτοι)
1186 1208 1337 1240 πολιτείας.

124 1252 178 1282 κδ’.
194 1254 244 1281 Καὶ
274 1253 325 1281 εἶσὶ
356 1253 403 1290 μὶν
433 1252 477 1280 καὶ
506 1254 617 1279 τοιαῦτα
646 1251 733 1279 πάντα
766 1251 874 1291 φρικτὰ,
898 1253 920 1279 ὦ

89 1298 202 1338 ἀδελφέ-
218 1299 267 1334 ἐμὲ
297 1296 325 1325 δὲ
350 1297 434 1325 πλέον
461 1295 574 1334 παράγει
605 1296 632 1327 ἐς
657 1295 756 1334 φρίκην
772 1297 817 1324 καὶ
833 1296 919 1324 ἐκεῖνο

88 1347 136 1373 τοῦ
152 1344 293 1372 θειοτάτου
311 1340 422 1381 βιϐλίου
436 1344 486 1375 τῆς
511 1342 662 1379 ἀποταγῆς,
679 1341 720 1369 ὅτι
752 1343 789 1373 ὡς
815 1343 859 1370 οἷα
872 1353 919 1370 κα-

87 1389 266 1428 τηχούμενος
282 1389 296 1416 ὁ
310 1389 435 1418 τοιοῦτος
456 1384 722 1423 ἀπολαμϐανόμενος
749 1387 840 1414 ἀκούει
867 1387 918 1425 βά-

87 1445 194 1472 πτισμα
209 1431 357 1470 λαμϐάνειν
384 1431 488 1466 αὐτίκα,
502 1432 532 1459 τό
556 1442 586 1459 τε
610 1431 647 1463 εἷς
671 1432 812 1469 καταρχὴν
844 1434 916 1466 ζωῆς

88 1480 181 1518 ἑτέρας
197 1479 241 1506 καὶ
269 1478 330 1516 βίου
354 1478 503 1514 μετάθεσιν,
520 1477 736 1516 προσφυὲστερον
761 1475 790 1504 δὲ
819 1477 915 1511 εἰπεῖν,

86 1523 300 1562 παλιγγενεσίαν
329 1523 476 1560 σωτήριον,
504 1521 549 1548 καὶ
577 1523 630 1548 τῶν
662 1522 800 1558 ἁμαρτιῶν
835 1520 915 1548 αὐτοῦ

1011 1255 1055 1282 22.
1072 1255 1237 1282 Tremenda
1251 1256 1322 1282 sunt
1346 1253 1483 1290 equidem
1499 1254 1560 1282 haec
1575 1255 1686 1289 omnia,
1701 1255 1802 1294 frater,

975 1299 1103 1335 amplius
1120 1301 1217 1326 autem
1234 1299 1269 1326 ad
1281 1299 1468 1327 tremendum
1485 1307 1531 1327 me
1548 1299 1668 1327 adducit
1678 1299 1734 1328 hoc
1743 1308 1804 1328 ver-

974 1344 1044 1372 bum
1061 1344 1152 1372 divini
1168 1343 1235 1371 libri
1252 1343 1440 1379 initiationis;
1454 1344 1601 1378 eumdem,
1619 1348 1651 1372 ut
1665 1345 1803 1373 catechu-

973 1397 1105 1422 menum,
1133 1388 1255 1424 suscipi,
1274 1389 1433 1424 juberique
1459 1388 1641 1425 baptismum
1664 1389 1802 1417 continuo

972 1433 1111 1469 recipere,
1128 1433 1257 1469 incipere
1281 1432 1403 1461 alteram
1424 1434 1526 1467 vitam,
1542 1436 1570 1462 et
1586 1436 1711 1462 veterem
1736 1443 1804 1463 mu-

972 1479 1043 1511 tare,
1060 1486 1121 1511 seu,
1139 1480 1170 1505 ut
1190 1478 1287 1513 aptius
1311 1477 1425 1513 loquar,
1443 1478 1554 1506 renasci
1570 1479 1607 1507 ad
1629 1479 1767 1510 salutem.
1785 1488 1802 1508 θ.

971 1522 1098 1558 peccatis
1114 1522 1262 1557 mundari,
1274 1524 1302 1550 et
1316 1522 1410 1550 ﬁlium
1426 1521 1499 1550 lucis
1516 1524 1588 1551 fieri.
1605 1524 1695 1551 Audit
1710 1524 1798 1552 etiam

87 1570 273 1606 καθαίρεσθαι,
297 1568 343 1595 καὶ
365 1567 422 1598 υἱὸς
452 1566 542 1606 φωτὸς
570 1566 700 1603 γίνεσθαι·
728 1565 773 1593 καὶ
799 1565 842 1613 ,δτι
868 1566 915 1592 αύ-

993 1566 1119 1594 hristum
1141 1574 1208 1593 cum
1233 1567 1344 1594 sanctis
1369 1566 1480 1603 angelis
1496 1567 1531 1594 de
1556 1576 1610 1595 sua
1625 1568 1795 1603 poenitentia

87 1615 135 1645 τὸς
166 1612 311 1651 Χριστὸςὸ
332 1610 397 1643 Θεὸς
411 1611 554 1649 συγχαίρει
584 1610 650 1647 μετὰ
677 1613 729 1638 τῶν
760 1609 842 1648 ἁγίων
868 1610 916 1648 ἀγ-

88 1657 178 1697 γέλων
195 1657 239 1685 ἐπὶ
253 1658 288 1694 τῇ
302 1657 385 1684 αὐτοῦ
410 1655 548 1692 μετανοίᾳ,
566 1654 637 1687 θύων
663 1655 707 1682 τὸν
736 1655 841 1693 μόσχον
871 1655 916 1683 τὸν

92 1703 222 1731 σιτευτόν·
239 1701 284 1730 καὶ
314 1700 354 1728 ὅτι
386 1700 411 1736 ἐξ
440 1700 544 1736 ἐκείνης
569 1703 618 1735 τῆς
649 1700 721 1738 ὥρας
737 1700 858 1737 ἐνάγεται
879 1699 917 1731 είς

91 1749 120 1776 τὸ
136 1749 295 1785 περιπατεῖν
320 1745 402 1781 ἀξίως
424 1749 474 1780 τῆς
499 1744 635 1780 κλήσεως,
656 1745 701 1772 καὶ
723 1749 773 1780 τῆς
791 1747 845 1772 τῶν
868 1755 918 1782 μα-

91 1794 174 1821 ταίων
218 1790 402 1829 προσπαθείας
443 1789 672 1825 ἆιπαλλάττεσθαι,
701 1789 745 1818 καὶ
788 1788 919 1827 μηδόλως

92 1837 128 1868 εἰς
159 1836 193 1864 τὰ
221 1835 308 1864 ὀπίσω
338 1836 494 1874 στρέφεσθαι
512 1845 518 1851 ·
548 1835 587 1871 μή
616 1834 661 1862 καὶ
689 1835 812 1872 γένηται,
842 1834 919 1874 φησὶ,

93 1882 181 1918 στήλη
198 1881 267 1911 ἁλὸς
282 1880 350 1908 κατὰ
364 1881 413 1915 τὴν
428 1882 542 1918 γυναῖκα
567 1880 615 1906 τοῦ
645 1879 718 1914 Λὼτ,
733 1879 750 1914 ἢ
780 1880 818 1911 ὡς
838 1879 920 1914 κύων,

93 1926 188 1966 φησὶν,
214 1925 380 1963 ἐπιστρέφων
413 1924 451 1956 εἷς
483 1923 552 1952 ἴδιον
586 1923 691 1961 ἔμετον,
718 1925 736 1959 ἢ
766 1924 920 1961 ἐξομοιωθῇ

971 1611 1108 1647 gaudere,
1124 1610 1306 1646 vitulumque
1321 1611 1488 1646 saginatum
1502 1612 1643 1646 occidere,
1659 1615 1747 1648 atque
1763 1621 1796 1640 ex

973 1656 1028 1684 hac
1043 1656 1115 1683 hora
1129 1663 1160 1683 se
1176 1656 1292 1683 invitari
1322 1656 1356 1683 ad
1373 1655 1587 1684 ambulandum
1613 1657 1700 1693 digne
1714 1665 1800 1685 voca-

973 1700 1052 1728 tione
1066 1709 1129 1733 sua,
1145 1700 1180 1727 ad
1206 1701 1413 1736 deponendum
1435 1701 1574 1730 vanitatis
1591 1710 1732 1735 amorem,
1758 1710 1802 1730 re-

974 1747 1078 1781 troque
1094 1744 1215 1772 minime
1230 1745 1458 1780 respiciendum,
1475 1753 1511 1773 ne
1527 1745 1587 1781 ﬁat,
1604 1746 1712 1782 inquit,
1730 1746 1801 1774 salis

975 1791 1080 1824 statua,
1098 1791 1131 1816 ut
1151 1797 1223 1817 uxor
1243 1789 1304 1824 Lot,
1321 1789 1364 1817 vel
1390 1789 1470 1817 canis
1494 1790 1529 1817 ad
1546 1799 1634 1818 suum
1658 1791 1802 1819 vomitum

975 1834 1101 1868 rediens,
1119 1836 1169 1861 aut
1184 1842 1220 1861 ne
1244 1834 1443 1870 mquiparetur
1466 1834 1579 1862 homini
1596 1844 1717 1863 manum
1735 1836 1802 1864 mit-

975 1879 1050 1907 tenti
1066 1879 1101 1906 ad
1126 1881 1269 1913 aratrum,
1286 1882 1315 1906 et
1330 1881 1406 1907 retro
1432 1880 1612 1915 respicienti,
1628 1881 1657 1909 et
1681 1881 1804 1909 minimo

977 1926 1044 1960 apto
1059 1924 1094 1951 ad
1111 1931 1234 1960 regnum
1251 1923 1312 1951 Dei.

94 1969 171 2009 ἀνδρὶ
199 1967 361 1998 ἐπιϐαλόντι
391 1972 472 2008 χεῖρα
501 1969 544 1996 ἐπὶ
574 1967 698 2007 ἄροτρον,
722 1969 767 1997 καὶ
794 1969 831 2000 εἰς
860 1970 893 1996 τὰ
919 1967 1032 1996 κατόπιν
1064 1967 1218 2006 στραφέντι,
1247 1968 1292 1995 καὶ
1317 1967 1388 1995 οὕτω
1415 1969 1452 2005 μὴ
1483 1968 1584 2006 ιύθᾶτῳ
1613 1969 1651 2001 εἰς
1678 1973 1728 2005 τῆν
1756 1971 1805 1998 τοῦ

94 2018 163 2045 Θιοῧ
180 2014 322 2054 βασιλείαν
336 2012 401 2044 ὄντι.

127 2064 178 2100 κγ’.
194 2061 231 2088 Τὸ
249 2059 277 2087 δὶ
292 2060 368 2098 ἅγιον
397 2057 503 2098 βιϐλίον
534 2059 618 2087 ἐκεῖνο
646 2059 715 2098 πρὸς
730 2057 837 2088 τούτοις
863 2057 922 2085 ἐπι-

94 2106 183 2134 τάσσει
206 2105 314 2133 ἀπεῖναι
338 2106 386 2132 τοῦ
413 2103 661 2143 μεγαλοσχήμονος
691 2102 831 2138 ἀνηκοΐαν,
852 2102 923 2130 ἀντι-

95 2150 204 2189 λογίαν,
235 2148 431 2188 ὑπερηφανίαν,
461 2147 528 2187 ἔριν,
558 2149 654 2186 θυμὸν,
679 2149 811 2186 κραυγὴν,
836 2147 922 2185 βλασ-

95 2196 215 2236 φημίαν,
249 2194 427 2228 καταλαλιὰν,
457 2194 575 2232 ἀεργίαν,
611 2193 775 2232 παρρησίαν,
807 2193 921 2231 μερικὴν

95 2240 201 2281 φιλίαν,
228 2238 424 2277 λαθραφαγίαν,
450 2238 608 2276 περπερίαν,
643 2239 814 2276 γογγυσμὸν,
843 2239 922 2274 ψιθυ-

96 2286 208 2324 ρισμὸν,
240 2283 382 2319 ἐπίκτησιν
422 2282 575 2318 ἰδιάζουσαν
606 2282 715 2320 οἰκτροῦ
752 2283 923 2321 πράγματος·

97 2330 196 2368 οἶκτρᾶ
236 2328 366 2367 λέγοντος
403 2330 451 2356 τοῦ
481 2327 710 2366 παραγγέλματος
738 2328 756 2362 ἢ
786 2327 870 2355 πάντα
896 2327 932 2355 τὰ

98 2375 168 2403 κατᾶ
195 2374 266 2412 βίον,
284 2374 321 2405 ὼς
349 2371 442 2401 οἴκτου
458 2373 529 2409 ἄξιον
562 2372 748 2401 ἀποτελοῦντα
776 2373 821 2400 τὸν
838 2372 930 2403 αὐτοῖς

100 2419 322 2459 προσανέχοντα,
353 2418 371 2453 ἢ
399 2418 432 2445 τὸ.
470 2417 664 2446 εὐτελέστατα·
695 2417 738 2445 i'va
767 2418 780 2445 ὁ
809 2417 932 2455 μοναχὸς

104 2464 177 2502 μηδὲ
189 2464 224 2492 τὰ
239 2463 410 2501 σμικρότατα
426 2466 540 2501 εγχειρῆ
556 2462 711 2490 ἐπικτᾶσθαι
730 2471 735 2477 ·
750 2463 764 2490 ’ὸ
801 2461 834 2497 δὴ
873 2464 933 2493 τοῖς

102 2508 190 2541 ὅντως
206 2509 408 2545 ἀκτημονοῦσιν
437 2507 579 2545 ἐπιπρέπει
608 2508 645 2539 εἰς
680 2507 808 2544 μάλιστα,
826 2508 851 2535 οἳ
868 2517 932 2545 σχι-

103 2554 148 2583 δὸν
177 2554 281 2592 μόνους
311 2552 423 2584 ἑαυτοὺς
449 2552 603 2588 κέκτηνται.
620 2552 652 2581 Εἴ
680 2551 708 2579 δὲ
735 2563 761 2580 τι
790 2552 834 2580 καὶ
863 2549 935 2590 ἔχειν

102 2599 166 2630 τοὺς
190 2597 336 2629 τοιούτους
364 2597 420 2635 χρὴ
452 2595 549 2633 (ἕξουσι
574 2595 603 2624 δὲ
626 2597 745 2630 πάντως,
762 2597 799 2628 ὡς
828 2597 841 2623 ὁ
871 2597 934 2627 Θεὸς

104 2643 270 2681 ἀρέσκεται),
297 2640 360 2669 ἀλλ’
386 2640 442 2668 οὐδ’
473 2641 539 2669 αὐτὸ
580 2638 630 2676 ἔξω
668 2644 753 2669 κεῖται
782 2644 833 2676 τῆς
860 2651 936 2676 τηνι-

105 2691 189 2716 καῦτα
218 2683 366 2725 βιϐλιακῆς
399 2686 551 2721 ὑποθήκης.
578 2686 785 2724 Ἐπιτέτραπται
814 2686 864 2724 γὰρ
888 2685 938 2713 αὖ-

106 2736 165 2765 τοῖς
195 2732 234 2764 είς
255 2734 351 2766 κτῆσιν
377 2731 531 2769 ἁγιοπρεπῆ
557 2729 733 2770 φιλαδελφία,
748 2730 861 2768 ἡσυχία,
877 2730 938 2758 ἐπι-

145 2843 156 2861 ¹
173 2840 252 2871 Psal.
268 2847 344 2876 eux,
358 2839 386 2869 5.
426 2839 437 2858 ²
452 2839 556 2869 Matth.
573 2849 632 2876 xxx,
647 2841 693 2869 25.

259 2905 393 2935 PATROL.
417 2903 473 2935 Gn.
496 2904 642 2936 CXXXV.

1011 2057 1056 2085 23.
1069 2057 1138 2084 Vult
1148 2057 1236 2084 etiam
1248 2058 1369 2085 sanctus
1381 2057 1455 2085 liber
1470 2065 1611 2094 magnum
1628 2059 1806 2087 monachum

977 2102 1106 2130 alienum
1123 2109 1187 2129 esse
1206 2102 1242 2129 ab
1268 2101 1478 2136 inobedientia,
1504 2103 1700 2136 contentione,
1717 2103 1806 2137 fastu,

977 2146 1135 2180 discordia,
1151 2145 1206 2179 ira,
1234 2145 1370 2180 clamore,
1396 2146 1592 2182 blasphemia,
1615 2148 1807 2176 detractione:

977 2192 1133 2226 otiositate,
1159 2190 1347 2227 procacitate,
1373 2191 1512 2220 amicitiis
1537 2192 1670 2228 privatis,
1695 2193 1810 2221 occulta

980 2237 1168 2269 comestione,
1184 2236 1424 2272 praesumptione,
1448 2237 1577 2272 querela,
1594 2238 1809 2270 susurratione,

980 2284 1008 2310 et
1025 2290 1054 2309 re
1071 2280 1231 2309 miserabili
1246 2281 1361 2316 proprie
1372 2281 1552 2317 possidenda
1565 2294 1572 2315 ;
1586 2284 1614 2310 et
1629 2282 1811 2310 miserabilia

985 2327 1125 2355 dicuntur
1140 2335 1157 2354 a
1180 2325 1243 2362 lege
1268 2325 1368 2353 omnia
1383 2326 1459 2354 bona
1481 2326 1510 2354 in
1527 2326 1581 2355 hoc
1606 2326 1727 2362 mundo,
1744 2328 1814 2362 quia

986 2371 1100 2399 decedit
1125 2370 1232 2406 dignus
1257 2370 1445 2399 miseratione
1475 2371 1524 2407 qui
1548 2371 1585 2399 iis
1614 2371 1814 2407 agglutinatus
1866 2392 1869 2395 -

987 2419 1041 2452 est,
1057 2418 1119 2444 tum
1139 2415 1283 2443 vilissima
1308 2423 1344 2443 ne
1368 2415 1492 2444 minima
1516 2416 1635 2452 quidem
1651 2416 1815 2445 monachus

988 2463 1070 2489 curet
1084 2460 1233 2496 acquirere
1251 2469 1257 2488 :
1275 2460 1329 2487 hoc
1344 2460 1423 2488 enim
1439 2461 1565 2489 maxime
1587 2470 1654 2489 vere
1670 2470 1815 2498 pauperes

989 2506 1072 2533 decet
1087 2505 1137 2542 qui
1152 2505 1211 2532 fere
1225 2504 1299 2532 nihil
1316 2504 1373 2533 nisi
1389 2505 1504 2540 seipsos
1521 2506 1684 2541 possident.
1700 2506 1728 2534 Si
1745 2507 1816 2543 quid

990 2552 1103 2587 oportet
1118 2549 1191 2578 tales
1206 2549 1313 2577 habere
1329 2549 1366 2585 (et
1380 2549 1531 2578 habebunt
1545 2551 1683 2587 profecto,
1699 2553 1732 2580 ut
1747 2560 1816 2580 con-

991 2596 1068 2624 cedit
1089 2595 1186 2631 Deus),
1201 2594 1274 2622 illud
1299 2597 1380 2622 extra
1403 2594 1479 2623 hanc
1494 2595 1584 2624 libelli
1609 2605 1743 2625 normam
1759 2605 1816 2624 non

991 2640 1056 2668 erit.
1073 2640 1111 2667 Iis
1127 2640 1205 2667 enim
1224 2647 1275 2675 pro
1287 2639 1472 2675 possessione
1489 2641 1598 2669 sanctis
1612 2650 1742 2677 congrua
1753 2649 1820 2669 con-

993 2693 1076 2713 cessa
1100 2686 1170 2712 sunt
1193 2684 1333 2717 charitas,
1357 2683 1520 2720 silentium,
1550 2686 1691 2719 decentia,
1714 2685 1818 2722 pietas,

994 2730 1125 2759 studium
1149 2729 1230 2758 verbi
1259 2729 1362 2764 divini,
1391 2728 1488 2765 lectio,
1518 2739 1607 2767 opera
1629 2730 1742 2759 viribus
1772 2737 1821 2758 ac-

1614 2903 1654 2933 24
