2030 3167
125 192 187 222 ’149

627 191 679 222 DE
701 190 950 222 EMENDANDA
970 190 1062 222 VITA
1084 191 1326 223 MONACHICA.

1772 195 1832 227 750

129 259 248 295 μάτευτα
283 257 416 296 έπιῤῥὲειν
455 257 545 285 ἐκεῖνα
583 258 651 296 πρὸς
683 259 761 293 Θιοῦ,
792 258 828 288 ὡς
856 257 954 294 ἐπιχυ-

1020 258 1130 294 -ειρίιωι
1145 260 1173 286 et
1183 261 1282 296 empta
1295 263 1484 296 seponuut,et
1499 261 1529 289 in
1544 262 1735 298 receptaculis
1763 270 1832 292 coa-

129 303 208 330 θέντα
224 301 407 337 ἐξαντλεῖσϐαι
434 300 528 336 πάλιν,
546 301 608 329 ὅποι
637 303 705 340 χρὴ,
720 301 766 328 καὶ
787 300 874 332 οὕτως
889 301 955 328 ἐπα-

125 347 292 384 νακάμπτιιν
322 347 390 384 πρὸς
415 347 460 374 τὸν
489 348 641 384 πέμψαντα,
674 346 862 382 ἐλεημοσύνης
893 346 970 384 λόγῳ
998 347 1042 374 καὶ
1076 346 1177 382 λοιπῆς
1215 347 1382 385 διακρίσεως·

1012 306 1128 331 cervata
1143 303 1352 332 thesaurisant.

1426 347 1498 376 ἀλλά
1524 351 1566 377 καὶ
1596 350 1830 388 πραγματεύονται

124 393 157 419 τὸ
171 394 294 419 τοιοῦτον
323 392 418 426 πάθος,
444 391 489 419 καὶ
518 392 677 430 ἁρπάζουσι,
703 391 748 418 καὶ
763 392 798 418 τά
826 390 898 418 οὕτω
911 391 1089 430 περιελθόντα
1105 391 1314 427 ἐναποτίθενται,
1331 393 1536 431 θησαυρίζοντες
1554 393 1580 421 ἰν
1603 397 1643 431 υῷ
1657 395 1701 422 καὶ
1726 396 1830 432 ἀποθή-

126 447 176 468 κας
193 436 357 473 ἀνευρύνειν.

161 515 210 545 κς’.
244 512 294 540 Καὶ
323 513 356 547 ἢν
395 511 425 540 ἂν
462 513 542 540 τοῦτο
578 513 745 550 συγγνῶστὺν
785 513 857 550 τάχα
895 514 952 544 τοῖς

126 557 322 595 ἁπλουστέροις
337 557 370 584 τὰ
385 557 423 589 εἷς
447 555 595 594 ἀκρίϐειαν.
622 557 652 584 Ol
683 556 712 584 δέ
738 567 790 584 που
815 557 859 584 καὶ
882 556 954 592 ἐξαν-

124 602 237 631 τλοῦσιν
265 602 329 630 αὖτά
345 601 508 640 ἰπιῤῥήτως,
526 602 563 633 ὡς
580 602 628 629 οὑκ
643 603 672 629 ἄν
694 613 734 633 τις
760 600 822 629 οὐδὲ
847 601 952 629 ἀκούων

126 646 254 681 ἀνέξεται.
286 646 337 674 Καὶ
364 644 434 674 ἔστιν
465 646 529 674 αὐτὸ
554 648 604 674 τοῦ
630 646 745 677 εἰκότος.
777 645 824 677 Εἲς
850 646 876 673 τί
901 646 953 683 γὰρ

127 690 216 718 ἂνκαῖ
236 690 418 728 ταμιεῦσηται
440 693 565 722 τοιοῦτος
594 690 744 729 ἅνθρωπος,
776 690 798 717 εἰ
826 691 880 727 μὴν
910 690 954 718 ἐπὶ

127 738 279 772 κανονικῷ;
311 736 386 763 Διατί
417 734 445 763 δὲ
472 736 486 763 ὁ
514 736 680 773 τεταγμένος
714 735 878 771 ἀκτημονεῖν
907 745 954 762 τα-

131 781 304 818 μειουχήσῑι,
332 780 373 808 ὅτι
405 780 443 816 μὴ
473 779 514 819 ὶφ’
542 779 679 817 ἀμαρτίᾳ;
709 780 759 807 Καὶ
776 778 886 816 οἴδαμεν
913 779 954 807 ἇν-

127 826 212 853 ταῦΘα
237 825 262 852 οἱ
291 823 476 861 διοικούμενοι
500 822 578 862 ὅψεσί
599 835 628 852 τε
652 824 697 852 καὶ
723 825 816 855 ἀκοαῖς
841 823 954 856 λα’ίκοῦς

130 868 238 907 ἄνδρας,
267 869 313 901 οὕς
343 868 444 907 ῥύπους
472 869 619 907 ἀμπέχων,
635 869 699 896 ὅλον
715 868 843 903 ἐπύκαζεν
865 868 956 900 αὐτοῖς

129 915 160 942 τὸ
178 917 267 951 σῶμα,
295 915 332 945 ὡς
363 915 407 941 οἵα
434 913 479 941 καί
504 924 530 940 τι
543 911 715 950 περίϐλημα,
744 914 791 941 καὶ
813 912 957 951 γυμνιτεία

132 958 226 986 πολλά
249 957 296 986 τοῦ
325 959 453 995 σώματος
480 957 630 997 ἐνεφάνιζεν

139 1009 234 1035 πεσθαι
252 1025 259 1032 .
290 1002 474 1040 Ἐλαγαροῦτο
504 1001 532 1030 δὲ
560 1003 603 1030 καὶ
634 1004 651 1037 ἡ
681 1002 783 1040 γαστὴρ
802 1025 810 1037 ,
839 1001 960 1033 διάκενος

140 1048 206 1075 οὖσα
231 1047 264 1075 τὰ
291 1046 398 1074 πλείω·
428 1047 471 1074 καὶ
499 1046 663 1085 ἐκρύπτοντο
693 1047 779 1074 ἐκεῖνο
807 1045 851 1074 διὰ
878 1049 962 1074 ταῦτα

138 1093 184 1120 τὸν
214 1091 305 1126 ἥλιον,
332 1090 536 1128 δυσωπούμενοι
560 1092 609 1125 τὴν
638 1093 692 1118 τῶν
713 1090 827 1119 πολλῶν
844 1091 903 1119 Θὲαν
919 1092 961 1118 αἱ-

140 1135 202 1168 δοῦς
231 1136 321 1174 λόγῳ,
346 1136 390 1164 καὶ
409 1137 443 1172 τῇ
467 1135 535 1163 κατά
565 1135 623 1173 βίον
652 1135 764 1173 ἀφανείᾳ
789 1135 960 1174 ζοφούμενοι.

139 1181 214 1209 Ἐπεὶ
239 1179 268 1208 δὲ
282 1180 409 1218 ψυγόντες
437 1181 484 1208 τὸν
513 1180 616 1216 κόσμον
632 1179 748 1214 ῗδίασαν,
776 1181 821 1208 καὶ
836 1183 875 1216 τῷ
903 1182 962 1216 Θεῷ

138 1228 318 1263 παραστατεὶν
357 1224 494 1262 ἐκύρωσαν
512 1246 519 1259 ,
558 1223 711 1261 ἐξέλαμψαν
746 1225 960 1262 κοσμικώτερον·

138 1270 182 1298 καὶ
210 1270 256 1297 τόν
291 1279 320 1296 τε
349 1268 433 1307 ῥύπον
463 1267 652 1304 ἐξεκαλέσαντο
669 1290 676 1303 ,
712 1267 825 1299 πυέλοις
855 1271 962 1305 θερμῶν

139 1313 243 1342 ὑδάτων
273 1313 360 1351 συχνά
389 1310 576 1350 ἐμϐαψάμενοι
594 1322 600 1328 “
627 1313 672 1340 καί
701 1312 787 1344 οὕτως
817 1312 847 1340 οὗ
879 1312 961 1349 μόνον

136 1359 182 1386 τὸν
197 1358 295 1386 σπῖλον
324 1357 506 1395 ἀπαγαγόντες
535 1358 646 1391 ἑαυτῶν,
664 1355 736 1384 ἀλλά
760 1357 805 1384 καὶ
833 1357 865 1385 τὸ
895 1368 963 1394 μεμη

137 1407 245 1438 νῆσθαι,
275 1401 316 1429 ὅτι
344 1403 393 1429 τοῦ
419 1401 487 1429 κατά
515 1401 578 1429 Θεὸν
604 1401 752 1439 προσώπου
769 1401 846 1435 εἰσὶν,
864 1402 901 1433 ὡς
917 1401 962 1429 καὶ

142 1448 316 1486 ἀπῃτήθησαν
353 1447 399 1474 καὶ
441 1446 684 1484 εὖηρεστήθησαν·
728 1446 772 1474 καὶ
804 1447 963 1484 ἱματισμοῖς

139 1492 168 1521 δὲ
196 1492 341 1530 ὲνέπρεψαν
369 1490 549 1529 ψευδομένοις
581 1492 627 1519 τὸν
658 1492 807 1529 μοναχικὸν
832 1489 962 1529 τρίϐωνα,

138 1538 182 1565 καὶ
212 1537 259 1568 τάς
287 1536 394 1567 κοιλίας
408 1536 578 1574 ἐξώγκωσαν,
608 1536 644 1566 ὡς
678 1536 774 1572 μηκέτι
804 1535 874 1573 μηδὲ
889 1534 962 1574 ἔχειν

140 1584 229 1622 φέρειν
255 1582 287 1609 τὸ
312 1580 450 1619 σύμφυτον
465 1581 559 1618 βάρος,
577 1579 650 1607 ἀλλὰ
663 1580 708 1607 καὶ
724 1580 852 1616 ἡμιόνοις
869 1580 962 1618 ἀδροῖς

1043 514 1088 541 26.
1102 515 1135 542 Et
1151 514 1249 542 forsan
1275 515 1354 543 istud
1377 516 1461 544 venia
1475 516 1598 552 dignum
1614 524 1649 544 ex
1673 519 1754 553 parte
1782 518 1834 546 ho—

1010 558 1122 586 minum
1134 559 1301 595 ignarorum
1313 561 1548 596 perfectionisﬂi
1558 564 1655 590 autem
1669 562 1748 590 istud
1763 563 1835 592 adeo

1010 604 1150 631 audacter
1166 606 1381 639 perpetrant,ut
1396 613 1481 633 nemo
1498 606 1621 634 audiens
1633 607 1707 635 ferre
1730 608 1833 643 possit.

1009 649 1042 675 Et
1058 648 1159 676 merito
1171 648 1300 684 quidem.
1314 650 1356 676 Ad
1370 650 1439 684 quid
1448 649 1525 678 enim
1539 650 1605 678 talis
1617 651 1704 679 homo
1716 651 1833 680 thesau-

1010 693 1125 725 rizabit,
1143 693 1198 721 nisi
1215 694 1250 720 ad
1266 693 1430 729 legitimum
1448 695 1534 722 ﬁnem
1550 695 1564 722 ?
1575 695 1726 724 Professus
1737 699 1835 725 autem

1009 743 1214 774 paupertatem
1228 739 1262 765 ad
1284 738 1353 773 quid
1371 742 1539 775 congregat,
1565 739 1621 767 nisi
1638 743 1756 776 propter
1769 749 1836 777 peo-

1009 784 1107 809 oatum
1123 782 1136 808 ‘I
1152 782 1193 809 Ibi
1213 782 1291 809 enim
1315 782 1404 810 veluti
1420 783 1484 810 visu
1508 785 1536 811 et
1562 784 1664 812 auditu
1694 785 1831 813 novimus

1010 825 1100 854 laicos
1116 826 1260 860 homines,
1283 835 1409 862 quorum
1438 836 1545 863 corpus
1572 830 1678 862 totum,
1705 830 1836 865 undique

1011 870 1148 898 sordibus
1165 874 1198 898 ut
1209 872 1336 907 quodam
1351 872 1437 908 pallio
1449 873 1724 908 abscondebatur,et
1738 874 1838 902 multa:

1013 917 1108 950 partes
1121 916 1250 951 corporis
1265 916 1305 944 ita
1321 917 1405 943 nuda
1435 917 1626 953 apparebant,
1644 920 1676 945 ut
1698 918 1762 947 visa
1777 927 1836 946 non

656 946 673 950 ..
700 946 712 965 ﬂ.
773 958 780 967 ’
819 946 824 951 .
851 946 858 966 .‘
934 957 943 973 ι

645 981 651 993 ,
682 968 740 985 ουτι
767 968 864 985 ανεκτα
895 957 957 995 βλι-

1020 960 1281 988 t'crrentur.Venter
1296 961 1468 997 plerumque
1482 970 1591 990 vacuus
1615 963 1840 991 extenuabatur.

1017 1005 1083 1032 Ideo
1099 1005 1190 1032 solem
1204 1006 1251 1033 isti
1277 1006 1516 1041 roformidubant,
1542 1007 1642 1036 oculos
1664 1008 1756 1035 turbsa
1780 1017 1839 1044 pres

1017 1050 1127 1085 pudore
1143 1058 1201 1077 non
1218 1050 1453 1086 ferebant,arque
1463 1051 1580 1079 obscuri
1592 1052 1621 1079 in
1639 1053 1748 1080 mundo
1760 1052 1841 1089 igno-

1016 1094 1240 1122 rabuntur.Cum
1254 1097 1353 1123 autem
1369 1095 1468 1124 relicto
1484 1096 1589 1124 seculo
1605 1097 1634 1124 in
1650 1097 1840 1126 solitudinem

1017 1141 1201 1173 venerunt,et
1212 1141 1379 1167 statuerunt
1407 1140 1463 1167 Deo
1489 1141 1699 1177 propinquare,
1715 1142 1841 1170 munda-

1017 1183 1084 1211 nius
1100 1183 1428 1219 fulserunt;squalorem
1441 1185 1551 1212 crebris
1568 1193 1649 1221 aquis
1666 1186 1766 1214 calidas
1778 1186 1841 1214 hal-

1018 1227 1080 1254 neis
1096 1228 1240 1263 deponere
1256 1228 1309 1257 visi
1326 1231 1438 1263 sunt,et
1452 1229 1494 1257 sic
1509 1237 1566 1257 non
1580 1230 1728 1258 modosus
1744 1239 1843 1259 macu-

1017 1271 1061 1299 las
1071 1272 1324 1307 aboleverunt,sed
1336 1273 1418 1301 obliti
1429 1276 1499 1301 sunt
1510 1274 1597 1302 etiam
1606 1283 1638 1302 se
1646 1283 1711 1303 esse
1722 1276 1770 1303 Dei
1781 1284 1844 1312 per-

1018 1324 1177 1352 sonas,quo
1195 1317 1431 1353 rcquisitierant,
1450 1320 1478 1345 et
1516 1320 1633 1354 gratum
1667 1319 1842 1354 habuerant,

1017 1360 1113 1387 induti
1125 1363 1195 1388 sunt
1208 1361 1338 1389 vestibus
1350 1370 1480 1398 pannum
1488 1363 1694 1392 monachicum
1703 1365 1844 1393 mentien-

1018 1404 1140 1439 tibus;in
1155 1407 1271 1433 tantum
1285 1408 1414 1434 ventrem
1426 1407 1640 1436 tumefecerunt
1660 1410 1692 1436 ut
1707 1417 1764 1437 non
1778 1409 1842 1445 jam

1019 1449 1151 1477 naturale
1160 1451 1275 1485 pondus
1287 1451 1439 1479 ferendum
1456 1452 1607 1485 haberent,
1619 1453 1669 1480 sed
1685 1453 1758 1481 illud
1775 1462 1844 1482 mu-

1017 1493 1054 1521 lis
1067 1494 1410 1530 vigorosisimponerent.
1428 1496 1462 1523 Et
1478 1497 1526 1524 isti
1549 1497 1674 1532 pedibus
1709 1498 1843 1526 incedere

1019 1546 1171 1574 nunquam
1187 1539 1459 1575 dedignati,terram
1476 1541 1569 1576 ipsam
1588 1541 1673 1577 plane
1686 1542 1842 1578 irecusant,

1019 1583 1079 1610 sive
1095 1586 1218 1610 matrem
1232 1583 1281 1611 illo
1298 1585 1383 1612 modo
1400 1587 1701 1622 reverentes,eamque
1730 1586 1842 1614 calcare

140 1625 288 1658 ἀνατιθέναι
317 1625 400 1653 αὐτό·
439 1625 483 1652 καὶ
520 1625 546 1652 οἱ
582 1623 719 1660 μηδέποτε
744 1624 959 1662 παραιτούμενοι

1020 1636 1074 1654 non
1090 1628 1309 1663 audentes,sine
1326 1628 1481 1663 gestientes
1501 1638 1590 1665 super
1601 1633 1710 1658 terram
1725 1630 1841 1665 elevari;

139 1673 209 1708 πεζῇ
237 1669 344 1709 τρέχειν
372 1670 421 1704 τῆν
450 1672 500 1708 γῆν
518 1668 664 1696 ἀπείπαντο
693 1669 776 1703 αὐτὴν
807 1668 832 1700 ἐς
851 1669 882 1696 τὸ
898 1679 963 1696 παν-

138 1715 226 1751 τελὲς,
256 1715 274 1750 ἢ
299 1713 431 1751 τιμῶντές
457 1724 510 1741 που
523 1714 573 1748 τὴν
592 1714 695 1752 μητέρα
711 1713 808 1748 οὕτως,
820 1713 863 1741 καὶ
880 1724 965 1741 κατα-

140 1762 233 1788 πατεῖν
260 1759 343 1794 αὐτὴν
375 1759 515 1790 ἀκνοῦντες
532 1780 539 1793 ,
573 1757 591 1792 ἢ
621 1757 796 1797 σοφιζόμενοι
823 1759 854 1786 τὸ
883 1758 963 1796 ὑπέρ-

140 1815 212 1842 γειον
230 1815 236 1821 ·
267 1804 335 1832 ὥστε
362 1803 407 1830 καὶ
431 1803 526 1830 θᾶττον
558 1801 587 1830 ἂν
631 1803 737 1840 Πέρσης
778 1804 791 1830 ὁ
828 1803 901 1840 παρά
925 1805 965 1839 τῷ

1019 1673 1047 1698 et
1063 1671 1104 1699 sic
1122 1674 1208 1699 Persa
1223 1673 1300 1707 apud
1317 1673 1474 1701 candidum
1486 1674 1706 1710 Xenophontem
1719 1675 1843 1710 pedibus

1021 1717 1056 1743 ad
1073 1716 1283 1744 ambulandum
1301 1718 1397 1752 potius
1414 1718 1568 1752 uletur,vel
1581 1719 1616 1746 ab
1631 1728 1706 1755 equo
1718 1719 1844 1748 Centau-

1020 1769 1070 1788 rus
1086 1761 1375 1797 disjungetur,quam
1390 1762 1439 1789 isti
1455 1762 1582 1799 propriis
1597 1763 1721 1799 pedibus
1742 1765 1844 1792 ambu-

1020 1805 1134 1833 labunt.

142 1849 219 1885 καλῷ
247 1849 404 1887 Ξενοφῶντι
421 1848 570 1886 ἀνάσχοιτο
586 1847 667 1874 ποσὶν
682 1847 720 1878 εἱς
749 1846 854 1886 βάδισιν
869 1848 1035 1886 χρήσασθαι,
1048 1848 1100 1876 ε’ίτε
1116 1850 1268 1888 Κένταυρος
1290 1850 1447 1887 ἀπολέξεται
1475 1851 1519 1878 τὸν
1544 1849 1641 1886 ἵππον,
1669 1850 1738 1890 ἤπερ
1767 1851 1845 1881 αὐτοὶ

142 1893 382 1932 προτραπήσονται
398 1892 436 1925 εἰς
449 1891 511 1920 ὁδὸν
524 1893 573 1927 τὴν
590 1891 635 1920 διὰ
649 1891 740 1920 ποδῶν
757 1892 875 1922 οἰκείων.

177 1969 227 2003 κζ’.
257 1969 338 2006 Τάχα
361 1969 413 2007 γὰρ
429 1970 580 2000 παικτικῶς
591 1967 788 2007 ἀφοσιούμενος
806 1968 820 1995 ὁ
841 1970 964 1999 τοιοῧτος

145 2012 367 2052 μεγαλοσχήμων
399 2013 428 2040 τὸ
456 2013 634 2050 νινεκρῶσθαι
663 2015 721 2044 τοῖς
737 2012 810 2040 κάτω
829 2013 898 2040 καθὰ
921 2013 965 2040 καὶ

142 2056 345 2096 παρήγγελται,
370 2056 415 2085 καὶ
444 2057 624 2094 ὡμολόγηκεν
640 2065 647 2072 ⁸
678 2057 774 2095 ἀφίησι
800 2057 846 2093 μὲν
873 2056 966 2088 ἄλλως

145 2102 209 2130 αὐτὸ
238 2101 435 2133 ἐπιδείκνυσθαι
474 2101 542 2139 πρὸς
572 2101 700 2136 ἀΛήθειαν
738 2100 772 2128 δι’
800 2101 894 2139 ἀργίας
918 2103 968 2128 τοῦ

146 2149 193 2184 ζῇν
222 2146 369 2184 ἐμπαθῶς,
403 2146 447 2173 καὶ
476 2147 525 2173 τοῦ
552 2146 590 2182 μὴ
617 2145 747 2172 κινεῖσθαι
774 2145 844 2172 κατά
870 2145 968 2180 ζωϊκᾶς

147 2191 257 2229 ὀρέξεις·
289 2190 430 2225 ἀνατίθησι
468 2188 496 2217 δὲ
529 2189 567 2220 εἷς
605 2189 736 2226 ὑποξύγια
761 2189 864 2223 ἑαυτὸν,
899 2189 968 2221 καθὰ

145 2235 189 2263 καί
213 2245 239 2262 τι
255 2234 352 2273 ἄχθος,
375 2234 420 2261 καὶ
446 2233 511 2261 αὐτὸ
536 2233 658 2267 ἐτώσιον,
688 2233 732 2260 καὶ
759 2233 830 2261 οὕτω
859 2233 967 2271 φέρεται

146 2279 271 2317 ξυνωρίδι
297 2278 418 2316 ἀλόγων,
441 2280 489 2306 τοῦ
517 2288 546 2306 τε
568 2278 768 2314 κρυπτομένου,
793 2278 838 2305 καὶ
863 2277 878 2305 ὅ
901 2289 968 2316 προ-

147 2324 285 2364 φαίνεται·
309 2323 486 2362 σοφιζόμενυς
516 2324 530 2350 ὁ
559 2322 686 2356 ἓλεεινὸς,
711 2322 756 2350 καὶ
785 2322 834 2350 οὐκ
860 2322 968 2350 ἐννοού-

150 2378 249 2404 μενος,
288 2368 407 2405 ὲτεροίαν
438 2367 565 2395 ἱππασίαν
597 2371 698 2405 χρῆναι
727 2367 861 2394 ποιεῖσθαι
889 2367 969 2395 αὐτὸν

1054 1971 1099 1999 27.
1112 1971 1195 1999 Forte
1224 1972 1301 1999 enim
1318 1973 1464 2008 perfectus
1482 1972 1536 2001 iste
1562 1973 1734 2008 monachus,
1750 1975 1783 2002 ut
1795 1982 1848 2010 per

1020 2014 1124 2043 ludum
1142 2016 1303 2044 satisfaciat
1313 2019 1377 2044 voto
1390 2017 1533 2045 moriendi
1545 2018 1701 2050 mundo,ut
1711 2019 1847 2046 admoni-

1021 2062 1069 2087 tus
1082 2061 1466 2096 estetpromisit,contendit
1477 2061 1505 2089 id
1518 2061 1727 2095 aliisfmodis,et
1738 2063 1846 2090 veraci-

1022 2106 1066 2131 ter
1076 2105 1352 2139 ostendero,scilicet
1364 2105 1508 2132 otiositate
1520 2106 1583 2132 vitae
1595 2106 1768 2142 impatibilis
1776 2109 1805 2134 et
1815 2115 1847 2135 se

1023 2156 1080 2175 non
1097 2149 1240 2175 moventis
1251 2149 1412 2176 secundum
1428 2150 1603 2185 cupiditates
1615 2150 1778 2184 animales;
1795 2151 1847 2179 sed

1023 2193 1200 2228 seipsum,ut
1217 2193 1361 2220 sarcinam
1376 2194 1534 2228 quamdam
1547 2197 1574 2221 et
1594 2194 1732 2222 inutilem
1759 2203 1848 2231 super

1021 2237 1156 2272 jumenta
1173 2237 1307 2271 imponit,
1323 2240 1351 2264 et
1371 2237 1411 2265 sic
1437 2238 1566 2265 fertnrin
1580 2238 1719 2266 societate
1735 2238 1847 2268 anima-

1024 2281 1095 2308 lium
1112 2281 1368 2316 irrationabilium,
1383 2282 1470 2310 unius
1491 2283 1666 2316 absconditi,
1683 2285 1712 2311 et
1724 2283 1848 2312 alterius

1023 2325 1336 2362 manifestiDecipitur
1352 2327 1400 2354 ille
1417 2327 1506 2354 miser
1523 2335 1574 2355 nec
1595 2327 1702 2364 cogitat
1726 2328 1849 2358 alterum

1025 2371 1235 2406 equitationem
1247 2371 1302 2399 sibi
1311 2379 1373 2399 esse
1381 2372 1717 2407 fneiendam,secandum
1725 2373 1848 2410 prophe-

150 2412 338 2450 προφητικήν,
367 2412 416 2446 τὴν
439 2412 484 2439 καὶ
508 2411 703 2446 ἀποπολικήν,
729 2411 779 2445 τήν
810 2410 854 2438 ἐπὶ
883 2422 963 2447 σωτη⁴

1025 2417 1070 2443 tas
1081 2417 1109 2443 et
1120 2416 1487 2452 apostolos,equiiationem
1500 2406 1681 2445 salutiferam
1690 2419 1718 2445 et
1725 2406 1849 2447 turban-

149 2457 202 2495 ρίᾳ,
219 2456 268 2489 τὴν
288 2455 469 2492 ταράσσουσαν
499 2455 592 2491 ὕδατα,
623 2456 704 2483 ὁποῖα
733 2457 750 2491 ή
781 2457 873 2495 Γραφῆ
899 2459 969 2484 νοεῖν

152 2497 313 2529 ὑποϐάλλευ
332 2500 455 2536 ζωογόνα
485 2501 532 2536 μὶν
558 2500 652 2531 ἄλλως
675 2499 840 2534 πολυειδῶς,
855 2499 972 2539 παραϐε-

151 2544 276 2582 ϐλημένα
305 2543 333 2572 δὲ
362 2543 482 2581 θαλάσσῃ
506 2543 550 2572 διὰ
571 2545 602 2572 τὸ
635 2544 750 2572 ἄπλετον
781 2545 824 2573 καὶ
860 2545 970 2581 ἀληθῶς

153 2590 220 2627 μέγα
241 2589 285 2616 καὶ
315 2587 485 2626 εὐρύχωρον,
507 2587 561 2623 ἤδη
587 2587 616 2616 δὲ
638 2589 682 2616 καὶ
708 2588 797 2617 διὰτὸ
826 2589 971 2627 δυσπρόσι-

151 2645 196 2662 τον
221 2633 260 2665 εἷς
283 2635 372 2670 γεῦσιν
394 2635 451 2663 τοῖς
476 2643 506 2670 γε
529 2634 566 2669 μὴ
597 2631 768 2669 δυναμένοις,
798 2633 815 2668 ἢ
835 2635 972 2670 κατηξιω-

155 2679 246 2716 μένοις
275 2677 381 2715 ἐμπίνει
417 2677 544 2704 τοιούτου
575 2676 682 2708 ὕδατος·
713 2679 778 2715 ὅπερ
811 2679 879 2706 κατά
905 2685 972 2711 θεω-

152 2724 210 2762 ρίαν
240 2723 357 2762 ὲτεροίαν
381 2725 426 2760 ζῇ,
451 2723 494 2750 καὶ
525 2721 648 2756 ἅλλεται,
679 2722 722 2750 καί
761 2726 833 2758 ζωῆς
862 2724 972 2753 αἰωνίου

153 2768 237 2796 αἴτιόν
254 2768 336 2803 ἐστιν,
355 2768 377 2796 εἷ
392 2768 435 2795 καὶ
453 2768 467 2795 ὁ
483 2766 609 2806 λαμπρὸς
638 2767 716 2799 οὗτος
737 2766 872 2805 ἀναϐάτης
888 2767 973 2802 ἀϐϐἆς

153 2816 201 2841 τοῦ
229 2813 355 2841 τοιούτου
384 2812 556 2850 ἀπεχόμενος
581 2811 691 2848 ὕδατος,
719 2813 768 2841 ὅσα
795 2814 839 2842 καὶ
870 2815 972 2852 ἅλμης,

155 2858 209 2896 οὐχ
222 2857 351 2886 ἱππασίαν
377 2857 505 2886 ἐννοεῖται
533 2858 715 2896 ταράσσουσαν
743 2857 828 2887 ὕδατα
855 2861 975 2898 γραφικὰ

1025 2463 1081 2488 tem
1090 2469 1179 2495 aquas
1188 2460 1654 2496 qualesintelligendasSt‘riptura
1665 2463 1846 2498 suppeditat.

1026 2505 1089 2532 Istas
1102 2514 1182 2540 aqua)
1197 2505 1296 2533 multis
1308 2505 1373 2533 aliis
1386 2506 1480 2533 modis
1491 2506 1632 2539 vivunt,et
1641 2507 1714 2535 mari
1731 2507 1848 2536 assimi-

1027 2549 1124 2577 lantur
1135 2550 1203 2585 quia
1214 2551 1408 2584 abundantes,
1425 2559 1536 2586 magnre
1554 2554 1582 2578 et
1611 2551 1774 2586 immensa,
1805 2555 1850 2581 at-

1027 2603 1083 2630 que
1100 2595 1217 2622 difﬁcile
1233 2596 1267 2622 ad
1281 2604 1329 2623 eas
1345 2595 1507 2631 gustandas
1523 2596 1670 2624 acceditur
1682 2597 1718 2625 iis
1731 2598 1781 2633 qui
1797 2606 1848 2626 ne-

1027 2642 1196 2674 queuntaut
1207 2640 1401 2675 dedignantur
1412 2640 1498 2668 istum
1511 2648 1615 2676 aquam
1630 2641 1850 2675 bibere;eedem

1027 2692 1093 2711 vero
1109 2693 1189 2720 aqum
1203 2685 1259 2712 alio
1271 2685 1357 2712 modo
1373 2685 1473 2712 vivunt
1486 2687 1514 2712 et
1529 2685 1710 2720 exsiliunt,et
1725 2686 1852 2714 dautvi-

1028 2731 1086 2756 tam
1101 2731 1238 2756 aeternam
1256 2730 1279 2756 si
1299 2729 1395 2756 clarus
1411 2730 1659 2765 eques,abbas,ab
1671 2731 1714 2758 eis
1727 2739 1784 2758 non
1799 2731 1854 2759 mi-

1029 2782 1083 2801 nus
1100 2774 1134 2801 ab
1165 2773 1225 2801 sale
1247 2774 1388 2808 obstinet,
1417 2783 1476 2802 non
1505 2775 1614 2810 cogitat
1643 2775 1852 2811 equitationem

1029 2827 1119 2854 aquas
1131 2819 1262 2854 depictas
1277 2821 1469 2853 everrentem,
1492 2821 1519 2847 et
1530 2821 1636 2847 ﬂuctus
1665 2819 1853 2856 procellosos,

1030 2865 1058 2892 et
1073 2863 1257 2899 chlamydem
1270 2865 1298 2892 et
1313 2871 1393 2892 mare
1404 2864 1530 2892 reﬂuens
1543 2872 1601 2892 non
1611 2864 1781 2902 agitat,que
1791 2873 1855 2895 om-
