2030 3167
201 196 258 226 ’151

586 191 797 222 EUSTATllll
820 188 1205 220 THESSALONICENSIS
1228 187 1519 219 METROPOLITAE

1850 190 1912 218 752

200 262 250 290 nia
265 260 413 297 experitur
425 259 513 287 homo
523 257 674 286 secularis
686 265 737 293 per
747 264 827 284 mare
837 256 1021 293 negotiorum

1085 254 1177 285 τάλους
1189 253 1219 282 δὶ
1232 253 1402 293 τυφωνικοὺς
1423 253 1541 289 ἀνακυκᾷ
1555 252 1600 281 καὶ
1623 250 1773 292 χαρύϐὂεις
1790 254 1834 281 καὶ
1852 253 1910 290 ἆμ-

201 307 353 343 navigans,
371 313 428 333 non
443 306 542 332 autem
559 303 609 340 qui
624 303 712 330 vitam
728 302 858 338 quietam
889 304 917 329 et
945 303 1026 329 tran-

199 351 324 388 quillam
339 349 431 386 eligit.

233 442 279 469 28.
295 441 318 468 0
332 439 413 467 Helia
429 438 478 474 qui
494 445 580 465 curru
598 437 702 473 raptus
717 443 758 468 es,
774 444 828 463 cur
842 444 900 464 non
915 443 950 462 ex
965 435 1023 462 alto

198 494 312 521 mones,
342 483 489 520 quomodo
517 481 711 518 equitandum
740 482 785 508 est
813 480 860 508 his
897 480 1024 507 homini-

199 533 255 560 bus
270 529 332 563 Dei,
349 536 384 556 ne
399 528 458 555 vita
473 526 635 563 spiritualis
658 534 693 554 ex
721 527 837 553 terrena
859 524 1025 561 peregrina-

198 577 277 604 tione
301 571 487 609 negligatur?
511 572 568 599 Aut
595 579 680 598 curru
698 569 790 605 ignito
812 569 952 604 elevatus,
975 577 1023 597 su-

198 629 250 658 per
265 618 410 648 mundum
445 616 613 650 ascendens,
639 614 782 651 numquid
807 622 911 650 parum
936 621 1021 641 curas

198 657 266 694 eum
287 663 337 700 qui
353 661 452 690 currui
468 663 519 689 tuo
534 660 670 689 insistere
689 661 815 692 recusat,
831 661 860 686 et
881 667 934 686 nos
949 657 1022 686 sinis

196 710 325 748 proferre
335 716 398 744 quae
406 709 481 734 Deus
493 704 681 741 imperaverit
689 704 822 732 dicendo:
841 703 890 731 Eia
905 711 969 739 age,
981 703 1022 731 sic

195 753 453 788 faciamus,sancte
467 751 518 778 Dei
535 749 685 778 monschel
699 748 953 782 Quemadmodum
965 757 1022 776 non

194 800 305 835 ubique
329 795 559 830 ambulandum,
589 794 639 822 sed
670 793 828 829 aliquando
857 793 1022 821 sistendum

195 847 250 878 est;
267 851 361 878 neque
375 840 455 869 omni
471 840 535 867 vita:
548 839 642 875 spatio
655 841 730 866 recte
743 840 770 865 et
786 837 931 865 inﬂexible
942 839 1022 864 stan-

196 890 266 917 dum
282 888 411 921 est,sunt
421 893 487 912 vero
499 886 632 920 tempora
647 882 755 918 quibus
771 882 884 918 corpori
907 889 1020 910 recum-

195 935 265 962 bere
288 940 346 960 non
375 930 471 959 solum
499 937 589 965 super
606 930 725 962 terram,
754 934 855 954 verum
885 926 910 954 si
947 935 1021 963 opus
1038 947 1062 980 Β

196 981 242 1007 est
256 978 287 1006 in
302 976 401 1010 cubili,
417 975 447 1002 in
464 973 580 1007 lectulo,
597 981 663 1000 cum
679 971 827 1008 tapetibus
843 971 1021 999 conceditur:

195 1024 298 1053 eodem
314 1021 400 1049 modo
416 1027 469 1048 nec
484 1018 612 1054 pudibus
627 1019 704 1046 terra
714 1016 888 1053 proterenda
895 1018 939 1044 est
954 1024 1022 1044 con-

194 1067 342 1103 tinuo,sed
358 1068 387 1094 et
414 1073 501 1093 curru
531 1063 674 1091 utendum
689 1064 746 1096 est,
777 1062 851 1089 inter
876 1061 1020 1096 quasdam

195 1107 550 1145 oircumstantias,quales
563 1107 628 1135 vitm
644 1109 707 1135 rota
722 1113 756 1134 ex
780 1105 838 1134 alto
867 1106 896 1133 in
926 1113 1020 1133 unum

194 1159 326 1187 vertente
340 1157 369 1183 et
384 1162 438 1182 suo
467 1151 576 1180 circulo
604 1151 667 1180 dies
697 1153 814 1179 nostros
844 1149 1021 1183 involvente,

196 1210 272 1238 saepe
288 1200 479 1228 reducuntur.
496 1197 596 1232 Neque
612 1196 647 1223 de
662 1195 734 1223 solis
765 1195 876 1222 morbis
906 1194 1020 1230 loquor,

197 1246 248 1282 qui
260 1244 348 1272 variis
357 1242 453 1270 modis
465 1241 608 1277 languens
616 1247 724 1275 corpus
734 1239 765 1266 in
775 1239 913 1266 feretrum
923 1246 1023 1266 ascen-

196 1291 264 1318 dere
275 1290 394 1324 cogunt,
410 1287 462 1315 sed
489 1288 518 1314 et
532 1286 567 1313 de
597 1284 662 1312 aliis
674 1283 886 1318 accidentibus,
909 1283 939 1310 in
956 1283 1021 1318 qui-

195 1336 253 1363 bus
265 1334 406 1369 majorem
417 1339 452 1359 ex
467 1329 618 1358 monachis
634 1337 692 1356 non
708 1336 826 1356 necesse
839 1329 883 1355 est
898 1327 1022 1364 pedibus

200 1379 346 1408 incedere.
359 1377 459 1412 Longa
479 1374 591 1403 scilicet
618 1374 666 1402 via.
689 1372 772 1400 illum
795 1381 885 1408 super
902 1380 1022 1400 currum

201 1423 360 1453 ascendere
389 1423 482 1457 coget,
506 1420 584 1447 sicut
597 1422 625 1447 et
640 1418 781 1454 majestas
810 1425 925 1446 amoma
938 1419 968 1445 et
982 1417 1024 1445 di-

199 1477 258 1506 gna
274 1467 392 1496 homine
407 1469 558 1499 senclo,ne
572 1463 658 1500 vulgo
675 1462 911 1491 commisceatur.

1079 297 1211 330 πώτιδαςί
1228 297 1265 326 ὧν
1278 299 1410 333 κοσμικὺς
1425 301 1549 335 πειρᾶται
1564 297 1719 336 ἄνθρωπος,
1747 299 1912 337 νηχόμενος

1081 343 1124 371 διὰ
1137 343 1276 379 θαλάσσης
1287 344 1468 382 πραγμάτων,
1484 342 1514 371 ού
1532 344 1587 380 μὴν
1603 344 1617 371 ὁ
1631 344 1677 371 τὸν
1690 344 1847 381 ἀκύμαντον
1864 344 1910 371 καί

1079 387 1224 416 ἀσάλευτον
1243 389 1302 426 βίον
1318 387 1458 425 ἐλόμενος.

1113 444 1165 468 κη.
1183 436 1214 460 Ὢ
1243 432 1423 471 ἀρματηλάτα
1454 431 1543 468 Ἠλία,
1567 432 1594 460 τί
1623 432 1726 469 δήποτε
1751 434 1791 470 μὴ
1819 445 1906 462 κατα-

1079 477 1195 514 πέμπεις
1223 478 1315 517 φωνὴν
1341 476 1452 512 ἄνωθεν,
1480 479 1555 509 ὅπως
1584 478 1648 506 τοὺς
1661 481 1710 506 τοῦ
1723 481 1791 506 Θεοῦ
1810 480 1908 508 τοιού-

1077 533 1140 554 τους
1165 523 1323 560 ἀνθρώπους
1362 522 1523 558 ἱππάζεσθαι
1547 524 1616 561 χρὴ,
1641 524 1679 554 ὡς
1705 525 1743 560 μὴ
1775 525 1907 563 ἆχρειοῦν

1076 568 1107 594 τὸ
1123 567 1190 595 κατά
1204 570 1310 604 πνεῦμα
1333 565 1488 595 διαϐατικὸν
1514 568 1544 595 ἐκ
1565 569 1613 595 τοῦ
1628 569 1696 596 κατᾶ
1709 571 1762 606 γῆς
1791 567 1886 607 ἕρπειν
1900 579 1908 605 ;

1077 613 1112 640 Ἠ
1129 612 1160 639 συ
1189 612 1235 649 μὶν
1250 613 1362 650 πύρινος
1391 611 1535 650 ὂιφρευτὴς
1563 610 1692 647 ἀπεκεὰς,
1715 614 1759 641 καί
1787 614 1834 641 τὸν
1859 614 1907 642 κό-

1078 667 1145 694 σμον
1171 655 1349 695 ὑπεραναϐας,
1374 656 1456 695 ὀλίγα
1479 657 1625 698 ἐπιστρέφῃ
1649 661 1702 686 τῶν
1736 660 1774 696 μή
1795 659 1904 687 ἐθελόν-

1076 712 1129 729 των
1147 701 1247 737 ζηλοῦν
1261 702 1292 730 τὸ
1309 702 1353 730 σὸν
1371 701 1515 741 δίφρευμα·
1546 704 1614 739 ἡμῖν
1631 702 1660 730 δὶ
1686 703 1765 743 ἐφίης
1798 704 1906 739 λαλεῖν,

1077 745 1104 773 εἷ’
1136 746 1161 773 τί
1197 757 1251 774 που
1287 746 1333 774 καὶ
1373 745 1461 778 θεόθεν
1498 746 1600 784 ἐπέλθᾳ
1637 749 1824 786 φθέγγεσθαι;
1857 750 1905 776 Καὶ

1078 789 1110 825 δή
1127 793 1250 828 ποιῶμεν
1266 791 1348 826 οὕτω,
1364 791 1422 819 δσιι
1446 794 1486 828 τῷ
1508 795 1566 828 Θεῷ
1596 793 1711 831 μοναχὲ.
1742 795 1847 832 Ὥσπερ
1875 794 1905 822 οὖ

1077 836 1192 863 πάντοτὲ
1217 846 1260 863 σοι
1286 835 1426 873 βαδιστέον
1443 859 1450 873 ,
1477 836 1551 864 ἀλλὰ
1578 848 1631 865 που
1666 839 1709 865 καὶ
1736 840 1904 875 ῆρεμητὲον·

1078 879 1141 908 οὐδὲ
1157 879 1324 918 ὀρθοστάδην
1356 880 1508 909 διανυστέον
1533 882 1564 909 τὸ
1593 884 1644 910 πᾶν
1671 886 1721 918 τῆς
1739 886 1812 918 ζωῆς
1839 884 1905 911 ἀκα-

1076 926 1246 962 τάκαμπτον,
1277 925 1350 953 ἀλλὰ
1377 925 1404 952 ἐν
1429 929 1535 964 καιροῖς
1560 926 1604 954 καὶ
1625 926 1784 955 κατακλίσει
1811 927 1903 956 δοτέον

1077 972 1109 999 τὸ
1138 973 1227 1008 σῶμα,
1253 970 1297 999 καὶ
1326 972 1396 1008 αὐτῇ
1426 971 1456 999 οὐ
1487 971 1567 1008 μόνον
1597 973 1664 1000 κατὰ
1692 977 1759 1011 γῆν,
1788 973 1854 1002 ἀλλ’
1882 973 1905 1001 εἴ

1078 1014 1168 1051 δεήσει
1190 1015 1215 1043 ἐν
1232 1016 1356 1054 χαμεύνῃ
1368 1015 1412 1043 καὶ
1437 1015 1531 1054 κλίνῃ,
1555 1017 1600 1044 καὶ
1624 1019 1708 1045 ταῦτα
1730 1018 1801 1054 μετὰ
1816 1018 1906 1055 στρώ-

1077 1069 1172 1097 ματος³
1190 1061 1276 1092 οὕτως
1305 1059 1372 1088 οὐδὲ
1397 1061 1463 1089 ποσὶ
1493 1060 1588 1089 διόλου
1611 1061 1736 1100 τριπτὲον
1764 1063 1818 1098 τὴν
1841 1067 1905 1100 γῆν,

1075 1104 1149 1133 ἄλλα
1162 1105 1207 1132 καὶ
1224 1105 1374 1144 ἐποχητέον
1397 1104 1442 1133 διὰ
1463 1106 1647 1143 περιπέτειαν,
1670 1107 1766 1138 ὁποίας
1796 1107 1906 1138 πολλὰς

1076 1151 1090 1177 ὁ
1118 1152 1166 1177 τοῦ
1202 1150 1264 1187 βίου
1300 1150 1402 1188 τροχὸς
1437 1151 1588 1189 περιφέρει,
1626 1151 1812 1190 στρεφόμενος
1851 1151 1906 1179 ἄνω

1077 1195 1150 1222 κάτω
1165 1194 1209 1222 καὶ
1225 1193 1381 1222 ἀνακυκλῶν
1405 1194 1438 1222 τὰ
1464 1195 1589 1233 βιωτικά.
1615 1195 1667 1223 Καὶ
1698 1196 1730 1224 ού
1755 1195 1834 1234 λέγω
1855 1198 1905 1231 τὴν

1076 1240 1144 1267 κατὰ
1157 1239 1248 1275 νόσον,
1277 1240 1369 1266 ὁποῖαι
1384 1239 1429 1266 καὶ
1459 1239 1538 1267 αὐταὶ
1566 1238 1720 1271 πολυιιδεέ
1731 1240 1763 1268 τὸ
1782 1240 1812 1268 ἐν
1834 1242 1904 1278 ἡμῖν

1076 1285 1201 1311 ταπεινὸν
1249 1284 1386 1320 σωμάτιον
1434 1283 1599 1312 ἀνατιθέασιν
1646 1285 1685 1316 εἰς
1739 1285 1904 1324 βάσταγμα,

1077 1329 1182 1366 ἑτεροῖα
1210 1327 1238 1356 δέ
1263 1338 1322 1356 τινα
1356 1329 1570 1366 περιττώματα,
1610 1330 1648 1357 ὧν
1685 1329 1771 1358 ἓνεκεν
1805 1330 1903 1368 ἆνέγκη

1077 1371 1122 1399 καὶ
1149 1372 1195 1399 τὸν
1223 1372 1249 1400 ἐν
1282 1375 1416 1410 μοναχοῖς
1446 1372 1598 1412 ὑπὲρμεγαν
1628 1373 1809 1411 ἀπολέγεσθαί
1839 1385 1906 1402 ποτε

1076 1416 1108 1444 τὸ
1122 1417 1186 1444 ποσὶ
1211 1416 1338 1455 βαδίζειν.
1360 1417 1457 1455 Μακρὰ
1478 1417 1567 1445 τοίνυν
1596 1417 1659 1450 ὁδὸς
1685 1418 1807 1457 βιάσεται
1832 1419 1906 1456 αύτῷ

1076 1462 1125 1496 τὴν
1164 1461 1202 1493 είς
1243 1461 1387 1499 ὑποζύγιον
1427 1459 1576 1499 ἀνάϐασιν,
1613 1462 1659 1490 καὶ
1701 1464 1839 1500 σεμνότης
1877 1463 1905 1492 δὲ

206 1504 318 1548 uineta,
356 1511 532 1549 προσήκουσα
569 1507 702 1546 καθαρείῳ
749 1507 908 1545 ἀνθρώπῳ,
957 1505 1174 1544 μεγαλυνομάνῳ
1218 1504 1367 1542 ἐπίτηδες,
1410 1505 1457 1534 ἵνα
1508 1508 1545 1544 μή
1597 1507 1821 1546 παραῤῥιτπῆται
1869 1509 1905 1540 εἰς

204 1559 367 1633 ἂγὲξίχῖἱζο
396 1601 475 1630 enim
515 1607 728 1635 nonnunquam
757 1597 938 1626 observanda
960 1599 1031 1625 sunt

204 1651 324 1687 propter
339 1648 506 1676 inseneatos
520 1645 570 1681 qui
593 1644 742 1672 hominem
767 1643 935 1671 interiorem
965 1650 1030 1678 per-

205 1695 318 1731 spicere
329 1701 387 1722 non
402 1691 544 1723 valentes,
561 1689 644 1717 illum
660 1697 695 1717 ex
709 1687 901 1717 exterioribus
928 1687 1032 1715 volunt

202 1739 347 1776 judicare.
364 1737 406 1764 Ob
423 1736 499 1764 hanc
514 1742 582 1769 ergo
598 1741 718 1762 causam
734 1740 792 1760 non
808 1732 984 1768 depingatur
999 1731 1029 1759 in

206 1785 407 1820 portentosam
423 1787 578 1816 personam
596 1778 646 1805 ille
661 1785 787 1812 magnus
799 1776 971 1811 monachus,
994 1784 1031 1804 ne

208 1829 388 1863 conspuatur
412 1825 447 1852 ab
463 1822 584 1860 ignaris,
601 1831 619 1850 a
642 1829 699 1858 quo
715 1821 740 1849 si
755 1821 896 1856 abstinet,
913 1829 970 1848 non
981 1820 1034 1848 de-

210 1875 297 1900 erunt
312 1871 374 1899 aliae
387 1870 439 1896 viae
456 1869 492 1896 ad
521 1867 692 1896 alliciendos
708 1866 818 1894 obvios.
834 1866 950 1894 Etenim
966 1874 1034 1894 cum

209 1919 329 1952 tempus
344 1915 408 1949 erit,
425 1913 581 1947 laetabitur,
598 1920 742 1948 parceque
766 1911 938 1939 subridebit.
960 1910 1034 1943 Quid

211 1961 308 1998 ergo?
337 1961 420 1996 parta
447 1958 501 1986 hac
527 1956 754 1993 aequanimitate,
788 1956 884 1984 adhuc
918 1955 1033 1984 ridebit.

210 2007 274 2035 Non
287 2005 365 2033 enim
381 2012 470 2040 penes
486 2011 532 2030 me
547 2002 681 2030 homines
696 2001 791 2029 risum
823 2000 941 2028 omnino
966 2008 1034 2028 con-

211 2052 385 2080 demnantes
397 2048 623 2086 probare,donec
638 2046 733 2074 audivi
749 2046 893 2073 dicentem
911 2054 917 2073 :
938 2045 1035 2072 «Beati

211 2096 260 2132 qui
277 2104 354 2123 nunc
370 2093 528 2129 ﬂetis,quia
556 2091 690 2119 ridebitis
706 2091 726 2118 ‘.
738 2091 773 2118 Et
801 2091 856 2118 iste
869 2098 969 2118 servus
987 2089 1035 2118 Dei

212 2141 314 2169 eodem
331 2139 418 2167 modo
435 2146 466 2166 se
482 2136 639 2170 habebit,si
669 2135 739 2172 quid
765 2135 934 2172 jucundum
960 2135 1035 2163 acci-

212 2185 307 2214 derit:
338 2192 405 2212 eum
421 2183 517 2210 videre
533 2184 577 2210 est
602 2180 687 2209 dulce
714 2180 918 2216 aspicientem.
935 2188 1035 2208 aurem

211 2230 319 2259 blande
334 2229 522 2266 praebentem,
540 2226 599 2254 illis
616 2234 683 2254 cum
714 2225 821 2262 quibus
846 2225 1034 2260 colloquitur,

212 2283 262 2304 ore
276 2275 401 2310 benigno
415 2272 576 2300 intuebitur
593 2271 740 2298 hominem
752 2273 864 2298 rectum
880 2270 915 2297 ad
937 2277 1036 2297 exem-

211 2320 277 2357 plar
292 2319 369 2356 regis
380 2317 472 2346 nostri
489 2324 603 2344 amoena
618 2314 847 2352 pulchritudine.

247 2409 293 2437 30.
308 2406 561 2442 Quemadmodum
587 2413 653 2440 ergo
667 2404 753 2432 certis
771 2403 952 2439 temporibus
981 2410 1036 2430 no-

1120 1597 1170 1625 κθ’.
1194 1595 1346 1634 Πολλαχοῦ
1369 1595 1421 1634 γὰρ
1447 1597 1492 1624 καὶ
1520 1597 1553 1625 τὰ
1576 1600 1688 1626 τοιαῦτα
1716 1599 1912 1638 παρατηρητὲα

1087 1639 1131 1668 διὰ
1157 1641 1220 1672 τοὺς
1250 1641 1440 1680 ἀφραίνοντας,
1471 1641 1497 1669 οἵ
1527 1643 1565 1678 μὴ
1603 1642 1768 1680 προκύπτειν
1798 1643 1838 1674 εἷς
1867 1644 1911 1671 τὸν

1085 1684 1138 1714 ἔσω
1169 1684 1313 1722 δυνάμενοι
1337 1684 1491 1724 ἄνθρωπον,
1529 1686 1557 1715 ἐκ
1583 1689 1637 1715 τῶν
1665 1686 1715 1722 ἔξω
1741 1688 1913 1726 χαρακτηρί-

1088 1733 1140 1765 ζιιν
1168 1730 1246 1758 αὐτὸν
1275 1729 1422 1760 ἐθέλουσιν.
1453 1731 1533 1763 ’Όθεν
1557 1729 1620 1759 οὔτε
1649 1731 1687 1762 είς
1701 1730 1825 1770 εἰδεχθὲς
1837 1733 1914 1771 χρώ-

1090 1777 1163 1809 ζοιτο
1180 1775 1208 1802 ἂν
1224 1775 1238 1802 ὁ
1252 1776 1376 1806 τοιοῦτος
1407 1774 1489 1813 μέγας
1507 1776 1639 1813 μοναχὸς,
1651 1775 1698 1803 ’ίνα
1727 1777 1765 1814 μὴ
1791 1777 1839 1804 καὶ
1863 1787 1914 1804 σιε-

1089 1818 1257 1857 λογραφῆναι
1271 1822 1331 1850 τοῖς
1358 1818 1541 1853 ἀπαιδεύτοις’
1572 1820 1597 1848 εἴ
1624 1819 1652 1848 δὲ
1683 1821 1737 1858 μὴν
1769 1821 1914 1860 ἀπέχοιτο,

1090 1862 1152 1891 οὐδὲ
1190 1865 1238 1891 τοῦ
1271 1862 1366 1896 ἄλλως
1401 1864 1545 1903 ἐπάγεσθαι
1583 1865 1647 1898 τοὺς
1685 1867 1913 1905 ἐντυγχάνοντας.

1090 1908 1139 1935 Καὶ
1167 1909 1218 1946 γὰρ
1245 1909 1289 1936 καὶ
1320 1908 1496 1948 ἱλαρυνεῖται,
1523 1909 1567 1938 ὅτε
1593 1911 1696 1949 καιρὸς,
1726 1912 1772 1939 καὶ
1798 1913 1913 1949 ὑπομει-

1091 1952 1174 1980 διάσει
1196 1952 1347 1990 γαληνιῶν.
1366 1955 1399 1983 Τί
1414 1953 1443 1982 δέ
1455 1964 1461 1989 ;
1475 1955 1498 1982 at
1514 1954 1666 1987 πλεονάσας
1680 1957 1756 1984 τουτὶ
1777 1957 1809 1984 τὸ
1835 1957 1915 1985 κατά-

1090 2009 1191 2034 στημα,
1213 1998 1258 2025 καὶ
1286 1998 1403 2037 γελάσει.
1434 2000 1472 2029 Οὐ
1488 2001 1540 2038 γὰρ
1567 1998 1625 2038 ἔχω
1654 2000 1743 2040 φιλεῖν
1771 2001 1826 2040 ἐγὼ
1855 2002 1914 2033 τοὺς

1090 2043 1256 2071 παντάπασιν
1298 2043 1461 2079 ἐξωθοῦντας
1501 2045 1545 2072 τὸν
1584 2045 1701 2083 γέλωτα,
1738 2045 1790 2078 ἕως
1827 2047 1915 2074 ἀκούω

1093 2088 1240 2125 μακαρίους
1270 2087 1336 2116 εἶναι
1364 2088 1428 2120 τοὺς
1451 2089 1595 2121 κλαίοντας
1611 2092 1666 2124 νῦν,
1683 2089 1724 2118 ὅτι
1741 2089 1914 2128 γελάσουσιν.

1091 2132 1195 2160 Ούκοῦν
1224 2132 1269 2160 καὶ
1299 2133 1314 2159 ὁ
1337 2135 1461 2161 τοιοῦτος
1486 2137 1652 2171 θεραπευτής
1673 2137 1722 2162 τοῦ
1745 2138 1814 2163 Θεοῦ
1830 2136 1918 2164 πείσε-

1089 2187 1134 2204 ται
1159 2176 1265 2214 ὅμοιον,
1296 2176 1322 2204 εί¹
1343 2177 1369 2205 τί
1395 2189 1448 2205 που
1476 2178 1627 2216 παραπέσοι
1658 2178 1774 2218 ἐφολκὸν
1812 2180 1851 2211 εἰς
1886 2181 1916 2208 ἆ-

1091 2222 1243 2256 στειότητω
1267 2222 1312 2249 καί
1336 2221 1422 2260 γλυκὺ
1443 2221 1471 2250 δὶ
1495 2221 1638 2260 ἐμϐλέψει,
1668 2223 1713 2251 καὶ
1739 2224 1827 2259 ἀκοὴν
1841 2224 1916 2264 ἐτρελ-

1091 2267 1210 2299 κύσεται,
1238 2266 1389 2304 γλυκάζων,
1417 2268 1458 2299 οῖς
1483 2266 1573 2295 λαλεῖ·
1599 2267 1645 2296 καὶ
1662 2268 1767 2300 εὗωπὸς
1795 2269 1915 2308 ἐντρανί-

1093 2313 1144 2346 ζων
1158 2309 1231 2342 ἔςται
1247 2311 1286 2342 εἷς
1311 2311 1502 2351 ἀνυπόκριτον,
1527 2313 1595 2340 κατὰ
1615 2313 1660 2341 τὸν
1690 2314 1793 2352 ὡραῖον
1819 2314 1915 2342 κάλλει

1091 2355 1188 2394 Κύριον
1205 2357 1296 2392 ἡμῶν,

1128 2399 1161 2430 λ’.
1178 2401 1272 2428 Δοτὲον
1290 2401 1346 2435 οὗν,
1370 2402 1439 2434 καθᾶ
1463 2401 1507 2429 γαὶ
1531 2403 1635 2442 τροφὴν
1661 2403 1777 2441 καιρίως
1803 2401 1916 2440 ἔξαλλον

212 2462 266 2482 vus
282 2453 375 2486 cibus,
390 2454 419 2479 et
433 2451 577 2478 mundum
593 2449 778 2483 balneum,et
793 2448 880 2476 vestis
897 2456 954 2476 non
983 2447 1028 2475 tri-

1089 2446 1134 2473 καὶ
1148 2445 1262 2483 λουτρὸν
1286 2445 1431 2484 καθάρσιον
1455 2446 1499 2474 καὶ
1524 2446 1626 2482 στολὴν
1648 2445 1757 2486 ἀτριϐῆ,
1776 2448 1849 2476 οὕτω
1872 2449 1914 2476 καὶ

212 2498 310 2532 ta,sic,
328 2498 445 2532 propter
460 2496 528 2530 ista,
544 2501 648 2522 currus
666 2493 732 2520 huic
762 2492 905 2520 monacho
931 2492 1036 2528 majori

212 2541 416 2571 concedendus
426 2542 471 2568 est
486 2540 520 2567 ad
537 2547 635 2573 usum,
652 2546 708 2566 non
726 2537 761 2565 ad
776 2537 915 2572 nimium,
932 2539 984 2565 aut
999 2537 1036 2565 ad

212 2586 325 2616 malum
338 2592 437 2612 usum.
453 2584 532 2615 Quod
549 2583 598 2611 ille
614 2583 744 2610 modeste
767 2582 860 2615 faciet,
879 2582 903 2610 si
924 2582 1036 2618 recogi-

211 2632 301 2665 tat,ut
317 2629 460 2665 scriptum
494 2630 548 2664 est,
574 2627 780 2656 ascendentem
804 2635 893 2663 super
922 2626 1036 2663 pullum

213 2684 302 2713 super
312 2682 400 2711 quem
416 2680 500 2700 neme
516 2672 641 2704 sederat,
657 2674 685 2699 et
698 2672 774 2700 inter
790 2671 915 2708 hymnos
938 2671 1035 2707 splen-

212 2722 279 2750 dide
294 2718 525 2754 triumphantem
551 2717 586 2744 de
610 2719 710 2744 nostro
736 2717 887 2744 communi
916 2716 1036 2744 inimico

213 2767 362 2799 daemone;
393 2771 452 2791 non
482 2763 580 2790 autem
594 2761 678 2790 aliter
701 2761 731 2789 id
747 2763 823 2797 agat,
840 2761 951 2790 scilicet
966 2769 1034 2790 cum

247 2872 259 2889 ‘
272 2872 340 2899 Luc.
353 2879 392 2905 νι,
403 2870 447 2897 21.

1091 2489 1189 2528 ὄχημα
1205 2489 1248 2517 διά
1262 2492 1345 2518 ταῦτα
1360 2493 1400 2527 τῷ
1425 2491 1666 2530 μεγαλοσχήμονι,
1695 2492 1764 2521 ὥστε
1788 2496 1916 2531 χρᾶσθαι,

1091 2535 1122 2563 ού
1141 2535 1194 2572 μὴν
1210 2536 1404 2573 ὑπερχρᾶσθαι,
1430 2534 1479 2563 εἴτ’
1507 2536 1552 2564 οὖν
1577 2538 1782 2576 παραχρᾶσθαι.
1805 2541 1916 2574 Ποιήσει

1092 2579 1120 2608 ’δὲ
1149 2580 1214 2607 αὐτὸ
1243 2579 1347 2612 ἐκεῖνος
1371 2578 1508 2616 εὐλαϐῶς,
1537 2581 1740 2619 ἐνθυμούμενος
1771 2583 1821 2611 τὸν
1839 2606 1846 2618 ,
1881 2584 1916 2615 ὡς

1090 2625 1252 2663 γέγραπται,
1282 2624 1325 2652 ἐπὶ
1341 2624 1427 2663 ἀσαγῆ
1445 2625 1539 2654 πῶλον
1563 2624 1758 2663 ἐπιϐεϐηκότα,
1783 2628 1828 2655 καὶ
1853 2629 1918 2665 μετὰ

1091 2670 1182 2707 cavam
1219 2667 1440 2708 Θριαμϐεύσαντα
1471 2672 1540 2699 κατὰ
1578 2674 1626 2700 τοῦ
1658 2674 1752 2700 κοινοῖ)
1781 2672 1917 2710 πολεμίου

1091 2713 1221 2752 δαίμονος
1241 2717 1398 2751 πομπικῶςν
1426 2715 1458 2743 οὐ
1486 2717 1539 2753 μὴν
1563 2715 1656 2748 ἄλλως
1681 2719 1824 2756 τρυφερῶς
1851 2719 1917 2746 κατὰ

1089 2759 1153 2792 τοὺς
1177 2760 1221 2788 καὶ
1239 2759 1311 2788 οὕτω
1324 2758 1532 2796 σπαταλῶντας,
1545 2760 1592 2789 ἵνα
1617 2762 1656 2799 μὴ
1671 2764 1711 2798 τῷ
1735 2761 1814 2800 λόγῳ
1826 2762 1915 2800 τούτῳ
