2030 3167
166 173 226 202 753

674 176 724 206 DE
747 177 988 209 EMENDANDA
1010 181 1102 211 VITA
1125 181 1361 212 MONACHICA.

1811 182 1869 212 754

168 237 212 285 καὶ
241 239 275 275 τῇ
299 237 455 277 ἀδιακρισίᾳ
479 239 523 267 καὶ
552 243 592 277 τῷ
619 240 760 281 ἀδιαφόρῳ
785 245 849 277 τῶν,
879 243 901 271 εἰ
931 254 974 283 χρη

1045 255 1162 284 pompa,
1179 248 1341 276 secundum
1366 247 1546 282 deliciantes,
1565 256 1600 276 ne
1619 248 1678 276 ista
1700 249 1804 285 agendi
1820 257 1866 277 ra-

168 281 240 310 οὕτω
269 284 361 322 φάναι,
390 287 577 322 προτακτικῶν
610 287 635 314 οἱ
666 286 840 315 ὑποτακτικοί
867 281 986 328 διαστρέ-

167 338 266 363 φωνται
288 331 335 356 τοῦ
365 328 512 365 ἴθυτενοῦς,
543 331 658 370 φαύλοις
684 332 794 364 τούτοις
823 334 988 372 ἀρχετύποις

166 371 385 418 ἐξομοιούμενοι,
409 375 452 402 καὶ
483 375 532 402 οὐκ
561 376 706 415 ἐντέχνως,
732 376 796 405 οὐδὲ
820 371 889 415 πρὸς
914 379 987 418 ἀκρί-

165 414 239 463 ϐειαν
262 418 296 446 τὰ
323 420 492 456 πνευματικὰ
520 414 697 460 γραφόμενοι.
713 423 757 457 Μή
784 414 845 461 γὰρ
860 424 890 451 οὐ
907 414 985 463 φιλο-

164 462 245 499 σοφία
260 463 328 491 κατὰ
351 465 415 496 τοὺς
442 465 536 503 ἁγίους
557 467 678 504 Ila-ripa;
693 467 748 495 ἐστὶ
763 468 808 496 καὶ
824 470 841 504 ἡ
861 462 987 497 πολιτεία

158 509 213 534 τῶν
240 505 326 539 οὕτως
342 509 456 546 ὑψηλῶν
474 513 616 549 μοναχῶν,
633 511 658 539 οἳ
686 513 784 549 τὸντῷ
799 512 856 541 ὅντι
873 513 985 552 φιλόσο-

162 562 212 590 φον
241 551 268 580 ἐν
299 554 387 593 σφίσιν
419 555 511 586 αὐτοῖς
541 556 713 594 εἷκονίζουσι,
742 558 787 585 τὸν
814 559 850 590 ὡς
875 551 985 595 ἆληθῶς

162 599 272 633 πρῶτον
295 598 339 626 καὶ
373 598 560 635 ἀνυπόθετον;
599 601 628 632 ’ὸς
656 602 724 639 πρὸς
753 601 881 640 οὐδεμίαν
910 602 984 635 ὅλως

164 641 251 680 ὁρχήν
283 642 371 679 ἄλλην
404 645 569 683 σχηματίζει
596 646 644 677 τὰς
669 648 728 675 κατ’
755 647 834 675 αὐτὸν
858 649 983 687 Θεωρίας,

162 687 275 731 δτι-μή
301 687 370 726 πρὸς
392 690 443 723 τὴν
469 691 624 729 ὑπέραρχον
650 692 694 719 καῖ
717 693 835 731 ἄναρχον
854 703 860 709 ·
887 693 925 725 εἷς
949 692 981 729 ἤν

160 729 319 767 ἀναϐαίνων,
336 733 380 760 καὶ
406 732 586 772 δραττόμενος
616 735 710 772 αὐτῆς,
727 729 773 764 καί
788 729 982 775 ἐγμπνεόμενος,

158 775 326 812 ἀποκαθιστᾷ
356 778 448 806 ἑαυτὸν
478 779 517 811 εἰς
540 779 678 817 αἰτήματα
701 781 745 808 καὶ
775 782 915 819 ἀξιώματα
937 783 983 810 καὶ

163 819 278 855 ἐννοίας,
308 820 343 849 δι’
370 823 406 850 ὧν
434 823 539 862 συνάγει
568 827 608 861 τῷ
637 828 695 862 Θεῷ
716 825 783 865 φίλα
806 827 982 865 θεωρήματα,

161 865 291 902 θεάμασιν
338 866 407 894 αὐτὰ
454 869 682 906 συγκροτούμενα,
721 871 761 902 οἷς
801 869 982 908 ἐλλάμπεται,

156 908 263 946 ἀμέσως
278 911 385 947 ὁμιλῶν
400 915 440 948 τῷ
465 915 522 949 Θεῷ
547 915 670 951 σχήματι
694 915 806 953 μεγάλῳ
821 915 865 944 καὶ
881 916 981 954 ὕψηλῴ

155 955 196 989 τῷ
211 956 269 982 κατ’
290 955 369 983 αὐτόν
388 966 395 973 ο
419 956 453 984 τὰ
475 959 559 995 μικρὰ
580 959 624 986 καὶ
647 963 777 996 χαμερπῆ
794 961 981 999 παραλογισά-

157 1008 249 1042 μενος,
271 999 317 1026 καὶ
346 1000 395 1035 ὡς,
423 1000 446 1028 εἰ
474 1001 550 1029 οὐδὲν
573 1002 696 1040 θέμενος,
717 1003 758 1032 δτι
784 1003 855 1042 μηδέ
879 1006 904 1033 οἱ
924 1007 980 1034 κατ’

158 1041 225 1087 αὖτᾷ
261 1043 496 1082 ἐσχηματισμένοι
538 1046 617 1085 λόγοι
654 1059 683 1076 τε
711 1049 756 1076 καὶ
786 1048 926 1087 ἄνθρωποι
950 1051 981 1078 τὸ

159 1085 264 1119 ἐντιλὶς
279 1087 478 1127 ἀπειλήῳασιν.

194 1185 246 1233 λα’.
272 1186 359 1216 ’Δλλὰ
381 1188 432 1228 γὰρ
459 1189 570 1219 ἐνταῦθα
595 1190 788 1229 ὕποὸλὲπομαι
807 1193 871 1226 τοὺς
887 1205 980 1233 μικρο-

158 1231 302 1267 σχήμονας
320 1234 468 1271 μοναχοὺς,
485 1235 525 1266 οἷς
541 1247 577 1272 μη
584 1236 657 1272 μηλε
672 1237 705 1265 τὰ
715 1237 802 1265 πλείω
814 1231 977 1275 ἱπποκομεῖν

156 1275 201 1319 καὶ
231 1276 401 1313 ἱππάζεσθαι,
429 1280 652 1317 τονθορύζοντας,
681 1282 726 1309 καὶ
756 1283 898 1319 μύζοντας,
932 1283 976 1311 καὶ

157 1318 211 1368 ωδε
225 1321 303 1348 κάκεῖ
323 1324 521 1362 στρεφομένους
536 1335 542 1341 ·
572 1326 643 1363 τάχα
669 1326 716 1362 μὲν
746 1318 785 1358 εἷς
807 1327 978 1368 ἀπόστροφον

154 1363 186 1411 το
201 1363 242 1392 ἐπ’
258 1365 331 1411 εμοί,
353 1367 438 1405 τυχὸν
464 1367 492 1395 δὲ
517 1369 572 1405 καὶ,
593 1369 639 1397 ’ίνα
663 1370 770 1409 ὀργάνῳ
795 1363 976 1411 περιτετυχη-

155 1408 233 1440 κότες
261 1409 286 1446 ἐξ
324 1411 490 1449 αὐτομάτου,
519 1408 685 1452 χρήσωνται
716 1417 783 1444 κατὰ
818 1408 872 1445 τῶν
902 1408 975 1455 ἐμῶν

156 1453 284 1502 χειλέων,
313 1456 351 1502 ᾡς
376 1455 469 1485 λάλων
497 1459 562 1496 ὑπὲρ
590 1460 621 1487 τὸ
651 1459 721 1489 δέον.
752 1461 821 1500 Ἐγὼ
844 1461 872 1489 δὲ
888 1453 976 1502 depicti:

155 1498 252 1544 αὐτοὺς
275 1500 344 1527 κατὰ
371 1502 405 1528 τὰ
430 1506 644 1541 θυμομαχοῦντα
672 1507 724 1533 τῶν
755 1498 856 1544 θηρίων
887 1498 975 1536 ’δι-ατε-

154 1543 266 1590 ρεῖσθαι,
295 1545 339 1573 καὶ
363 1547 613 1584 προφωνησάμενος
640 1543 899 1590 ἀναμένειν-ἡσυχῆ
928 1554 973 1581 τὸν

152 1586 193 1636 ἐπ’
213 1588 306 1621 αὒτοῖς
322 1589 418 1636 λογον,
433 1594 486 1619 τῶν
501 1592 574 1630 ἐμῶν
589 1592 671 1621 πάλιν
691 1586 818 1633 μεγάλων
843 1586 974 1636 μοναχῶν

150 1633 274 1671 γίνομαι,
302 1633 347 1662 καὶ
373 1635 411 1667 είς
432 1639 496 1664 νοῦν
521 1637 613 1670 αὐτοῖς
637 1639 745 1676 τίθημι,
774 1641 856 1669 ὁποῖα
870 1633 972 1678 μὶν-τῷ

151 1679 209 1724 ς)εῷ
239 1678 363 1715 ηὔξαντο,
403 1681 447 1708 οἷα
483 1680 511 1709 δὲ
546 1682 765 1713 ἐπιδείκνυνται·
794 1686 848 1724 οὐχ
875 1687 972 1720 ἁπλῶς

152 1722 267 1769 ἑτεροῖα,
284 1723 302 1758 ἤ
330 1724 441 1760 ἀλλοῖα,
470 1725 489 1761 ἤ
519 1727 600 1762 ἄλλα,
628 1728 646 1763 ἤ
669 1728 793 1769 διάφορα,
821 1722 924 1760 ἐναντία
943 1732 972 1761 δὲ

150 1767 189 1798 είς
204 1768 236 1795 τὸ
251 1771 314 1814 πᾶν,
331 1769 368 1801 ὡς
393 1769 467 1809 εἷ’περ
489 1773 527 1808 μή
553 1767 735 1810 ἠρωτήθησαν
751 1767 804 1803 νέπὶ
828 1775 971 1814 διορθώσει

148 1815 251 1840 κακιῶν
267 1813 311 1841 καὶ
327 1814 368 1842 ἐπ’
388 1814 522 1853 ἀναλήψει
550 1818 650 1855 ἀρετῶν
668 1828 674 1835 ·
692 1819 755 1847 ἀλλ’
766 1819 812 1848 τίνα
833 1813 972 1861 τὰνφαὺλα

145 1856 329 1896 ἐπεγνωκότες
365 1858 541 1898 ἁνδρίσωνται
579 1862 605 1890 ἐν
645 1863 737 1896 αὐτοῖς
771 1856 896 1902 ἐκείνοις,
925 1868 969 1895 καὶ

146 1903 352 1947 ελρμηνευθέντες
368 1905 402 1932 τὰ
426 1903 509 1943 δεινὰ,
536 1908 576 1938 οἷς
599 1907 790 1947 ἐκπολεμεῖται
811 1912 824 1938 ὁ
840 1913 888 1938 τοῦ
903 1914 970 1939 Θεοῦ

146 1945 298 1995 ἄνθρωπος,
322 1952 559 1988 προσχωρήσωσιν
586 1952 627 1980 ἐπ’
645 1945 721 1988 αὐτὰ,
746 1955 792 1982 καὶ
824 1956 970 1995 φιλιωθέν-

146 2002 190 2023 τες
205 1991 319 2020 ἔλθωσιν
334 2004 372 2025 εις
387 1993 415 2021 ἔν
438 1995 542 2030 αὐτοῖς,
567 1997 611 2024 καὶ
638 1999 676 2035 μὴ
700 1997 786 2036 ἔχωσι
803 1991 851 2027 τοῦ
868 2000 968 2028 λοιποῦ

146 2036 171 2072 ἐξ
201 2036 308 2065 ἐκείνων
346 2039 516 2078 πράγματα·
549 2040 666 2074 δεδιότες
693 2044 760 2079 οἷον,
790 2046 827 2082 μή
858 2056 926 2073 ποτε
955 2047 969 2074 ὁ

148 2082 220 2113 θεῖος
250 2082 398 2120 ὁπλισμὸς,
423 2084 452 2112 ’ὸν
476 2085 665 2124 ἀναληφθέντα
687 2087 716 2115 ἐκ
739 2091 787 2115 τοῦ
812 2089 880 2117 κατὰ
904 2091 967 2118 Θεὸν

146 2126 281 2170 θωρακίου
304 2128 479 2165 περίκεινται,
504 2130 541 2161 ὡς
563 2130 656 2159 ἀνόπιν
683 2132 696 2159 ὁ
713 2131 797 2170 λόγος
821 2132 967 2170 ἐδήλωσεν,

147 2170 178 2198 οὗ
193 2169 351 2215 δεφενδεύσῃ
377 2172 468 2206 αὐτοῖς
482 2175 532 2210 τήν
557 2175 715 2215 ἀσφάλειαν,
733 2169 795 2206 οῦδὲ
809 2169 968 2215 δυνήσονται

147 2213 309 2263 κατασϐέσαι
331 2217 365 2263 τὰ
387 2219 569 2257 πεπυρωμένα
595 2213 661 2258 βέλη
686 2224 735 2249 τοῦ
759 2213 883 2261 ἕχθροῦη·
901 2224 968 2263 ἅπερ

145 2261 212 2288 κατὰ
240 2262 287 2298 μὲν
312 2261 440 2301 σιδηρὲου
474 2265 606 2303 θώρακος,
643 2269 692 2294 τοῦ
720 2269 788 2295 κατὰ
817 2269 893 2303 Θεὸν,
921 2261 967 2296 καὶ

1042 292 1131 326 tione,
1158 293 1239 321 nulla
1267 292 1398 321 adhibita
1421 293 1596 321 discretione
1620 296 1648 321 et
1672 293 1836 322 differentia
1851 302 1868 321 a

1043 337 1182 373 praelatis,
1212 338 1237 366 si
1266 337 1306 365 ita
1334 337 1514 373 loquendum
1543 341 1597 372 est,
1626 338 1748 374 subjecti
1778 347 1792 366 a
1821 339 1868 366 via.

1042 384 1121 410 recta
1136 383 1328 417 deducantur,
1345 382 1409 410 istis
1429 382 1516 410 variis
1536 382 1677 418 exemplis
1693 384 1764 411 ﬁant
1784 384 1868 411 simi-

1041 426 1094 460 les.
1111 429 1140 455 et
1154 429 1217 456 sine
1239 430 1309 463 arte,
1327 428 1390 455 sine
1417 428 1593 464 perfectione
1617 427 1782 463 spiritualia
1797 429 1867 456 edo-

1041 474 1172 500 ceantur.
1188 472 1290 500 Nonne
1312 473 1391 500 enim
1414 472 1601 508 philosophia
1624 474 1668 500 est
1690 472 1774 507 juxta
1799 481 1867 500 san-

1041 519 1102 544 ctos
1121 517 1222 545 Patres
1246 517 1351 546 horum
1377 525 1552 554 magnorum
1576 516 1787 545 monachorum
1812 525 1866 553 gu-

1040 561 1183 597 bernatio,
1208 562 1258 598 qui
1287 571 1352 590 vere
1382 563 1589 598 philosophum
1619 563 1696 590 inter
1725 570 1785 597 eos,
1800 569 1866 590 vere

1040 606 1180 642 primum,
1207 609 1235 635 et
1263 607 1337 635 nulli
1367 607 1579 643 prmferendum
1608 607 1763 634 imitantur
1774 607 1788 634 ⁸1
1814 606 1867 634 Hic

1040 659 1143 687 nempe
1160 652 1195 679 ad
1212 652 1327 680 nullum
1354 652 1432 680 aliud
1449 652 1627 688 principium
1644 660 1714 680 suas
1737 651 1866 679 theorias

1039 695 1189 731 informat,
1206 697 1262 724 nisi
1280 697 1314 724 ad
1332 697 1404 724 illud
1421 697 1499 732 quod
1519 696 1575 724 fuit
1590 698 1658 724 ante
1674 704 1760 724 omne
1784 695 1866 731 prin-

1039 740 1159 776 cipium,
1176 750 1228 769 nec
1257 741 1346 770 habet
1374 742 1564 777 principium,
1590 742 1625 768 ad
1656 740 1733 776 quod
1763 748 1865 768 ascen-

1038 786 1120 820 dens,
1138 787 1215 822 quod
1238 787 1373 823 adeptus,
1391 795 1407 814 a
1423 795 1481 822 quo
1506 786 1678 822 inspiratus,
1696 784 1864 821 questioni-

1037 831 1104 866 bus,
1123 832 1381 867 propositionibus,
1408 831 1560 859 sententiis
1584 833 1611 859 et
1636 830 1864 867 cogitationibus

1038 875 1191 911 incumbit,
1209 879 1237 904 et
1265 876 1368 904 exinde
1397 876 1646 904 considerationes
1671 876 1727 903 Deo
1752 876 1862 911 gratas,

1037 922 1065 947 et
1081 921 1264 949 auditoribus
1292 921 1513 957 applaudendas
1537 921 1657 957 colligit,
1674 922 1702 948 et
1725 920 1768 947 sic
1792 919 1862 947 illu-

1036 967 1156 1000 stratur,
1174 967 1243 994 dum
1273 967 1331 994 Deo
1361 975 1467 1003 magno
1483 970 1511 994 et
1530 965 1674 994 altissimo
1703 964 1862 1000 exemplari

1036 1010 1205 1038 immediate
1226 1011 1362 1044 adhaeret,
1380 1019 1527 1047 parvaque
1552 1013 1579 1038 et
1603 1013 1716 1038 terrena
1738 1008 1860 1043 fastidit,

1036 1057 1065 1082 et
1079 1064 1130 1090 pro
1156 1055 1247 1083 nihilo
1271 1058 1396 1092 reputat,
1413 1064 1445 1083 eo
1466 1056 1544 1091 quod
1568 1055 1634 1083 istis
1659 1054 1746 1082 rebus
1771 1053 1861 1080 infcr-

1036 1101 1107 1128 mati
1136 1100 1268 1129 homines
1293 1103 1321 1129 et
1346 1109 1496 1129 sermones
1521 1100 1677 1129 admittant
1705 1098 1862 1135 perfectio—

1035 1153 1111 1173 nem.

1069 1200 1114 1227 31.
1145 1200 1228 1228 Nunc
1256 1201 1354 1228 autem
1384 1200 1512 1228 minores
1542 1198 1720 1234 monachos,
1750 1197 1859 1233 quibus

1034 1252 1124 1279 equos
1147 1253 1249 1272 curare
1270 1247 1298 1272 et
1322 1244 1479 1272 ascendere
1506 1244 1680 1279 plerumque
1708 1242 1788 1270 cordi
1803 1243 1858 1274 est,

1033 1288 1156 1324 inspicio
1168 1289 1369 1322 mussitantes,
1378 1290 1542 1324 querentes,
1553 1288 1620 1315 hinc
1631 1287 1711 1315 illinc
1721 1286 1856 1323 agitatas,

1033 1334 1092 1360 sive
1121 1336 1152 1360 ut
1181 1342 1227 1361 me
1255 1333 1417 1369 increpent,
1441 1334 1500 1361 sive
1528 1333 1724 1360 instrumento
1753 1332 1856 1367 sponte

1032 1377 1128 1406 oblato
1153 1380 1272 1406 utsnlur
1300 1381 1401 1406 contra
1429 1377 1506 1406 labia
1534 1386 1600 1405 mea
1619 1376 1744 1405 dicentis
1773 1376 1857 1412 plura

1032 1431 1120 1459 quam
1137 1423 1298 1459 oportebat.
1317 1423 1373 1459 Ego
1397 1431 1464 1450 vero
1480 1423 1551 1450 istos
1568 1431 1648 1450 more
1671 1422 1800 1450 ferarum
1816 1420 1857 1449 si-

1031 1475 1104 1494 nens
1120 1467 1229 1498 saevire,
1246 1470 1273 1495 et
1289 1475 1453 1495 sermonem
1479 1468 1513 1494 de
1540 1467 1612 1502 ipsis
1635 1466 1742 1502 jubens
1758 1465 1855 1499 silere,

1031 1519 1133 1538 rursus
1149 1513 1185 1539 ad
1208 1512 1365 1539 monachos
1381 1520 1504 1547 magnos
1519 1519 1600 1539 meos
1625 1511 1722 1545 redeo,
1739 1518 1855 1538 eorum-

1031 1556 1131 1591 quein
1146 1559 1272 1584 mentem
1296 1565 1396 1584 revoco
1419 1565 1482 1592 qua:
1507 1556 1565 1583 Deo
1581 1555 1722 1589 voverint,
1738 1557 1766 1582 et
1791 1563 1855 1591 qua:

1030 1601 1203 1635 ostendunt;
1221 1610 1278 1628 non
1293 1602 1374 1628 varia
1397 1604 1505 1634 autem,
1523 1603 1574 1629 aut
1596 1601 1720 1634 diversa,
1732 1602 1783 1627 aut
1797 1598 1855 1627 alia

989 1627 1010 1661 Ο
1029 1647 1108 1679 sunt,
1126 1646 1176 1673 sed
1199 1645 1285 1681 plane
1309 1646 1469 1680 contraria;
1497 1645 1581 1681 quasi
1606 1644 1779 1681 interrogati
1795 1652 1853 1672 non

1028 1689 1154 1717 fuissent
1170 1691 1204 1718 de
1219 1691 1297 1718 vitiis
1317 1690 1466 1726 curandis,
1482 1690 1719 1726 assumendaque
1734 1689 1851 1723 virtute,

1028 1736 1078 1762 sed
1095 1738 1127 1762 ut
1142 1735 1258 1771 cognita
1273 1736 1398 1763 vanitale
1421 1736 1457 1764 ad
1481 1744 1546 1764 eam
1563 1736 1688 1764 innuant
1702 1736 1735 1762 ut
1749 1735 1851 1762 admo-

1026 1779 1130 1807 nitide
1147 1781 1284 1815 periculis
1308 1781 1414 1816 quibus
1440 1784 1484 1809 est
1507 1781 1651 1809 obnoxius
1674 1779 1762 1808 homo
1788 1779 1851 1812 Dei,

1025 1823 1055 1851 in
1071 1833 1104 1852 ea
1123 1825 1284 1859 incurrant,
1302 1827 1330 1853 et
1355 1826 1430 1853 facta
1454 1825 1582 1853 amicitia
1599 1825 1628 1852 in
1645 1833 1737 1853 unum
1762 1822 1852 1852 simul

1026 1872 1159 1906 pergant,
1185 1878 1280 1906 neque
1307 1870 1434 1906 amplius
1462 1879 1547 1900 curas
1571 1871 1606 1898 de
1630 1869 1694 1900 istis
1718 1869 1850 1905 capiant;

1026 1915 1109 1949 quasi
1126 1915 1249 1943 timeant
1271 1924 1307 1943 ne
1334 1924 1414 1943 arma
1443 1915 1540 1943 divina
1556 1923 1620 1951 quas
1650 1915 1803 1950 assumpta
1818 1920 1853 1941 ex

1025 1967 1090 1987 arce
1114 1960 1162 1988 Dei
1187 1960 1356 1993 induerunt,
1374 1963 1406 1988 ut
1431 1960 1559 1988 ostendit
1582 1967 1677 1988 sermo
1702 1958 1850 1995 superius,

1024 2004 1211 2031 securitatem
1236 2005 1292 2032 sibi
1316 2013 1375 2032 non
1401 2005 1558 2040 praebeant,
1579 2012 1632 2032 nec
1656 2003 1771 2039 possint
1794 2002 1852 2030 tela

1024 2048 1116 2084 ignita
1130 2048 1242 2076 inimici
1259 2049 1454 2085 exstinguere,
1471 2058 1534 2085 quae
1552 2049 1671 2084 quidem
1693 2050 1794 2076 contra
1811 2047 1849 2074 si-

1023 2093 1140 2120 deream
1160 2095 1188 2120 et
1207 2093 1336 2121 divinam
1362 2094 1521 2129 thoracem,
1537 2093 1581 2120 vel
1605 2095 1707 2121 contra.
1730 2093 1849 2119 ﬁrmum

1023 2136 1168 2172 clypeum,
1185 2137 1244 2165 sive
1260 2138 1456 2174 quodcunque
1478 2138 1626 2165 munitum
1642 2144 1848 2173 propugnacu-

1022 2181 1084 2208 lum
1110 2190 1213 2217 parum
1237 2182 1282 2210 vel
1307 2182 1380 2209 nihil
1395 2182 1505 2216 valent;
1523 2184 1624 2210 contra
1640 2181 1768 2210 calamos
1793 2189 1848 2209 au-

1023 2227 1093 2260 tem,
1109 2228 1159 2254 aut
1183 2226 1304 2262 foenum,
1322 2229 1372 2255 aut
1396 2226 1540 2262 reliquum
1563 2234 1698 2254 acervum
1723 2227 1848 2262 possunt

1022 2270 1191 2298 incendium
1207 2273 1236 2299 et
1251 2271 1368 2300 ruinam
1384 2272 1499 2300 inferre.

145 2306 213 2353 κατᾷ
240 2310 348 2344 στερεοῦ
378 2309 485 2347 θυρεοῦ,
512 2309 550 2338 ἔτι
580 2309 609 2338 δὲ
649 2311 694 2339 καὶ
735 2314 834 2346 παντὸς
878 2313 996 2351 ἐρυμνοῦ
1037 2315 1212 2353 τιιχίσματος
1257 2316 1341 2353 μικρὰ
1382 2314 1400 2351 ἤ
1434 2314 1510 2343 οὐδὶν
1541 2315 1690 2353 ἐνεργοῦσι,
1723 2314 1790 2342 κατᾶ
1818 2313 1848 2342 δὲ

145 2349 272 2386 καλάμης
288 2352 333 2379 καὶ
351 2353 452 2391 χάρτου
467 2355 511 2382 καὶ
527 2359 626 2384 κοιποῦ
641 2360 772 2396 συρφετοῦ
789 2357 914 2386 δύνανται
926 2359 964 2391 εἷς
980 2359 1145 2398 ἐκσλόγωτιν
1160 2360 1204 2387 καὶ
1221 2360 1368 2389 ἀπώλειαν.

181 2400 243 2451 λε’..
255 2405 340 2451 Τοῦτό
357 2416 386 2434 τε
401 2406 446 2434 οὖν
464 2408 535 2436 οὕτω
561 2408 663 2446 διιλιᾷν
687 2411 730 2439 ἐπὶ
745 2415 804 2444 τοῖς
819 2423 966 2450 πνευματι-

1057 2416 1101 2442 32.
1119 2415 1177 2442 Hoc
1198 2416 1233 2443 de
1258 2415 1461 2451 spiritualibus
1488 2415 1578 2443 armis
1606 2415 1663 2443 isto
1689 2415 1775 2443 modo
1800 2422 1846 2442 re-

145 2449 204 2497 κοῖς
228 2447 326 2497 δηλοις
354 2449 466 2487 ἐοίκασι,
502 2454 547 2481 καὶ
585 2454 648 2483 οὐδὲ
672 2456 705 2484 τὰ
736 2447 968 2497 προπεφρασμενα

145 2491 205 2542 is{.301
227 2491 314 2521 ἐκεῖνα
337 2498 387 2529 τῆς
412 2503 598 2534 πνευματικῆς
624 2504 723 2539 κουρᾶς
748 2491 786 2534 ε’ίς
809 2491 870 2531 νοῦν
893 2491 965 2542 ἀγειν

145 2537 282 2586 ιιιάλμιιτκκΔ
305 2540 456 2578 φαίνονται,
481 2541 515 2570 δι’
544 2545 581 2571 ὧν
608 2546 656 2574 ὅσα
677 2537 722 2574 καὶ
745 2546 906 2586 σαλπίγγων
916 2537 966 2577 ’καὶ

146 2580 401 2630 λοιπῶννόργάνων,
427 2586 467 2618 οἷς
488 2592 712 2626 θαρσοποιοῦνται
743 2592 781 2624 είς
808 2580 890 2630 μέγάν
914 2593 968 2622 πό-

146 2627 230 2665 λεμον
256 2629 406 2668 ἄνθρωποι,
441 2631 563 2670 γλυκέως
598 2634 723 2670 ἐτάξαντο
750 2627 892 2666 τὸνήκατά
920 2641 967 2667 τοῦ

145 2671 274 2710 δαίμονος
289 2671 399 2708 ἕκαστος
424 2676 559 2715 πόλεμον,
577 2679 795 2718 κατεπᾳδόμενος
819 2683 864 2710 καὶ
882 2694 967 2720 μακα-

144 2722 266 2765 ρισμοῖς,
283 2720 319 2752 ὡς
340 2720 459 2760 ἐρῥὲθη¹
487 2723 523 2750 ὦν
550 2724 576 2751 οἱ
600 2727 720 2754 τοιοῦτοι
746 2730 907 2765 στρατιῶται
919 2731 967 2756 τοῦ

147 2766 214 2810 θεοῦ
240 2764 466 2804 ἐπιτυγχάνουσιν
490 2768 704 2807 ἀριστεύσαντες.
729 2764 783 2800 Θύκ
813 2772 966 2810 ἐνθυμεῖται

147 2807 176 2856 δὲ
188 2809 201 2836 ὁ
216 2812 340 2856 τοιοῦτος
359 2812 479 2851 μοναχὸς
496 2812 559 2842 οὐδὲ
573 2814 623 2849 τὴν
637 2817 686 2843 τοῦ
704 2816 764 2854 βίου
786 2807 966 2856 κατάγνωσιν,

146 2852 180 2887 ἥν
199 2853 448 2894 καταψαλλομένην
472 2857 578 2887 ἀκούων
603 2852 807 2899 συνηγαλλιᾶτο
836 2852 880 2891 καὶ
907 2852 968 2902 συγξ

1022 2460 1179 2488 formidare
1202 2460 1257 2488 visi
1285 2462 1364 2494 sunt,
1381 2462 1409 2488 et
1432 2460 1562 2496 psalmos
1591 2469 1689 2489 sacros
1718 2462 1845 2488 tonsuras

1022 2505 1185 2541 spiritualis
1198 2507 1265 2533 ante
1276 2506 1434 2534 celebratos
1449 2506 1478 2533 in
1496 2510 1622 2534 mentem
1637 2513 1771 2534 revocare
1787 2514 1845 2534 non

1021 2550 1167 2586 videntur,
1185 2551 1291 2587 quibus
1306 2550 1385 2579 velut
1404 2551 1475 2578 tuba
1499 2553 1528 2578 et
1551 2551 1616 2579 aliis
1642 2551 1847 2579 instrumentis

1023 2595 1156 2623 homines
1181 2596 1216 2623 ad
1243 2598 1396 2624 strenuum
1426 2595 1534 2623 bellum
1565 2596 1769 2630 excitantibus,
1790 2595 1848 2632 ipsi

1022 2641 1131 2676 singuli
1148 2650 1177 2669 se
1202 2644 1384 2677 pugnaturos
1410 2642 1510 2668 contra
1535 2641 1697 2669 daemonem
1723 2641 1850 2668 libenter

1022 2686 1230 2721 promiserunt,
1241 2689 1268 2714 et
1278 2686 1459 2714 beatitudine
1472 2694 1530 2722 qua
1541 2686 1679 2714 fruuntur
1692 2687 1781 2714 fortes
1797 2684 1848 2711 Dei

1023 2730 1141 2764 milites,
1161 2731 1256 2758 allecti
1281 2733 1361 2764 sunt,
1374 2730 1450 2758 sicut
1465 2730 1575 2758 dictum
1600 2735 1652 2758 esl.
1670 2731 1727 2758 Nec
1752 2729 1848 2758 consi-

1022 2775 1103 2803 derat
1132 2776 1186 2803 iste
1211 2776 1372 2804 monachus
1396 2776 1460 2803 vitm
1487 2775 1772 2809 condemnationem,
1789 2783 1848 2810 qua

1022 2820 1121 2848 audita
1136 2820 1310 2854 exsultabat,
1327 2823 1355 2848 et
1372 2821 1435 2857 ipse
1450 2821 1678 2854 condemnabat;
1694 2820 1744 2847 sed
1761 2819 1847 2855 quasi

1022 2873 1090 2893 eum
1105 2865 1242 2901 paeniteat
1258 2865 1336 2902 quod
1351 2865 1461 2901 aliquid
1482 2865 1593 2893 bonum
1609 2864 1848 2893 condemnaverit

2015 1521 2023 1678 γ
