2030 3167
185 188 246 218 755

575 189 787 220 EUSTHATII
809 189 1011 219 THESSALO

1071 188 1190 219 lENSlS
1213 188 1504 222 METROPOLITE

1839 188 1906 217 756

187 255 223 283 ad
240 253 365 291 pristina
382 254 546 287 revertitur,
563 263 597 283 ea
615 255 722 283 blande
737 255 937 290 amplectitur;
954 263 1012 282 non

1071 254 1259 291 κατεγίνωσκεν
1278 263 1284 271 ·
1301 253 1365 282 ἀλλ’
1379 254 1415 285 ὡς
1431 254 1490 281 οἶον
1509 252 1745 290 μεταμελόμενος,
1757 252 1798 280 ὅτι
1810 253 1906 281 καλοῦ

188 299 274 327 modo
290 299 428 335 demisse,
441 301 473 326 ut
488 299 581 335 prius,
598 300 648 327 sed
665 300 809 335 abjectius
824 300 894 336 agit,
912 300 934 326 si
953 300 1015 327 ﬁeri

187 346 294 380 potest.
324 343 381 372 Nec
410 343 537 379 amplius
567 344 703 372 meminit
718 345 787 381 quid
816 344 1015 380 interrogatus

188 389 236 424 sit,
261 388 406 425 quidquid
431 389 623 425 responderit,
648 392 748 417 sancta
776 389 941 417 initiatione
967 389 1014 417 in-

188 435 286 462 eunte.

225 531 271 560 33.
288 531 348 560 Ista
370 531 570 568 interrogatio,
587 533 686 568 frater,
702 533 738 561 ad
762 542 881 561 causam
904 533 947 561 tui
963 534 1012 561 ad<

189 578 295 605 ventus
309 577 435 605 maxime
446 578 609 614 spectabat;
627 578 775 614 quaerebat
784 578 905 614 insuper
915 580 1013 606 utrum

191 621 270 658 operi
293 622 421 650 maximo
445 622 609 658 applicatus
624 623 653 650 in
670 623 725 651 hoc
747 631 841 660 usque
864 624 899 651 ad
925 623 1013 651 ﬁnem

190 665 351 694 fortissime
388 675 586 703 permaneres,
610 667 634 695 si
662 668 764 703 paucis
792 667 888 696 verbis
916 668 1015 696 omnia

190 710 314 738 dicenda
339 713 418 739 sunt.
442 713 476 739 Et
505 713 535 738 tu
566 712 711 747 ardenter,
727 713 812 740 corde
841 721 964 748 sincero,
982 714 1015 740 ut

189 755 564 792 videbatur,,spopondisti.
581 757 623 784 Ita
643 756 693 784 illo
716 759 856 793 tempore.
874 757 955 786 Multi
973 759 1012 785 te-

190 801 250 828 stes
265 807 322 827 non
335 800 478 836 patientes
490 800 655 836 exprobrati
666 801 822 835 mendacii,
835 802 854 829 ii
871 802 899 829 in
911 801 1014 838 primis

192 843 243 879 qui
257 844 457 880 Omnipotenti
477 846 686 881 propinquant,
703 855 828 882 quorum
844 855 944 874 vocem
959 855 1014 874 au—

191 888 254 916 dire
269 889 394 925 quisque
409 893 497 926 optat,
509 898 613 926 nempe
627 890 721 926 angeli
738 891 801 925 Dei;
819 899 891 927 quos
908 891 932 918 si
947 891 1013 927 quis

1068 308 1229 336 πραγματος
1260 299 1467 336 κατεγίνωσκεν,
1499 297 1632 325 ἐπάνεισιν
1663 297 1702 329 εἰς
1729 297 1763 325 τὰ
1787 298 1904 335 πρώην,

1067 343 1113 370 καὶ
1150 342 1350 379 ἐκμειλίσσεται
1386 343 1464 377 αὐτὰ,
1503 342 1633 380 βιοτεύων
1676 342 1799 382 φαύλως,
1847 342 1904 380 οὐχ

1069 387 1159 425 ὥσπερ
1187 389 1231 416 καὶ
1262 389 1338 426 πρὶν,
1368 387 1441 416 ἀλλὰ
1465 387 1640 426 θερμότερον,
1658 387 1686 415 εἷ’
1704 398 1734 425 γι
1759 386 1872 415 δύναται
1894 398 1901 404 ·

1068 433 1112 459 καὶ
1134 432 1164 460 οὐ
1192 432 1387 470 διαλογίζεται,
1405 432 1431 460 τί
1460 433 1509 470 μὲν
1534 433 1681 471 ἠρωτήθη,
1709 430 1902 470 ἐναρχὸμενος

1067 479 1115 505 τοῦ
1129 477 1202 515 ἱεροῦ
1217 477 1429 515 πολιτεύματος,
1446 478 1472 504 τί
1484 476 1513 505 8‘s
1529 477 1700 516 ἀπεκρίνατο.

1104 530 1153 569 λγ.
1170 532 1201 560 Ἡ
1217 531 1351 569 ἐρώτησις
1380 531 1482 568 ἐκείνη,
1508 531 1531 558 ὧ
1555 529 1665 568 ἀδελφὶ,
1681 531 1712 558 τὸ
1736 534 1787 565 τῆς
1812 541 1902 568 προσ-

1068 575 1199 608 ιλεόσεως
1214 575 1454 614 ἐπολυπραγμόνει
1482 575 1567 603 αἴτιον
1587 586 1592 592 ·
1619 575 1782 603 ἐπυνθάνετο
1808 574 1839 602 δὲ
1853 575 1902 602 καὶ

1070 620 1093 648 εί
1109 620 1265 658 προσελθὼν
1283 621 1393 659 ἐργασίᾳ
1417 619 1627 658 σπουδαιοτάτῃ,
1643 623 1811 659 παραμενεῖς
1830 620 1900 657 αὐτῇ

1070 666 1154 704 μέχρι
1181 665 1278 698 τέλους
1303 665 1532 705 φερεπονώτιρον,
1548 665 1571 692 εἰ
1595 666 1651 704 χρή
1675 666 1707 692 τὸ
1727 666 1780 692 πὰν
1813 665 1899 692 εἰπεῖν

1068 709 1094 738 ἐν
1111 711 1196 741 οὕτως
1216 710 1359 749 ὀλιγίστῳ.
1388 710 1425 738 Σὺ
1448 709 1477 738 ’ὀὶ
1500 710 1617 738 κατέθου
1644 712 1765 747 θερμῶς,
1786 711 1845 745 καὶ,
1861 710 1900 741 ὡς

1069 755 1200 794 ἐφαίνετο,
1219 755 1248 783 ἐκ
1271 755 1366 793 βυθίου
1393 756 1560 792 θελήματος.
1586 755 1635 782 Καὶ
1660 757 1743 782 τοῦτο
1761 755 1810 792 μὲν
1825 755 1899 783 τότε.

1068 801 1120 828 Καὶ
1136 801 1162 827 οἳ
1180 800 1311 838 μάρτυρες
1338 799 1451 836 πολλοὶ,
1473 801 1518 827 καὶ
1546 799 1609 828 οὖδὲ
1624 799 1806 838 παραγραφὴν
1825 798 1898 827 siad—

1067 856 1112 876 τες
1137 846 1263 883 πάσχειν,
1293 845 1337 872 καὶ
1361 844 1479 882 μάλιστα
1509 845 1535 872 οἱ
1558 847 1597 881 τῷ
1621 844 1754 882 κρείττονι
1775 843 1899 879 πλησιεὶ-

1071 892 1171 926 ζοντες,
1187 891 1224 917 ὧν
1251 889 1359 928 εῧχεταί
1382 900 1425 920 τις
1449 889 1561 917 ἀκοῦσαι
1587 890 1690 927 φωνὴν,
1722 889 1746 916 ol
1762 891 1815 916 τοῦ
1832 891 1898 916 Θεοῦ

193 935 338 962 mendacii
368 943 489 971 arguere
513 936 644 971 auderet,
669 936 732 971 ipso
757 936 831 964 facto
855 944 962 963 manus
987 936 1014 963 in

1071 934 1181 973 ἄγγελοι
1199 944 1204 950 ·
1226 934 1272 965 οὓς
1300 933 1328 961 εἷ’
1349 945 1392 966 τις
1417 934 1641 972 παραγράψασθαι
1671 932 1896 967 ἇπαυθαόίσιται,

192 979 284 1008 Deum
312 979 465 1008 attolleret.
496 980 553 1008 Nec
581 979 701 1016 longum
728 982 846 1016 tempus
873 981 1016 1015 eiﬂuerat,

195 1026 223 1052 et
237 1032 304 1053 ecce
319 1025 473 1052 conventio
496 1033 548 1061 pro
574 1024 665 1052 nihilo
690 1026 896 1061 reputabatur;
921 1025 1016 1060 aliter,

194 1077 262 1097 cum
278 1070 404 1105 insania,
422 1078 480 1097 non
499 1077 567 1097 cum
588 1072 666 1098 recta
680 1072 709 1097 et
724 1078 796 1098 sana
811 1070 921 1098 ratione
937 1072 1016 1098 tene-

193 1113 288 1142 batur.
306 1114 413 1142 Obedis
440 1116 472 1142 tu
502 1113 632 1149 quidem,
649 1114 699 1142 sed
729 1123 786 1142 non
814 1117 847 1142 ut
873 1115 1016 1150 statuisti,

192 1159 310 1194 quando
329 1161 357 1186 te
381 1158 488 1194 aliquis
513 1159 548 1186 ad
579 1158 690 1186 loculos
717 1159 806 1187 simul
834 1159 1015 1193 dividendus,

192 1203 227 1231 ad
252 1204 413 1240 parandam
430 1203 593 1231 innocentis
617 1203 746 1231 hominis
769 1203 1015 1241 inhumatiouem,

191 1250 242 1276 aut
257 1248 292 1276 ad
309 1248 367 1276 alia
382 1248 490 1276 similia
514 1248 626 1276 invitat.
644 1248 746 1276 Nonne
768 1249 846 1276 enim
863 1249 921 1277 ista
935 1252 1014 1284 sunt,

190 1300 254 1329 qua!
283 1301 300 1321 a
329 1297 354 1321 le
384 1293 413 1320 in
442 1293 577 1321 homines
613 1292 685 1320 nihil
715 1294 836 1321 meritos
865 1295 1017 1329 aguntur?

189 1338 251 1366 Tua
267 1337 345 1366 enim
361 1346 449 1375 opera
464 1346 528 1366 esse
546 1340 668 1366 autumo
684 1346 750 1374 qum
773 1346 789 1365 a
813 1341 841 1366 te
860 1338 1014 1373 jubentur.

189 1382 237 1411 Sic
252 1383 330 1411 enim
346 1383 447 1412 obedis
463 1385 495 1410 ut
509 1391 567 1411 non
584 1382 720 1410 debebas.
733 1382 859 1410 Oculum
875 1383 1015 1419 projicere

189 1435 308 1456 necesse
328 1430 390 1456 erat
415 1427 509 1464 magis
533 1436 621 1464 quam
645 1427 686 1455 sic
712 1427 811 1455 audire
834 1429 860 1455 et
885 1428 1014 1456 obedire.

189 1471 222 1500 In
238 1473 351 1500 tantum
377 1471 470 1508 promi
495 1480 622 1506 recusas,
642 1473 673 1499 ut
688 1471 764 1499 oculi
781 1471 822 1499 tui
838 1472 952 1500 caerulei
963 1473 1014 1508 (4),

188 1524 269 1544 more
287 1517 390 1552 ferino,
407 1518 434 1544 te
458 1516 606 1552 abripiant
628 1515 657 1542 in
681 1515 754 1543 alios
779 1517 964 1552 premendos,
982 1519 1015 1545 ut

187 1563 220 1589 tu
236 1561 353 1589 laeteris.
370 1564 463 1589 Causa
478 1561 555 1588 enim
578 1559 677 1596 gloria:
693 1568 781 1596 quam
798 1560 941 1597 repulisti,
958 1562 1013 1589 sub

188 1606 285 1642 specie
304 1608 491 1642 contemptus
506 1605 552 1632 cui
567 1605 675 1632 iterum
691 1605 876 1639 renuntiasti,
890 1606 1013 1642 quibus-
1029 1626 1050 1660 α

188 1658 245 1685 que
259 1651 457 1679 humilitatem
483 1650 545 1678 ovis
571 1649 618 1677 Dei
644 1650 909 1686 praposuistimon
928 1651 1013 1679 modo

187 1696 308 1731 premis,
320 1696 379 1724 sive
393 1696 463 1723 teris
474 1695 562 1731 (quod
575 1697 619 1722 est
629 1691 756 1730 θλίϐειν),
766 1695 815 1722 sed
829 1695 916 1723 etiam
929 1696 1014 1724 strin-

186 1739 242 1776 gis,
263 1741 400 1776 suti‘ocas,
417 1739 566 1773 vulneras,
582 1738 760 1774 colaphizas,
777 1740 915 1775 castigas,
933 1749 1013 1775 pres-

186 1793 287 1813 suram
304 1785 416 1813 moliris
432 1793 464 1812 eo
480 1784 549 1819 ﬁne,
565 1786 597 1811 ut
612 1786 776 1817 conterens,
793 1786 875 1811 stans
891 1785 1013 1813 seorsim

187 1832 215 1857 et
239 1829 408 1857 inaccessas
424 1838 458 1857 ex
473 1829 577 1856 alienis
600 1828 686 1855 bonis
710 1828 806 1864 possis
830 1828 1012 1865 locupletari.

187 1872 254 1905 Quae
269 1882 342 1901 novo
365 1873 487 1901 consilio
508 1873 634 1909 peragis,
652 1872 751 1908 sicque
777 1873 910 1901 mentiris
926 1883 1012 1910 quam

187 1917 317 1953 elegeras
333 1920 544 1953 paupertatem,
555 1917 642 1945 hodie
658 1917 777 1953 quidem
790 1918 1013 1955 restringentem

187 1963 217 1990 et
231 1962 397 1998 evangelica
407 1964 600 1998 prementem,
612 1964 713 1998 postea
724 1965 821 1991 autem
837 1963 1013 1993 immensam

186 2005 339 2043 planitiem
355 2006 543 2043 aperientem.

186 2050 353 2088 χωρίαν,ἤν
383 2050 579 2087 ἔστερξας,τὴν
607 2049 701 2082 ἂλλως
732 2051 777 2087 μὲν
808 2051 1043 2091 ἀποστινουμινην

185 2095 241 2123 ἐκεῖ
255 2095 410 2134 ἀνοίγουσαν
432 2095 602 2133 εὐρυχωρίαν
619 2094 826 2132 ἀνεκδιήγητον,

221 2141 265 2168 34.
273 2141 345 2170 Ecce
354 2150 432 2170 nunc
440 2141 520 2169 subit
529 2141 668 2169 memoria
675 2141 857 2177 paupertatis
867 2150 925 2170 non
935 2142 1017 2170 abso-

185 2185 253 2214 lutae
265 2186 341 2214 circa
355 2185 603 2220 necessaria,sine
614 2185 723 2222 quibus
735 2186 831 2214 vivere
847 2195 904 2214 non
921 2189 1017 2222 potest

187 2230 395 2267 homo,quiain
403 2239 510 2267 purum
519 2231 618 2258 animu
625 2239 651 2258 m
661 2231 821 2258 monachus
828 2239 951 2267 magnus
959 2240 1015 2259 non

188 2276 349 2305 translatus
357 2278 415 2310 est;
425 2277 475 2304 sed
489 2275 568 2303 illius
579 2275 760 2312 paupertatis
770 2284 834 2311 quae
846 2276 918 2303 nihil
929 2275 1017 2304 habet

189 2328 346 2350 commune
361 2329 428 2349 cum
439 2321 588 2357 superﬂua
599 2320 789 2354 abundantia,
803 2321 949 2356 siquidem
964 2328 1016 2349 nec

190 2368 349 2402 paupertas
365 2366 530 2394 absolutam
546 2365 738 2401 indigentiam
756 2365 857 2400 trahit,
871 2373 924 2393 nec
939 2366 1016 2394 idem
1032 2360 1056 2392 D

191 2412 237 2438 est
245 2411 275 2438 in
287 2411 432 2447 angustiis
441 2418 505 2438 esse
514 2412 566 2438 aut
575 2410 603 2438 in
617 2409 743 2437 deliciis:
752 2412 779 2436 et
790 2409 855 2438 ideo
864 2410 948 2438 multi
958 2419 1016 2438 non

191 2458 309 2491 egentes
325 2464 468 2492 pauperes
482 2463 546 2484 esse
562 2457 591 2483 et
613 2454 669 2482 dici
693 2457 828 2491 possunt,
845 2455 874 2482 in
890 2455 937 2483 his
952 2464 1015 2491 quae

191 2499 228 2527 ad
246 2500 400 2534 mundum,
417 2503 468 2528 aut
489 2500 524 2528 ad
541 2501 675 2528 sanctum
691 2498 834 2535 Spiritum
859 2500 1016 2535 pertinent.

189 2544 299 2572 Similis
308 2546 353 2573 est
364 2545 442 2572 enim
454 2545 525 2572 fonti
536 2544 596 2572 vita
607 2552 759 2580 prospera,
771 2546 799 2572 et
814 2545 1014 2573 abundantia:

188 2591 216 2618 et
227 2590 477 2626 quemadmodum
488 2598 576 2625 super
588 2588 683 2616 locum
696 2597 835 2625 magnum
844 2592 872 2617 et
882 2590 1016 2625 frequen-

187 2636 282 2663 tatum
299 2635 363 2663 fons
378 2644 484 2672 parvus
495 2635 642 2662 modicum
654 2636 770 2670 pratum
787 2634 914 2670 irrigans
931 2635 1018 2662 habet

186 2679 306 2708 inutiles
323 2689 415 2717 aquas
440 2680 576 2716 exiguas;
593 2682 621 2707 et
641 2682 743 2706 contra
767 2678 792 2706 si
817 2679 919 2706 civitas
944 2679 1018 2706 satis

188 2732 296 2762 magna
311 2728 365 2761 est,
377 2725 533 2753 abundans
550 2723 634 2759 aquis
649 2731 720 2751 sane
736 2723 950 2751 abundantiam
966 2731 1018 2750 nec

190 2770 226 2798 ad
241 2770 408 2799 necessaria
419 2769 538 2805 quidem
550 2768 706 2804 dissipabit
718 2776 724 2795 ι
738 2768 780 2796 sic
796 2768 826 2796 in
842 2768 1018 2796 monasterio

1072 979 1169 1006 αὐτίκα
1183 979 1227 1006 καὶ
1247 981 1314 1007 Θεοῦ
1342 979 1424 1006 αὐτοῦ
1448 979 1681 1016 κατεπιχειρήσει.
1700 978 1739 1006 Οὖ
1765 978 1857 1008 πολὺς
1873 977 1900 1004 Ξὲ

1070 1027 1216 1062 καθορᾶται
1233 1024 1344 1062 χρόνος,
1369 1024 1414 1052 καὶ
1438 1024 1456 1058 ἡ
1481 1023 1700 1062 ἆνθομολόγησις
1725 1022 1817 1058 ἰκέίνη
1834 1033 1897 1050 κατ-

1071 1069 1189 1107 ήργηται
1207 1079 1249 1096 σοι
1278 1067 1371 1100 ἄλλως
1398 1067 1602 1106 φυλαττομένη,
1625 1068 1694 1096 κατά
1720 1078 1780 1096 τινα
1809 1069 1898 1106 παρά-

1070 1123 1157 1148 νοιαν,
1178 1113 1223 1140 καὶ
1239 1113 1270 1141 οὗ
1292 1113 1360 1150 πρὸς
1384 1113 1519 1151 ὀρθότητα
1542 1113 1587 1140 κκὶ
1617 1112 1716 1151 ὑγίειαν
1746 1112 1899 1150 λογισμοῦ.

1070 1158 1228 1190 Ὑπακούεις
1254 1158 1301 1194 μὲν
1329 1159 1381 1196 γὰρ
1407 1174 1441 1178 -
1467 1157 1541 1193 πλὴν
1567 1157 1598 1184 οὐ
1623 1157 1692 1185 καθὰ
1721 1157 1818 1194 ἔτάξω,
1837 1156 1899 1184 ἀλλ’

1070 1203 1114 1230 ὅτε
1126 1214 1167 1234 τις
1193 1202 1388 1241 προκαλὲσιταί
1417 1213 1444 1230 σε
1469 1202 1507 1233 sic
1528 1202 1717 1238 κοινοποίησιν
1735 1201 1898 1240 βαλαντίου,

1070 1248 1113 1275 καὶ
1131 1248 1169 1280 εἷς
1190 1247 1351 1286 προαγωγὰς
1372 1247 1496 1285 κρόψεως
1522 1246 1627 1286 ἀνδρῶν
1653 1247 1749 1279 ἀθώων
1773 1246 1813 1278 είς
1833 1249 1895 1284 γῆν,

1069 1292 1114 1320 καὶ
1135 1292 1174 1323 εἷς
1200 1292 1272 1320 ἄλλα
1295 1290 1388 1329 ὅμοια.
1405 1293 1440 1320 Ἦ
1464 1293 1514 1330 γὰρ
1540 1292 1571 1319 οὐ
1598 1294 1711 1319 τοιαῦτα
1731 1291 1765 1319 τὰ
1787 1290 1834 1318 διὰ
1851 1293 1898 1318 σοῦ

1070 1334 1247 1374 ἐπιτριϐόμενα
1274 1338 1419 1375 πράγματα
1442 1339 1499 1368 τοῖς
1527 1335 1605 1364 οὐδὲν
1628 1337 1748 1370 altiore;
1777 1338 1834 1363 Σοῦ
1849 1337 1897 1373 γὰρ

1070 1381 1136 1409 εἷναί
1161 1392 1233 1419 φημι
1264 1380 1328 1420 ἔργα
1351 1381 1385 1408 τὰ
1410 1381 1462 1408 ὑπὸ
1491 1383 1538 1408 σοῦ
1560 1380 1738 1418 κελευόμενα.
1755 1380 1810 1408 Καὶ
1826 1379 1897 1408 οὕτω

1071 1426 1118 1463 μὲν
1149 1426 1303 1460 ὑπακούεις,
1330 1426 1367 1458 ὡς
1394 1426 1432 1463 μή
1458 1425 1563 1464 ὤφελες
1579 1435 1586 1442 ·
1614 1425 1719 1464 ὤφελες
1741 1425 1795 1462 γὰρ
1812 1435 1896 1452 κεκω-

1069 1473 1173 1510 φῶσθαι
1204 1470 1319 1507 μᾶλλον,
1345 1471 1362 1504 ἢ
1401 1470 1488 1501 οὕτως
1526 1469 1633 1497 ἀκούειν
1661 1469 1705 1497 καὶ
1738 1470 1894 1497 ὑπακούειν.

1069 1513 1213 1543 Θλίϐεσθαι
1231 1514 1259 1542 δὲ
1276 1515 1313 1547 εἰς
1327 1517 1455 1542 τοσοῦτον
1473 1514 1594 1552 ἀπέχεις,
1616 1514 1654 1546 ὡς
1671 1513 1715 1541 διὰ
1738 1515 1790 1549 τήν
1807 1514 1831 1541 ἐν
1856 1515 1895 1541 σοὶ

1069 1559 1193 1598 θηριώδη
1225 1560 1403 1598 χαροπότητα
1436 1559 1480 1586 καὶ
1514 1558 1748 1597 πραγματεύεσθαι
1789 1559 1895 1596 θλίψεις

1069 1604 1182 1643 ἑτέροις,
1200 1603 1242 1632 ἵνα
1258 1604 1289 1632 σὺ
1304 1605 1416 1642 χαίρῃς,
1432 1606 1479 1640 Τῷ
1494 1604 1546 1642 γὰρ
1562 1602 1636 1642 λόγῳ
1646 1607 1696 1639 τῆς
1706 1603 1894 1639 ἐνδοξότητος,

1069 1648 1101 1684 ἤν
1128 1649 1261 1684 ὰπελίξω,
1286 1649 1331 1676 καὶ
1354 1651 1388 1686 τῇ
1418 1649 1530 1688 ἀφορμῇ
1559 1651 1607 1676 τοῦ
1630 1649 1866 1688 ὰκαταφρονῆτου,
1882 1649 1895 1676 ὃ

1068 1698 1112 1722 καὶ
1142 1694 1206 1721 αὐτὸ
1233 1694 1393 1732 ἀπηρνήσω,
1425 1694 1464 1724 οἷς
1504 1691 1641 1732 πρόϐατον
1683 1696 1751 1721 Θεοῦ
1777 1695 1895 1731 γεγονὼς

1068 1738 1200 1777 προείλου
1231 1738 1403 1772 ταπείνωσιν,
1431 1737 1485 1776 οὐχ
1507 1738 1601 1769 ἁπλῶς
1629 1735 1743 1772 Θλίϐεις,
1774 1737 1825 1766 εἴτ’
1852 1737 1895 1765 οὖν

1068 1785 1170 1818 πιὲζνις
1193 1785 1286 1819 (τοῦτο
1315 1782 1366 1821 γάρ
1388 1782 1444 1810 ἐστι
1473 1780 1598 1819 θλίϐειν),
1625 1781 1698 1810 ἀλλὰ
1724 1783 1894 1820 συμπνίγεις,

1069 1827 1173 1866 ἄγχεις,
1203 1827 1327 1862 αίκίζεις,
1356 1827 1491 1862 κολάζεις,
1532 1824 1702 1864 ὑπερϐαίνων
1739 1826 1894 1863 εὐμεῠὸὂως

1067 1875 1116 1908 τὴν
1148 1872 1292 1906 θλιπτικήν
1322 1871 1453 1910 ἐνέργειαν
1473 1880 1480 1888 ⁸
1508 1870 1556 1899 ’ίνα
1583 1872 1772 1910 συντριπτικὸς
1791 1872 1894 1899 ἀποκα-

1067 1917 1165 1949 ταστας
1193 1917 1237 1944 καὶ
1267 1916 1423 1954 ἀπρόσιτος,
1453 1914 1518 1954 ἔχῃς
1539 1918 1597 1947 τοῖς
1620 1915 1775 1954 ἀλλοτρίοι,
1791 1915 1895 1953 ἐμπλα-

1068 1963 1190 1990 τύνεσθαι
1206 1972 1211 1978 ·
1228 1962 1243 1989 ’ὁ
1271 1960 1304 1996 δὴ
1334 1962 1379 1989 καὶ
1404 1963 1492 1991 ποιεῖς
1517 1960 1611 1998 χάριτι
1636 1964 1685 1996 τῆς
1704 1961 1894 1999 ὑπερογενοῦς

1069 2007 1096 2035 ἐν
1120 2018 1162 2034 σοι
1188 2006 1342 2045 προθέσεως
1361 2015 1367 2022 ·
1394 2005 1438 2032 καὶ
1462 2004 1533 2032 οὕτω
1558 2005 1643 2044 φεύγῃ
1669 2005 1714 2032 καὶ
1738 2005 1789 2040 τὴν
1806 2016 1894 2033 στερν-

1070 2052 1097 2080 ἐν
1125 2054 1184 2083 τοῖς
1212 2049 1275 2086 ὧδε,
1305 2050 1351 2078 καὶ
1376 2047 1522 2078 ολίϐουσάν
1540 2048 1735 2088 εὐαγγελικῶς,
1751 2048 1778 2077 ἐν
1796 2048 1826 2078 δὲ
1840 2053 1895 2081 τοῖς

1106 2140 1157 2170 λ8’.
1174 2141 1277 2178 Μνήμη
1303 2139 1331 2168 δὲ
1358 2150 1406 2177 μοι
1430 2139 1614 2178 στενοχωρίας
1641 2140 1767 2176 ἐνταῦθα,
1799 2140 1833 2167 οὐ
1862 2141 1894 2176 τῇ

1070 2185 1191 2221 καθάπαξ
1219 2184 1246 2212 ἐν
1275 2188 1334 2216 τοῖς
1362 2183 1531 2222 ἀναγκαίοις,
1556 2183 1600 2211 καὶ
1629 2183 1667 2212 ὧν
1692 2183 1754 2211 ἄνευ
1779 2183 1830 2211 οὐκ
1843 2182 1895 2211 ἔστι

1073 2231 1147 2269 βιοῦν
1171 2231 1313 2266 ἄνθρωπον
1334 2239 1471 2264 τοιουτον,
1498 2228 1540 2256 ὅτι
1566 2226 1636 2265 μηδὲ
1664 2228 1702 2260 εἷς
1732 2227 1895 2266 αὐτόχρημα

1069 2277 1132 2303 νοῦν
1148 2276 1161 2302 ὁ
1179 2274 1404 2312 μεγαλοσχήμων
1425 2273 1630 2311 μετισκεύασται
1651 2282 1657 2288 ·
1673 2272 1747 2301 ἀλλᾶ
1767 2275 1819 2308 τῆς
1840 2274 1895 2300 ἁνε-

1069 2319 1201 2356 πιμίκτου
1229 2322 1269 2355 τῷ
1298 2321 1528 2357 περιουσιαστικῷ
1552 2317 1705 2354 πλατυσμῷ
1722 2328 1727 2335 ·
1756 2317 1812 2345 ἐπεὶ
1839 2317 1894 2346 οῧτι

1071 2365 1102 2392 τὸ
1132 2362 1299 2402 στενόχωρον
1325 2362 1498 2391 ἆνεπίδεκτὸν
1526 2362 1580 2390 ἐστι
1607 2364 1656 2390 τοῦ
1685 2361 1759 2394 ὅλως
1782 2365 1893 2400 χωρεῖν,

1070 2409 1114 2437 καὶ
1132 2408 1194 2436 οὐδὲ
1209 2408 1304 2436 ταυτὸν
1329 2410 1558 2446 σνενοχωρεῖσθαι
1584 2407 1629 2434 καὶ
1656 2405 1871 2444 ἐμπλατύνεσθαι
1887 2415 1893 2422 ’

1072 2453 1114 2481 διὸ
1142 2453 1186 2481 καὶ
1214 2452 1267 2480 ἔστι
1296 2451 1421 2484 πολλοὺς
1443 2453 1480 2488 μή
1512 2451 1669 2489 ἀπερίττους
1695 2449 1785 2487 ὄντας,
1823 2450 1894 2487 ὅμως

1071 2498 1346 2536 ἐστενοχωρημένους
1374 2497 1420 2524 καὶ
1445 2497 1511 2524 εἶναι
1536 2496 1580 2524 καὶ
1606 2496 1739 2534 λέγεσθαι,
1766 2496 1811 2523 καὶ
1835 2495 1895 2523 αὐτὸ

1072 2543 1116 2571 ἐπί
1130 2554 1159 2570 τε
1180 2545 1235 2570 τῶν
1256 2545 1304 2570 τοῦ
1320 2543 1436 2579 κόσμου,
1464 2541 1509 2569 καὶ
1535 2543 1602 2577 τῶν,
1619 2542 1678 2569 ὅσοι
1693 2543 1741 2568 τοῦ
1757 2540 1895 2573 θειοτάτου

1072 2588 1238 2625 Πνεῦματος.
1270 2589 1361 2615 ’Έοικε
1389 2587 1441 2624 γὰρ
1471 2588 1549 2624 πηγῇ
1573 2597 1627 2613 τινι
1649 2586 1693 2613 καὶ
1720 2586 1734 2613 ὁ
1755 2586 1823 2613 κατὰ
1840 2585 1895 2623 βίον

1072 2633 1217 2669 πορισμὸς,
1244 2631 1289 2659 καὶ
1316 2631 1330 2658 ὁ
1357 2631 1477 2662 ἐντεῦθεν
1503 2627 1714 2668 περιουσιασμὸς
1731 2639 1738 2646 ’
1760 2631 1805 2657 καὶ
1829 2629 1895 2657 ἔστιν

1073 2677 1151 2712 ἰδεῖν,
1168 2677 1220 2712 ὅτι,
1248 2677 1367 2713 καθάπερ
1393 2675 1437 2703 ἐπὶ
1464 2674 1586 2712 μεγάλου
1612 2673 1658 2702 καὶ
1680 2674 1896 2712 πολυανθρώπου

1072 2721 1157 2749 τόπου
1190 2722 1305 2760 βραχεῖα
1329 2721 1422 2758 πηγὴν
1463 2719 1512 2747 οὐκ
1549 2718 1692 2757 ἀξιόλογον
1732 2716 1896 2752 ἐκϐλύζουσα

1074 2763 1212 2802 λιϐἀδιον,
1226 2766 1324 2804 ἁχρεία
1339 2765 1395 2793 ἐστὶ
1407 2768 1457 2800 τῆς
1470 2763 1632 2803 ὀλιγότητος
1650 2774 1657 2782 ο
1674 2763 1698 2792 εἷ’
1710 2762 1739 2791 δέ
1753 2773 1806 2791 που
1822 2762 1895 2790 ιῦπε-

228 2868 265 2902 (4)
282 2869 365 2904 Apud
380 2870 491 2896 veteres
507 2866 621 2895 caerulei
635 2866 714 2895 oculi
727 2866 913 2895 habebantur
928 2868 960 2895 ut
974 2866 1059 2902 signa
1072 2865 1186 2894 roboris
1201 2865 1376 2894 animalium
1393 2867 1422 2894 et
1439 2864 1606 2894 hominum.
