2002 3158
112 183 170 213 757

615 185 666 214 DE
690 185 932 214 EMENDANDA
955 184 1048 215 VlTA
1070 184 1312 215 MONACHICA.

1757 183 1816 215 758

109 247 261 286 ρίγραπτός
285 258 327 280 τις
367 247 408 283 εἴη
449 249 543 284 κώμη,
574 248 736 284 πληϐύουσα
765 248 868 285 ὕδασιν,
900 249 931 278 εἰς

996 260 1084 287 parvo
1101 251 1214 279 inutilis
1230 253 1274 279 est
1290 250 1380 278 nimia
1409 250 1568 286 possessio,
1597 253 1626 278 et
1653 251 1815 286 prtesertim

109 291 186 320 οὐδὲν
226 292 314 328 ἐκείνη
360 293 501 331 ἀναγκαῖον
540 293 664 331 εὐμοιρεῖ
703 297 750 322 τοῦ
794 294 936 332 πλησμίου

107 337 206 370 ὕδατος
233 355 267 359 —
291 337 363 365 οὕτω
383 338 427 365 καὶ
457 338 501 366 ἐπὶ
531 338 714 376 μοναστηρίου
743 339 789 376 μὶν
820 341 936 378 σμικροῦ

109 383 225 420 μάταιος
255 384 272 418 ὴ
306 382 465 420 ὑπέρπλεως
494 386 601 418 κτῆσις,
627 383 672 410 καὶ
704 383 813 420 μάλισθ’
838 385 882 411 ὅτε
911 385 936 412 οἱ

109 427 272 464 μονάζοντες
298 428 336 459 ιῖς
365 428 441 455 κενὸν
471 428 563 467 ἀφιᾶσι
594 430 764 456 κατακεῖσθαι
792 429 823 456 τὸ
846 439 938 468 περιτ-

991 296 1040 323 ubi
1067 296 1202 324 monachi
1234 296 1416 332 superﬂuum
1432 295 1461 322 in
1477 304 1583 323 vanum
1600 296 1678 323 abire
1694 295 1815 330 sinunt;

993 341 1175 377 amplissimo
1188 344 1286 369 autem
1303 340 1481 368 monasterio
1497 343 1559 368 tum
1575 340 1721 375 domibus,
1752 343 1814 368 tum

992 386 1079 413 rebus
1096 387 1187 414 sacris
1200 395 1249 414 eos
1265 386 1458 422 replentibus,
1473 386 1592 421 prodest
1604 393 1710 422 magna
1725 386 1817 413 abun-

992 431 1104 466 dantia,
1119 432 1195 459 sicut
1211 440 1316 467 magno
1332 431 1411 467 gregi
1424 438 1566 466 pascuum
1582 430 1746 458 abundans.

106 471 163 499 τόν·
184 472 397 510 μεγεθυνομὲνῳ
415 471 453 509 δὶ,
468 474 513 501 καὶ
529 475 561 502 οὐ
579 475 661 511 μόνον
679 473 852 512 οἰκοδομαῖς,
865 473 938 502 ἀλλὰ
951 474 997 502 καὶ
1022 474 1179 512 πληθυσμῷ
1205 475 1279 512 θείῳ,
1296 475 1406 511 πολλῆς
1435 475 1515 513 χρεία
1541 478 1592 510 τῆς
1621 474 1814 511 περιττότητος

105 517 174 544 καῧᾶ
188 517 234 545 καὶ
249 519 336 554 νομῆς
353 516 486 554 δαψιλοῦς
503 519 616 556 μεγάλῳ
631 520 764 557 ποιμνίῳ.

138 569 188 599 λε’.
206 571 256 598 Καὶ
286 569 344 608 ἔχει
372 582 415 602 τις
444 571 578 610 ἰπιλίγιιν
590 575 629 609 τῷ
660 573 707 609 μὶν
726 572 934 610 εὐπεριγράπτῳ

103 615 310 653 φροντιστηρίῳ
338 615 370 643 τὸ
387 628 401 642 α
423 617 455 645 Ἡ
482 617 560 654 πηγή
592 627 635 644 σοι
663 619 711 644 τοῦ
741 616 836 647 ὕδατος
865 615 934 644 ἔστω

103 658 170 694 ἰδία,
200 660 239 696 μὴ
266 660 445 697 παραπίνοντι
467 660 638 698 κλοπιμαίας
666 661 848 699 γλυκύτητος,
866 673 880 686 »
893 661 933 697 τῷ

105 702 134 730 δὲ
150 704 386 742 εὖπιριουσιάσδῳ
400 705 441 736 εἰς
458 703 615 743 ὑπερϐολὴν
641 706 672 734 τὸ
688 719 701 732 α
719 706 934 743 Ὑπερεκχείσῦω

101 749 133 775 τὸ
148 748 174 776 ἰν
194 750 237 776 σοὶ
255 747 328 786 ὕδωρ
344 748 395 784 ἔξω
424 753 472 785 τῆς
501 754 636 789 γραφικῆς
666 749 741 784 ὁδοῦ,
759 762 773 776 ››
789 750 815 777 ἐν
845 750 889 777 καί
919 750 934 777 ὁ

104 792 266 830 Ψαλμῳδὸς
278 796 313 831 τῇ
338 792 430 831 ἀϐάτῳ
454 795 498 822 καὶ
515 794 621 833 ἀνύδρῳ
643 794 868 823 ἁντιδιαστίλλει.
885 794 934 822 Καὶ

103 838 118 865 ὁ
131 839 198 869 Θεὸς
215 838 255 869 εἷς
271 838 376 876 ἀμάραν
391 838 548 877 πολύῤῥουν
562 842 688 877 τεχνᾶται
707 842 766 871 τοῖς
793 839 934 875 δεομένοις

102 881 212 920 ἀρδείας
227 887 384 919 κανονικῆς·
402 884 451 918 ὡς,
468 884 491 911 εἰ
521 885 558 921 μή
587 895 617 922 γε
646 884 732 915 οὕτως
763 884 932 922 ἐξαποῤῥὲιιν

102 927 205 963 μέλλοι
233 928 265 956 τὸ
292 932 342 963 τῆς
372 929 563 966 ὑηιρκτήσεωτ
590 928 674 967 ὕδωρ,
702 932 822 966 κρεῖττον
852 929 885 963 ἦν
914 928 932 963 ἢ

101 970 176 1009 μηδὶ
190 973 242 1008 τὴν
259 973 348 1011 ἀρχὴν
363 972 478 1010 θεμέλια
501 973 633 1012 ὀρυγῆναι
661 973 799 1005 τοιαύταις
822 971 933 1001 οἰκοδο-

104 1020 180 1053 μαῖς,
210 1017 228 1052 ἢ
256 1016 330 1045 ἀλλὰ
356 1017 598 1057 τιλεσφορηθείσας
634 1017 664 1046 ἐκ
703 1019 786 1056 μέσου
813 1018 931 1057 γενίσθαι

102 1061 234 1099 ἁρπυίαις
247 1062 293 1090 καὶ
308 1066 431 1099 σεισμοῖς
445 1062 489 1090 καὶ
506 1063 571 1100 θείῳ
585 1063 660 1102 πυρί.

138 1115 191 1150 λζ’.
208 1116 241 1144 Τί
270 1117 320 1154 γὰρ
346 1117 458 1152 κτητέον
487 1116 532 1144 καὶ
561 1116 718 1152 ἐπικτητὲον
744 1115 782 1149 εἰς
811 1117 930 1155 πονηρὰν

101 1164 198 1195 κτῆσιν
224 1160 287 1191 τοὺς
316 1160 430 1195 εἰδότας,
448 1162 489 1188 ὅτι
516 1161 560 1189 καὶ
588 1165 624 1199 γῆ
655 1160 802 1198 μετάλλοις
828 1162 932 1198 τιμίοις

101 1205 263 1233 πλουτοῦσα
277 1205 308 1233 ού
323 1207 430 1244 συνέχει
457 1205 526 1233 αὐτὰ
554 1206 592 1237 εἰς
621 1205 785 1244 ἐνδόμυχον,
803 1205 875 1234 ἀλλὰ
899 1207 933 1234 τὰ

103 1251 152 1286 μὲν
181 1250 319 1285 ἐπιπολῆς
335 1249 446 1285 ἐξανθεῖ,
477 1251 515 1282 ὡς
543 1251 588 1278 καὶ
615 1250 755 1289 φαίνεσθαι
783 1251 827 1279 καὶ
857 1251 933 1278 συνά-

99 1300 198 1332 γεσθαι
215 1295 253 1326 εἰς
269 1299 369 1333 χρῆσιν
386 1297 468 1330 ζωῆς·
485 1296 518 1323 τὰ
534 1294 563 1323 δὲ
577 1295 689 1333 κρύπτει
721 1296 777 1332 μὲν,
809 1295 932 1334 ἐμφαίνει

101 1338 131 1366 δὲ
161 1338 258 1370 ἄλλως
280 1339 305 1366 ἐν
330 1342 370 1376 τῷ
394 1341 682 1378 πολυπραγμονεῖσθαι
714 1340 872 1379 βαθύτερον,
888 1341 932 1368 καὶ

101 1383 175 1411 οὕτω
199 1382 304 1411 διδόναι
328 1383 396 1412 αὑτὰ
425 1384 621 1421 μεταλλευταῐς
647 1385 691 1412 ἐπὶ
720 1384 880 1424 οἷκωφελίᾳ,
906 1385 932 1412 οἳ

100 1429 172 1456 καθά
201 1439 229 1456 τι
254 1426 320 1466 ὄψον
345 1429 432 1456 κόπον
455 1430 489 1456 τὰ
513 1428 645 1467 κερδαλέα
674 1427 861 1466 λαμϐάνουσι;
884 1430 932 1457 Καὶ

100 1472 208 1501 κοιλίαι
239 1471 268 1500 δὲ
295 1477 358 1510 γῆς,
389 1473 486 1505 ὕδατος
527 1473 744 1511 μιμεστωμὲναι,
772 1473 854 1502 ἄλλαι
885 1474 931 1511 μὲν

102 1517 296 1556 ἁνεριύγονται
323 1518 354 1545 τὸ
384 1518 410 1546 ἐν
441 1518 534 1551 αὐταῖς
564 1519 647 1546 καλὸν
678 1519 716 1550 εἰς
746 1518 871 1558 ἐμφανὲς,
888 1520 932 1546 καὶ

103 1562 175 1590 οὕτω
206 1563 287 1597 κοινὴ
316 1562 469 1595 ἀπόλαυσις
497 1564 677 1601 πρόκεινται·
705 1563 818 1596 πλείους
846 1562 874 1590 δι
902 1574 934 1601 γε

105 1606 323 1644 συστελλόμεναι
353 1608 392 1640 εἰς
411 1607 535 1646 κρύφιον,
553 1611 608 1639 τοῖς
633 1608 805 1646 φρεωρύχοις
836 1608 932 1646 ἀρετὴν

103 1652 266 1690 παρέχουσι,
294 1651 480 1689 δεξιουμένοις
521 1652 601 1684 αὐτὰς
641 1655 783 1691 τεχνικῶς,
812 1653 857 1680 καὶ
897 1653 934 1684 εἰς

103 1699 158 1735 φῶς
174 1697 342 1734 προάγουσι.
357 1697 409 1726 Καὶ
427 1697 498 1725 οὕτω
523 1698 582 1734 μὲν,
599 1698 621 1724 ὦ
649 1698 783 1734 ἡμέτεροι
815 1697 935 1736 μεγάλου

103 1741 128 1768 ἰν
156 1745 216 1773 τοῖς
234 1740 287 1769 ὧδε
304 1742 433 1780 μοναχοὶ,
450 1742 481 1769 ού
506 1743 565 1769 καθ’
580 1742 692 1774 ἑαυτοὺς
724 1741 816 1779 μέντοι
842 1742 935 1774 ἄλλως

104 1783 234 1822 μεγάλοι,
267 1784 340 1813 ἀλλὰ
368 1784 412 1812 δια
446 1786 496 1820 τὴν
533 1788 582 1813 τοῦ
607 1785 787 1825 εὐαγγελικοῦ
815 1785 934 1824 μεγάλου

102 1829 238 1867 περίθεσιν
253 1831 407 1868 σχήματος,
425 1829 521 1867 ὅμοιον
538 1829 566 1858 δὲ
582 1830 679 1865 εἷπεῖν,
699 1829 744 1858 διὰ
770 1831 802 1858 τὸ
817 1841 934 1870 προφαι-

101 1872 228 1910 νόμενον,
246 1875 466 1912 περιουσιαστὲον
495 1875 541 1902 καὶ
558 1875 627 1908 ὑμᾶς
653 1875 764 1914 ὕπερθεν
795 1874 860 1907 ἴσως
889 1876 934 1912 μέ-

99 1929 176 1956 τρου·
200 1918 297 1950 ἄλλως
325 1918 353 1947 δὲ
386 1919 436 1947 οὐκ
465 1920 506 1948 ἂν.
524 1921 683 1958 Προμήθεια
711 1920 761 1958 γὰρ
787 1921 832 1948 καὶ
864 1921 931 1957 μόνη

100 1966 147 1990 τοῦ
181 1962 347 2000 μέλλοντος,
364 1965 409 1991 καὶ
438 1964 505 1999 αὐτή
536 1964 649 2002 σταθερὰ
663 1965 708 1992 καὶ
723 1964 867 2003 θεοφιλὴς,
883 1966 933 2000 τήν

99 2011 146 2035 τοῦ
172 2008 374 2043 πλεονάζοντος
404 2009 531 2037 ἀπόθεσιν
561 2012 681 2045 συνιστᾷ,
709 2010 852 2048 χρησίμην
876 2009 933 2037 ἐσο-

101 2052 185 2089 μένην
200 2053 246 2080 καὶ
263 2053 407 2091 ἀναγκαίαν
432 2053 458 2081 ἐν
486 2056 545 2084 τοῖς
571 2053 815 2092 εἰσέπιιτα.’¹οπερ
843 2053 868 2081 ἐν
897 2056 931 2091 τῇ

101 2097 215 2135 μεγίστῃ
230 2100 284 2125 τῶν
301 2098 408 2126 πόλεων
427 2098 545 2135 μάλιστα
565 2098 742 2138 ἐφωράσαμεν
774 2098 933 2134 οἰκονομίας

100 2142 179 2180 λόγῳ
208 2143 464 2181 καταπράττεσθαι·
496 2142 564 2170 ὅπου
593 2143 763 2171 ἀποτίθενται
794 2143 840 2180 μὲν
864 2143 932 2171 κατά

98 2189 142 2215 καὶ
174 2187 201 2215 ἐν
233 2187 418 2226 εὐαηελικοῖς
445 2188 578 2227 κοφίνοις,
599 2186 637 2216 ἔτι
667 2187 696 2215 δὲ
724 2188 769 2215 καὶ
796 2187 930 2226 σπυρίσιν,

98 2231 275 2269 ἐλλείμματα
290 2235 348 2269 Θεῷ
371 2232 448 2271 φίλα,
466 2232 619 2270 εὐλογητοῦ
648 2233 731 2271 κόρου
760 2231 882 2270 λείψανα·
898 2233 930 2261 ού

99 2275 273 2305 δαπανῶνται
290 2276 320 2305 δὲ
334 2277 453 2315 ἀχρείως
467 2277 506 2309 εἷς
523 2276 599 2305 οὐδὲν
618 2276 688 2313 δὲον,
700 2276 763 2305 ἀλλ’
778 2277 822 2305 ὅτε
836 2278 930 2315 καιρὸς

950 1635 971 1669 α

1024 574 1069 601 35.
1086 574 1185 602 Posset
1200 573 1307 610 aliquis
1323 574 1358 602 de
1373 582 1460 610 parvo
1489 573 1666 602 monasterio
1695 573 1790 600 dicere
1807 580 1813 599 :

989 630 1003 643 ‹‹
1031 618 1136 646 Fontes
1165 627 1309 654 aquarum
1338 619 1443 647 habeto
1474 618 1562 652 solos,
1593 626 1653 645 non
1669 618 1703 645 de
1718 617 1815 644 furata

989 662 1143 690 dulcedine
1168 663 1288 696 bibens;
1307 674 1321 687 »
1337 666 1365 690 et
1381 663 1415 690 de
1429 663 1554 690 nimium
1571 662 1660 690 divite
1676 670 1683 689 :
1700 672 1714 686 ‹ι
1732 661 1814 689 Deri-

988 709 1092 734 ventur
1107 708 1201 735 fontes
1215 707 1257 735 tui
1275 710 1355 735 extra
1371 711 1478 735 rectam
1496 707 1572 734 viam
1589 706 1637 742 (5),
1663 713 1753 741 quam
1777 705 1813 732 ab

989 751 1066 779 invio
1081 754 1109 779 et
1123 752 1241 780 sitiente
1256 752 1409 788 distinguit
1425 751 1588 780 Psalmista.
1605 752 1643 778 Iis
1659 750 1709 786 qui
1725 757 1813 785 regu-

988 796 1042 824 lari
1056 796 1226 833 irrigaticne
1241 797 1383 832 indigent,
1400 797 1514 833 largum
1542 795 1668 823 rivulum
1701 802 1811 830 praepa-

989 842 1063 869 ravit
1077 842 1154 869 Deus
1168 855 1175 874 ;
1191 842 1240 869 ubi
1257 841 1335 869 enim
1349 841 1503 869 abundans
1534 849 1611 876 aqua
1639 840 1729 868 ﬂuere
1758 847 1817 867 non

988 886 1150 919 debuisset,
1181 886 1287 914 melius
1318 886 1432 919 fuisset,
1462 885 1488 913 si
1517 894 1533 912 a
1554 884 1698 921 principio
1712 884 1816 911 funda—

988 933 1088 958 menta
1102 931 1257 967 supposita
1271 939 1329 959 non
1345 931 1481 964 fuissent,
1498 930 1541 958 vel
1557 930 1582 957 si
1599 930 1629 957 in
1643 929 1735 957 altum
1757 928 1818 956 ele-

987 977 1054 1002 vata
1069 978 1151 1003 terrea
1167 977 1259 1010 motu,
1277 977 1452 1012 tempestate
1468 977 1497 1002 et
1510 974 1620 1002 ccelesti
1633 974 1700 1009 igne
1719 973 1817 1001 diruta

982 1017 1123 1048 'fuissent.

1022 1119 1065 1146 36.
1083 1121 1139 1146 Cur
1153 1118 1231 1146 enim
1247 1118 1357 1146 addent
1371 1120 1400 1146 et
1415 1117 1614 1154 superaddent
1636 1116 1666 1144 in
1689 1125 1809 1153 pravam

987 1163 1214 1199 possessionem,
1242 1171 1300 1191 non
1328 1163 1498 1199 ignorantes
1527 1162 1662 1198 pretiosis
1684 1160 1811 1189 metallis

986 1209 1094 1236 terram
1111 1208 1234 1236 ditatum
1255 1216 1289 1236 ea
1318 1208 1348 1235 in
1377 1207 1539 1235 visceribus
1566 1215 1624 1234 non
1654 1206 1811 1241 recludere,

987 1253 1046 1280 imo
1062 1253 1196 1288 quaedam
1211 1253 1391 1281 extrinsecus
1408 1252 1537 1288 pateﬁeri
1553 1252 1658 1286 solere,
1674 1259 1739 1287 quae
1755 1259 1814 1278 ma-

987 1297 1165 1325 nifestantur
1180 1300 1208 1325 et
1223 1298 1253 1325 in
1270 1306 1356 1325 usum
1373 1298 1437 1325 vitm
1457 1297 1650 1331 colliguntur;
1679 1296 1814 1332 quaedam

987 1351 1054 1370 vero
1070 1345 1177 1378 tegere,
1193 1345 1222 1370 et
1251 1342 1335 1370 aliter
1364 1343 1503 1378 proferre,
1535 1342 1651 1377 quando
1681 1340 1814 1368 funditus

988 1387 1138 1421 evertitur,
1149 1394 1241 1422 eaque
1257 1387 1412 1422 profutura
1425 1385 1610 1414 universitati
1625 1385 1740 1413 tradere
1756 1393 1815 1412 me-

987 1431 1106 1464 tallicis,
1123 1432 1171 1467 qui
1187 1440 1221 1459 ea
1235 1431 1318 1459 lucra
1332 1440 1384 1468 pro
1414 1431 1600 1459 condimento
1628 1430 1737 1458 laboris
1766 1430 1814 1457 sui

987 1475 1175 1511 percipiunt?
1203 1476 1238 1504 Et
1265 1476 1376 1503 viscera
1406 1478 1486 1503 terras
1508 1483 1586 1511 aqua
1601 1474 1711 1510 repleta
1726 1474 1812 1502 modo

988 1520 1097 1547 bonum
1113 1528 1200 1548 suum
1225 1521 1261 1548 ad
1284 1522 1365 1548 extra
1393 1520 1586 1555 profundunt,
1615 1521 1643 1546 et
1668 1518 1814 1546 universis

988 1567 1122 1600 prosunt,
1152 1567 1180 1592 et
1203 1564 1307 1600 saepius
1334 1572 1398 1592 eam
1419 1564 1448 1591 in
1464 1563 1635 1591 abscondito
1650 1562 1713 1590 loco
1731 1561 1814 1590 colli-

991 1611 1075 1644 gunt,
1092 1609 1328 1644 fodientibusque
1355 1609 1426 1636 dant
1454 1607 1611 1635 utilitatem
1640 1615 1725 1635 suam
1753 1608 1816 1634 arte

991 1654 1127 1681 haustam
1158 1656 1186 1681 et
1212 1653 1369 1681 adductam
1387 1653 1424 1680 ad
1439 1652 1545 1680 lucem.
1562 1652 1670 1679 Eodem
1685 1651 1783 1686 modo,
1799 1659 1815 1678 ο

991 1698 1137 1732 monachi,
1154 1697 1234 1726 hisce
1249 1698 1337 1725 rebus
1354 1697 1465 1733 magni,
1479 1705 1536 1724 non
1553 1699 1649 1724 tamen
1674 1705 1726 1733 per
1754 1703 1816 1724 vos-

990 1743 1132 1779 metipsos
1161 1742 1273 1778 magni,
1302 1743 1353 1770 sed
1377 1750 1411 1770 eo
1427 1742 1504 1777 quod
1518 1749 1655 1777 magnam
1672 1739 1816 1776 evangelii

989 1788 1114 1815 formam
1130 1787 1280 1821 induistis,
1298 1787 1382 1823 quasi
1398 1786 1512 1814 dicatur
1527 1794 1562 1814 ex
1576 1794 1609 1814 eo
1625 1785 1703 1821 quod
1725 1793 1815 1821 appa-

989 1834 1044 1868 ret,
1059 1832 1138 1860 vobis
1155 1833 1228 1860 i'orte
1243 1840 1333 1868 supra
1356 1832 1476 1859 modum
1508 1831 1720 1858 abundandum
1749 1832 1813 1863 est;

989 1877 1045 1905 alio
1063 1877 1159 1911 modo,
1174 1876 1306 1904 minime.
1322 1876 1389 1904 Sola
1403 1875 1481 1903 enim
1499 1875 1681 1911 providentia
1702 1876 1814 1909 tempo-

988 1921 1029 1950 ris
1045 1922 1135 1950 t‘uturi
1151 1930 1244 1957 eaque
1259 1923 1399 1949 constans
1413 1923 1442 1948 et
1456 1919 1593 1956 religiosa
1602 1919 1721 1947 divitem
1732 1919 1816 1946 docet

988 1974 1128 2002 seponere
1143 1966 1221 2002 quod
1237 1965 1308 1994 utile
1323 1968 1351 1993 et
1366 1965 1565 1993 necessarium
1581 1964 1636 1993 erit
1661 1964 1692 1991 in
1721 1965 1816 2000 poste-

987 2019 1064 2038 rum.
1096 2012 1188 2044 Quam
1206 2010 1456 2046 dispensationem
1473 2010 1502 2036 in
1519 2009 1648 2037 maxima
1663 2008 1814 2036 civitatum

987 2055 1150 2091 praesertim
1164 2055 1295 2082 vidimus
1310 2054 1445 2087 exerceri,
1462 2053 1527 2087 nubi
1557 2055 1756 2088 respouuntur
1783 2051 1814 2078 in

987 2099 1124 2126 canistris
1155 2098 1341 2134 evangelicis,
1372 2106 1405 2125 ac
1420 2097 1448 2124 in
1466 2097 1574 2133 sportis
1588 2097 1753 2132 fragmenta
1769 2103 1813 2122 re-

987 2143 1137 2172 manentis.
1151 2145 1180 2171 et
1195 2143 1253 2170 Deo
1268 2144 1362 2178 grata,
1379 2144 1467 2177 atque
1482 2141 1612 2177 reliquiae
1628 2139 1815 2167 abundantiae

985 2188 1156 2216 benedictus.
1172 2187 1237 2215 Hec
1252 2186 1472 2219 inutiliter,non
1490 2187 1612 2222 urgente
1626 2184 1811 2218 necessitate,

986 2242 1044 2261 non
1074 2233 1255 2267 dividuntur,
1286 2232 1337 2260 sed
1365 2239 1432 2259 cum
1463 2231 1534 2258 ades
1562 2232 1679 2266 tempus
1709 2228 1812 2257 distri~

984 2278 1104 2313 buendi,
1135 2277 1256 2305 collecta
1283 2276 1381 2304 omnia
1395 2275 1610 2304 exhauriuntur
1624 2274 1683 2302 sive
1699 2274 1735 2302 ad
1751 2273 1812 2301 ani-

99 2321 208 2350 καλέσει
239 2321 370 2358 δαπάνης,
401 2322 589 2359 ἐξαντλοῦνται
616 2322 650 2350 τὰ
677 2322 839 2360 συνηγμένα·
857 2321 926 2350 ὥστε

989 2332 1046 2352 nas
1059 2322 1209 2351 famelicas
1226 2321 1356 2358 panibus
1368 2321 1555 2355 saturandas,
1571 2322 1606 2348 ad
1623 2320 1722 2347 cibum
1735 2321 1809 2346 tem-

100 2368 224 2405 ἢψυχάς
242 2368 376 2399 πεινώσας
400 2366 541 2404 ἐμπλῆσαι
567 2366 666 2405 ἄρτων,
683 2367 727 2394 καὶ
757 2366 783 2394 ἐν
809 2368 925 2405 ἡμέραις

99 2413 234 2450 χορτάσαι
265 2411 360 2448 λιμοῦ,
390 2412 408 2447 ἢ
436 2413 505 2440 κατὰ
528 2411 722 2450 αἰχμαλωσίας
754 2412 860 2450 ῥυῆναν
891 2412 927 2443 ὡς

98 2456 254 2494 παρασύραι
279 2457 326 2494 μὶν
355 2457 424 2484 κατὰ
451 2456 625 2492 δουλώσεως,
651 2457 870 2492 ἀποκαταστῆσαι
900 2455 928 2484 δὲ

97 2501 161 2532 τοὺς
184 2501 454 2539 ἠχμαλωτισμένους
478 2502 516 2534 εἰς
538 2503 569 2530 τὸ
595 2501 756 2540 ἐλευθεριον
773 2502 791 2538 ἣ
821 2502 927 2530 ἀντικα-

96 2550 229 2582 ταπῆναι
254 2546 349 2585 χρόνῳ
374 2544 514 2585 ἐγχανόντι
543 2547 610 2575 κατᾶ
631 2551 681 2583 τῆς
698 2550 793 2585 μονῆς,
809 2548 827 2583 ἢ
857 2546 927 2575 ἄλλο

98 2601 124 2618 τι
140 2591 267 2629 ἐνάρετον
288 2592 515 2629 καταπράξεσθαι.

133 2645 184 2680 λζ’.
197 2645 326 2682 Τοιούτῳ
341 2644 370 2672 δὲ
382 2655 434 2674 τινι
451 2644 527 2684 λόγῳ
543 2644 610 2683 δίχα
623 2645 736 2674 πολλῶν
770 2644 875 2679 ἄλλων,
894 2643 929 2673 δι’

100 2690 137 2718 ὧν
167 2690 202 2718 τὰ
230 2690 299 2718 κατὰ
326 2691 429 2728 κόσμον
458 2690 622 2726 συνίσταται,
646 2691 691 2718 καὶ
723 2693 764 2727 τῷ
794 2692 928 2726 Δαυϊτικῷ

134 2792 173 2828 (5)
190 2791 490 2833 Nescimusquonam
521 2791 750 2833 scripturarum"
766 2789 925 2833 esempla‘ri

99 2827 173 2856 usus
188 2828 229 2856 sit
244 2827 436 2862 Eustachius;
453 2827 496 2856 sic
510 2827 592 2856 enim
604 2827 714 2856 habent
733 2827 926 2863 Septuaginta

100 2863 136 2892 ad
149 2863 232 2892 hunc
246 2865 344 2892 locum
358 2872 365 2893 :
382 2874 397 2890 «
409 2861 490 2893 Prov.
506 2862 542 2898 V,
558 2863 591 2891 17
607 2871 614 2891 :
632 2863 706 2892 Fons
719 2861 801 2899 aquas
815 2861 872 2891 tu'as
887 2861 927 2891 sit

982 2376 1051 2404 pore
1067 2367 1164 2402 famis,
1180 2367 1240 2395 sive
1256 2367 1292 2395 ad
1307 2366 1489 2402 erogandum
1505 2363 1637 2400 captivis,
1650 2363 1730 2392 verbi
1745 2371 1808 2399 gra-

981 2414 1033 2446 tia,
1047 2413 1081 2441 ad
1094 2412 1253 2440 minuenda
1269 2411 1346 2440 male
1361 2410 1549 2447 captivitatis,
1566 2410 1601 2437 ad
1613 2417 1711 2437 servos
1724 2407 1810 2436 liber-

981 2459 1039 2485 tate
1064 2457 1227 2491 donandos,
1243 2458 1293 2484 aut
1313 2456 1348 2484 ad
1363 2454 1595 2484 subveniendum
1623 2454 1803 2483 monasterio

983 2502 1103 2538 penuria
1119 2501 1300 2536 adveniente,
1313 2501 1372 2530 sive
1388 2501 1424 2529 ad
1440 2500 1520 2529 aliud
1535 2500 1605 2536 quid
1622 2499 1730 2529 bonum
1747 2507 1809 2536 per-

982 2547 1153 2576 ﬁciendum.

1018 2646 1063 2674 37.
1081 2646 1187 2674 Eadem
1203 2643 1325 2680 ratione,
1342 2645 1460 2674 omissis
1476 2644 1578 2673 multis
1605 2645 1670 2673 aliis
1700 2643 1808 2680 quibus

984 2692 1139 2720 mundanas
1155 2699 1201 2720 res
1217 2693 1368 2727 reguntur,
1385 2690 1415 2718 in
1431 2690 1568 2719 thesauro
1583 2689 1700 2718 Davidis
1715 2687 1809 2715 multa

980 2790 1034 2818 tibi
1062 2791 1209 2827 proprius,
1235 2800 1250 2816 ››
1266 2792 1294 2818 et
1312 2801 1323 2815 α
1341 2790 1397 2819 i6:
1429 2790 1493 2818 Non
1521 2787 1804 2825 supereﬁ‘undantur

979 2827 1034 2854 tibi
1049 2835 1130 2863 aqua
1144 2830 1227 2856 tuum
1243 2827 1363 2855 fontem.
1379 2837 1393 2851 »
