2030 3167
214 203 273 234 ’159

215 268 280 297 auri
295 267 405 296 talenta
419 267 568 295 recondita
583 267 838 296 sunt.Gelebratur
853 267 942 295 etiam
957 274 1040 303 egre-
1055 267 1082 300 Α

215 313 327 349 giailla
342 320 491 347 crumena,
508 313 563 341 etsi
591 312 756 341 laudandus
784 321 842 341 non
871 311 958 340 fuerit
984 312 1037 340 Ju-

215 359 279 391 das,
296 357 346 394 qui
361 366 424 386 eam
444 358 589 393 portabat.
606 360 742 385 Attamen
759 357 916 385 concilium
942 356 1038 384 senio—

215 411 281 430 rum
297 402 488 438 apostolicum
506 402 665 430 admodum
681 401 969 438 eleemosynaslarge
980 409 1041 429 ero~

215 450 297 483 gates
311 447 439 475 amabat.
455 450 613 484 Propterea
630 455 772 475 concessa
792 450 837 475 est
862 447 919 474 ista
947 446 1039 474 abun-

214 492 325 526 dantia,
355 492 432 520 sicut
460 493 488 519 in
518 491 646 528 templis,
669 500 805 520 vasorum
832 499 983 519 sacrorum
1013 491 1042 518 et

213 535 339 565 aliarum
356 545 453 564 rerum
470 545 596 573 magnus
611 545 764 565 numerus.
782 537 822 564 Ea
836 545 904 564 vero
919 535 949 563 in
973 535 1040 563 sinu

214 581 426 609 monachorum
457 581 496 609 ita
521 582 676 609 recondere
706 584 738 609 ut
753 581 972 609 abscondantur
984 580 1039 607 im-

214 634 288 662 pura
303 628 331 654 et
343 628 400 654 Deo
417 626 512 654 invisa
527 627 594 662 quis
611 626 798 662 probaverit?
827 625 928 661 quales
957 625 1041 652 sinus

213 671 291 707 apud
321 679 374 698 nos
403 671 537 698 videmus
553 670 736 707 plenitudine
752 679 894 698 manuum
910 672 1041 706 tempore

213 715 329 747 messis,
347 717 376 742 et
390 715 480 751 spicis
496 715 609 743 collatis
626 715 670 751 (ut
685 715 788 751 loquar
803 716 813 732 ⁵
828 723 896 743 cum
921 714 1040 749 Davide)

213 759 377 788 cumulatos
393 760 560 793 immodice,
573 760 661 796 idque
686 760 764 796 apud
796 759 930 788 homines
960 758 1042 795 parvi

214 804 368 832 momenti.

249 892 294 920 38.
311 892 413 920 Nonne
428 892 506 920 enim
523 892 659 921 novimus
675 892 813 921 hominus
839 893 894 920 vile
923 893 1043 928 subteg-

217 945 283 965 men
309 938 464 972 textentes,
481 937 587 973 vixque
602 946 654 974 pro
670 938 780 966 laboris
796 938 889 974 pretio
906 945 1045 965 nummos
1061 959 1083 991 Β

218 981 242 991 ,ν
265 981 371 991 ηηηη
391 990 398 991 κ
440 981 545 991 ν
655 984 659 991 .
707 984 712 991 ,
862 983 869 991 .

217 981 247 1009 in
264 981 402 1009 manibus
417 981 550 1018 quotidie
566 984 759 1018 reportantes,
776 983 920 1018 quosdam
950 984 1046 1010 vestes

216 1026 392 1060 reﬁcientes,
420 1029 472 1054 aut
499 1035 538 1055 ses
564 1027 736 1060 tundentes,
757 1030 807 1055 aut
822 1029 965 1063 ponentes
980 1029 1044 1054 ten-

215 1070 299 1105 toria,
314 1071 387 1099 alios
403 1079 469 1099 vero
487 1071 576 1108 pelles
591 1072 723 1107 cujusvis
738 1072 852 1108 generis
874 1074 1044 1107 tractantes,

216 1118 245 1143 et
260 1115 334 1144 alios
353 1124 405 1152 pro
419 1116 535 1144 modica
550 1116 652 1144 hordei
669 1125 764 1144 massa
779 1125 859 1144 mare
869 1118 1044 1150 everrentes,

216 1160 316 1196 plures
332 1161 420 1189 etiam
435 1161 596 1196 mendicos,
613 1161 794 1197 proindeque
810 1160 972 1189 maleﬁcos?
981 1159 1046 1192 Qui-

216 1204 273 1232 bus
288 1205 414 1232 eddendi
430 1207 501 1232 sunt
515 1205 647 1233 homines
661 1205 834 1241 qui,i'uratis
851 1205 939 1233 rebus
954 1204 1045 1232 sacris

217 1250 246 1276 et
261 1248 337 1282 aliis,
355 1249 431 1276 hanc
446 1249 549 1277 urbem
569 1249 639 1285 quia
667 1249 822 1277 molestam
852 1249 1044 1285 reliquerunt,

219 1292 379 1328 oculosque
409 1293 439 1320 in
468 1293 545 1322 hunc
575 1296 704 1322 montem
738 1296 959 1327 converterunt,
995 1295 1044 1321 aut

219 1337 311 1366 alium
340 1338 417 1366 circa
447 1347 510 1372 nos,
541 1339 592 1366 ubi
619 1341 706 1367 entes.
733 1339 886 1367 elucehant
911 1339 1003 1367 virtus
1019 1340 1047 1366 et

220 1382 357 1418 dignitas,
373 1391 451 1411 nunc
467 1385 565 1411 autem
580 1383 744 1417 contraria;
764 1383 872 1420 quippe
901 1391 952 1420 per
980 1391 1046 1419 spe—

220 1427 296 1456 ciem
324 1428 429 1456 animae
451 1436 597 1456 conversae
611 1430 639 1456 et
654 1427 798 1456 salvandae
814 1437 951 1456 nummos
966 1436 1047 1456 acce-

221 1472 496 1508 perunt;homines
524 1473 585 1501 sive
612 1473 718 1507 nihili,
749 1473 809 1501 sive
839 1473 1046 1509 peccaminosi,

222 1525 347 1553 quorum
365 1525 470 1546 manus
487 1517 584 1552 hodie,
600 1520 634 1546 ut
649 1526 706 1546 non
729 1518 854 1551 dicebat,
884 1526 937 1545 nec
966 1526 1048 1554 opor-

220 1562 312 1598 tebat,
339 1562 497 1598 replentur.
515 1562 576 1590 Non
591 1563 743 1598 oportebat
757 1563 886 1598 quidem,
903 1562 973 1598 quia
988 1562 1047 1598 pri-

222 1606 269 1634 die
285 1615 439 1643 pauperes,
456 1607 542 1635 hodie
558 1607 620 1635 ﬁeri
636 1608 825 1644 pauperiores
841 1615 960 1635 necesse
986 1609 1048 1641 est;

219 1659 278 1679 non
309 1652 431 1685 dicebat,
462 1652 542 1687 quia,
570 1655 602 1679 ut
631 1652 742 1680 dictum
758 1654 812 1686 est,
828 1654 945 1688 propter
957 1645 1084 1680 abun-C

219 1696 349 1725 dentiam
366 1706 519 1733 manuum,
536 1699 624 1734 pedes
639 1698 669 1725 in
686 1698 829 1725 malitiam
846 1698 989 1732 feruntur,
1019 1699 1047 1725 et

217 1740 353 1770 laborant
367 1742 396 1770 in
412 1742 459 1770 his
476 1751 538 1778 quis
555 1743 616 1770 odit
634 1743 720 1770 Deus.
735 1743 793 1770 Hos
813 1743 908 1770 forum
938 1742 1046 1778 saepius

217 1794 307 1822 quam
322 1786 589 1815 ecclesiasticarum
605 1789 699 1815 coetus
714 1787 870 1823 conspicit;
881 1786 937 1822 ipsi
953 1786 1046 1814 liben-

217 1831 277 1859 tius
292 1831 502 1859 monasterium
519 1839 607 1867 quem
636 1831 747 1867 plateas
776 1831 958 1867 relinquunt.
990 1831 1048 1859 Hos

219 1875 359 1903 simulare
374 1875 564 1903 solitudinem
582 1884 641 1903 non
657 1876 818 1912 oportebat,
834 1876 884 1904 sed
913 1884 1045 1911 perseve-

219 1921 318 1947 ranter
348 1920 477 1955 quietam
507 1919 598 1948 vitam
623 1920 734 1957 jugiter
762 1921 880 1954 ducere,
896 1929 949 1948 nec
964 1923 1044 1949 tran-

220 1962 386 1999 quilitatem
408 1965 528 2001 ﬁngere,
558 1973 611 1992 nec
641 1974 675 1993 ex
703 1973 737 1993 ea
764 1973 853 1994 causa
878 1965 1046 2002 agitationis

219 2007 377 2044 plusquam
406 2010 519 2046 oportet
547 2010 687 2046 accipere,
714 2010 791 2046 quod
807 2011 972 2046 perjocum
987 2011 1046 2038 dic-

219 2054 283 2081 tum
299 2053 348 2082 sit.

219 2095 264 2133 λὰ,
294 2097 339 2124 καὶ
374 2098 412 2134 μὴ
444 2097 599 2136 σοφίζεσθαι
637 2098 686 2132 τήν
721 2098 905 2135 πνευματικήν
945 2097 1075 2136 ἡσυχίαν,

604 202 811 233 EUSTATHII
834 201 983 232 'l‘llESSA
990 200 1220 231 LONlCENSlS
1243 200 1270 230 M
1277 200 1537 230 ETROPOLlT/E

1867 201 1937 230 760

1099 266 1221 302 μνήματι
1262 264 1381 293 τάλαντα
1433 263 1596 301 ἕγκέκρυπτο
1637 264 1753 302 χρυσίου
1794 264 1935 293 πολλοῦ.

1093 310 1228 346 Ὑμνεῖται
1252 309 1281 337 δὶ
1307 310 1353 336 καὶ
1382 307 1581 346 γλωσσόκομον
1611 309 1697 337 ἐκεῖνο
1722 310 1810 337 καλὸν
1845 310 1885 339 ὃν.
1910 310 1937 337 εἰ

1093 355 1138 382 καὶ
1154 355 1168 382 ὁ
1186 355 1324 392 βαστάζων
1353 354 1417 382 αὐτὸ
1446 353 1551 385 Ἰούδας
1581 354 1612 382 ού
1637 353 1722 386 καλὸς
1751 354 1798 389 ἦν.
1818 355 1933 391 Ἠγάπα

1095 399 1123 427 δὶ
1146 399 1190 427 καὶ
1215 401 1233 435 ὴ
1263 398 1433 434 ἀποστολικὴ
1461 399 1589 437 γερουσία
1611 399 1660 431 τὰς
1683 399 1728 427 ἐπὶ
1750 399 1933 436 ἔλεημοσῦνῃ

1095 444 1228 483 ἀρκούσας
1255 444 1422 483 προσφοράς.
1447 444 1660 482 Συγκεχώρηται
1692 445 1737 471 οὖν
1771 442 1816 471 διὰ
1846 447 1935 471 ταῦτα

1094 489 1138 517 καὶ
1172 490 1203 517 τὸ
1228 491 1351 517 τοιοῦτον
1376 488 1554 527 περίσσευμα,
1582 489 1652 516 καθὰ
1677 488 1723 516 καὶ
1752 488 1780 516 έν
1808 489 1899 526 ἱεροῖς
1916 489 1934 523 ἡ

1094 536 1149 562 τῶν
1167 534 1248 572 ἁγίων
1266 536 1367 561 σκευῶν
1392 533 1436 560 καὶ
1466 533 1570 562 λοιπῶν
1601 534 1724 569 κτήσεων
1751 534 1933 571 περιττότης.

1095 579 1219 610 Κόλποις
1247 577 1275 606 δὲ
1305 581 1468 616 μοναχικοῖς
1499 577 1574 609 ἰδίως
1602 577 1775 617 ἐμφωλεύειν
1793 578 1874 612 αὐτὰ,
1894 579 1933 608 ὡς

1094 624 1140 652 καὶ
1175 623 1321 651 νεοττεύειν
1347 624 1483 661 ἀκάθαρτα
1516 623 1562 651 καὶ
1599 625 1639 659 τῷ
1667 625 1728 659 Θεῷ
1756 623 1933 662 ἀπρόσφορα,

1094 669 1134 700 τίς
1162 668 1191 696 ἂν
1220 668 1456 707 γνωματεύσειεν;
1491 668 1605 699 ὁποίους
1649 666 1774 699 κόλπους
1807 667 1835 695 ἐν
1872 671 1931 698 τοῖς

1095 714 1154 741 καθ’
1183 715 1257 750 ἡμᾶς
1283 714 1401 751 ὁρῶμεν,
1423 713 1477 740 ἀπὸ
1505 715 1607 751 χειρῶν
1635 712 1806 750 κληρώσεως
1833 712 1860 740 ἐν
1892 719 1935 745 θι-

1097 760 1188 797 ρισμῷ
1216 757 1260 785 καὶ
1289 756 1428 796 συλλογῆς
1467 756 1631 796 δραγμάτων
1661 759 1830 794 (Δαυϊτικῶς
1864 759 1933 797 φρέ-

1095 805 1151 840 σαι)
1178 802 1391 840 ἐξογκουμένους
1419 802 1458 834 εἷς
1501 802 1686 840 ὑπέρμετρον,
1717 803 1763 831 καὶ
1792 805 1880 830 ταῦτα
1908 803 1931 830 ἄν

1097 846 1206 886 ἀνδράσι
1222 849 1320 885 μικροῦ
1333 844 1552 884 ἠμιωϐολιαίοις
1559 869 1565 877 .

1133 891 1188 927 λη’.
1204 893 1238 919 Ἥ
1262 893 1312 930 γὰρ
1343 891 1392 919 οὐκ
1423 891 1536 928 οἷ’δαμεν
1562 890 1673 930 ἄνδρας,
1689 891 1753 923 τοὺς
1783 892 1834 927 μὶν
1861 893 1932 919 ἰπὶ-ι

1099 936 1258 976 ὑφαίνοντας
1286 935 1384 974 ὀλίγου
1412 937 1581 973 τιμώμενον,
1612 936 1656 964 καὶ
1689 937 1770 975 μόγις
1799 936 1838 964 δι’
1863 938 1930 972 ἡμέ-

1100 991 1147 1020 ρας
1175 981 1396 1020 ἀποφερομένους
1425 979 1521 1018 κέρδος
1556 983 1604 1008 τοῦ
1632 981 1757 1018 καμάτου
1788 982 1932 1018 νούμμους

1100 1026 1310 1063 εὐαριθμήτους,
1332 1025 1395 1056 τοὺς
1423 1024 1452 1053 δὲ
1478 1026 1573 1062 ἱμάτια
1600 1025 1758 1064 βάπτοντας,
1777 1026 1797 1060 ἢ
1828 1025 1931 1064 χαλκὸν

1099 1072 1340 1107 κατακροτοῦντας,
1378 1070 1396 1104 ἢ
1437 1070 1536 1105 σκηνὰς
1573 1070 1783 1108 καταρτύοντας,
1826 1071 1932 1108 ἑτέρους

1100 1114 1129 1143 δε
1171 1117 1374 1153 σκευωροῖητας
1414 1118 1529 1142 παντοῖα
1569 1113 1698 1153 δέρματα,
1741 1116 1789 1143 καὶ
1832 1115 1932 1146 ἄλλους

1101 1159 1254 1198 ὀχλοῦντας
1283 1160 1333 1194 τὴν
1364 1158 1497 1192 θάλασσαν
1527 1159 1570 1187 ἐπὶ
1599 1159 1749 1198 ὀλιγίστοις
1780 1160 1930 1199 ἂλφίτοιςε

1099 1204 1223 1236 πολλοὺς
1252 1203 1281 1232 δὶ
1309 1204 1354 1231 καὶ
1383 1203 1548 1242 αὐτόχρημα
1578 1204 1701 1240 έπαίτας,
1729 1205 1774 1232 καὶ
1807 1204 1846 1232 δι’
1872 1205 1932 1232 αὺτό

1100 1249 1287 1287 κακούργους;
1303 1250 1352 1280 Οἷς
1379 1250 1619 1287 προσενθυμητέον
1645 1249 1690 1277 καὶ
1717 1249 1782 1280 τοὺς
1806 1249 1834 1286 ἐξ
1862 1250 1930 1287 ἱερο-

1100 1293 1194 1325 συλίας
1209 1294 1253 1321 καὶ
1278 1293 1380 1328 λοιπῆς
1393 1293 1545 1329 κλεπτικῆς
1568 1295 1620 1329 τήν
1646 1294 1694 1330 μὶν
1720 1294 1806 1322 πόλιν
1834 1295 1931 1329 ταύτην

1101 1339 1302 1375 ἀπειπαμένους
1323 1339 1360 1369 ὡς
1385 1337 1525 1376 δύσεργον,
1543 1337 1658 1376 ἄραντας
1684 1337 1712 1366 δὶ
1736 1338 1804 1371 τοὺς
1829 1339 1933 1376 ὀφθαλ-

1103 1383 1170 1420 μοὺς
1199 1383 1237 1415 είς
1257 1381 1322 1421 ὅρος
1350 1385 1430 1411 τοῦτο
1457 1383 1501 1410 καὶ
1531 1382 1616 1411 ὶκεῖνο
1642 1384 1687 1411 καὶ
1713 1382 1784 1411 ἄλλο
1816 1384 1850 1410 τὰ
1876 1385 1931 1421 περὶ

1101 1429 1186 1465 ἡμᾶς,
1211 1427 1274 1460 ἔνθα
1304 1427 1389 1456 πάλαι
1414 1428 1460 1464 μὲν
1491 1426 1640 1464 ἑνέλαμπεν
1664 1429 1681 1462 ἡ
1705 1427 1788 1465 ἀριτὴ
1818 1428 1866 1455 καὶ
1905 1428 1932 1455 τὸ

1101 1472 1202 1505 ἐκεῖθεν
1225 1473 1328 1509 τίμιον,
1345 1475 1391 1499 νῦν
1417 1471 1445 1499 δὲ
1467 1473 1501 1500 τὰ
1523 1470 1643 1509 ἔμπαλιν
1657 1482 1663 1489 ·
1680 1472 1724 1500 καὶ
1756 1473 1808 1507 τὴν
1836 1472 1932 1504 ἐκεῖθεν

1104 1518 1232 1556 βοήθειαν
1271 1517 1568 1555 πραγματευσαμένους
1604 1517 1637 1545 τά
1674 1527 1705 1554 γε
1739 1517 1778 1548 εἷς
1821 1516 1931 1552 δόκησιν

1103 1563 1146 1590 Eni
1177 1562 1298 1600 σωτηρίᾳ
1327 1564 1420 1600 ψυχῆς
1449 1562 1494 1590 καὶ
1519 1561 1669 1600 ἀπαλλαγῇ
1697 1561 1760 1593 τοὺς
1793 1563 1843 1598 μὲν
1885 1573 1930 1598 μα·

1102 1607 1180 1634 ταίου
1197 1607 1268 1645 βίου,
1284 1607 1348 1638 τοὺς
1365 1606 1393 1634 δὶ
1421 1607 1466 1635 καὶ
1496 1606 1663 1646 ἐφαμάρτου,
1677 1607 1722 1634 καὶ
1748 1609 1797 1634 νῦν
1827 1607 1931 1640 πεπλη-

1103 1652 1217 1689 σμένους
1245 1653 1293 1683 τὰς
1322 1654 1428 1690 χεῖρας,
1451 1652 1490 1679 ὧν
1520 1651 1582 1679 οὔτε
1610 1651 1705 1689 ἐχρῆν,
1736 1650 1800 1679 οὔτε
1827 1653 1930 1690 πρέπει.

1102 1697 1159 1726 Οὐκ
1171 1695 1256 1734 ἐχρῆν
1275 1697 1333 1733 μὲν,
1351 1697 1392 1723 δτι
1423 1695 1483 1723 δέον
1512 1695 1578 1730 ἐστὶ,
1595 1695 1660 1727 τοὺς
1680 1696 1778 1734 πρώην
1810 1696 1929 1732 ἀκτημο-

1101 1743 1211 1772 νοῦντας
1239 1741 1277 1772 είς
1304 1740 1389 1768 πλέον
1420 1739 1480 1779 ἄρτι
1505 1741 1648 1772 τοιούτους
1675 1743 1754 1768 εἶναι’
1772 1741 1806 1768 οὐ
1836 1742 1928 1779 πρὲπιι

1102 1784 1140 1820 δὲ,
1163 1786 1203 1813 δτι
1233 1784 1278 1813 διὰ
1306 1786 1348 1822 τὸ,
1375 1786 1411 1817 ὡς
1437 1785 1546 1824 έῤῥὲθη,
1575 1786 1717 1823 πλήρωμα
1745 1789 1800 1814 τῶν
1833 1789 1929 1824 χειρῶν

1102 1831 1127 1857 οἱ
1154 1829 1235 1861 πόδες
1278 1831 1370 1862 αὐτοῖς
1412 1830 1452 1862 εἷς
1488 1830 1581 1858 κακίαν
1610 1830 1757 1869 τρέχοντες
1784 1834 1930 1859 πονοῦνται

1101 1875 1162 1913 περὶ
1192 1875 1224 1902 τὰ
1252 1875 1289 1912 μὴ
1317 1877 1359 1912 τῷ
1383 1878 1442 1912 Θεῷ
1464 1875 1540 1914 φίλα.
1559 1876 1728 1914 Συχνότερον
1756 1876 1809 1914 γὰρ
1837 1875 1929 1914 βλέπει

1100 1920 1212 1951 τούτους
1241 1921 1258 1954 ἡ
1291 1919 1388 1958 ἀγορὰ,
1414 1919 1484 1958 ἥπερ
1513 1920 1544 1948 τὸ
1573 1921 1797 1956 ἐκκλησιαστικὸν
1836 1921 1928 1958 ἄθροι-

1101 1975 1166 2001 σμιν
1183 1965 1208 1991 οἳ
1238 1965 1282 1992 καί
1310 1967 1406 1997 θᾶττον
1436 1965 1465 1992 ἂν
1496 1963 1680 2001 ἀπολέξωνται
1703 1966 1830 2003 μονάζειν
1861 1965 1927 2003 ἥπερ

1101 2009 1252 2047 ἀγοράζειν.
1280 2009 1328 2036 Καὶ
1371 2010 1424 2046 μὴν
1459 2008 1511 2037 ἔδει
1541 2009 1605 2041 τοὺς
1628 2010 1771 2042 τοιούτους
1799 2011 1840 2047 μή
1867 2010 1927 2047 ψεύ-

1102 2051 1191 2082 δεσθαι
1218 2054 1267 2088 τὴν
1299 2055 1394 2091 μονὴν,
1411 2053 1485 2082 ἀλλὰ
1514 2054 1643 2091 μένοντας
1659 2056 1772 2093 ἠρεμιῖν
1798 2055 1834 2083 τὰ
1861 2055 1928 2084 πολ-

1104 2097 1175 2135 μηδὶ
1211 2101 1299 2126 ποιεῖν
1337 2098 1430 2134 αὐτὴν,
1451 2100 1541 2138 ἀρχὴν
1569 2101 1618 2127 τοῦ
1650 2102 1793 2134 κινεῖσθαι,
1823 2101 1890 2137 παρ’
1916 2100 1928 2127 ὂ

218 2139 270 2176 δεῖ,
300 2141 326 2170 ἓν
369 2144 408 2178 τῷ
448 2142 623 2180 παρακούειν,
648 2143 765 2181 ἠρεμίαν
808 2145 985 2181 προηγεῖσθαι
1024 2142 1113 2178 πάσης
1154 2144 1298 2179 κινήσεως,
1325 2142 1372 2171 ’ἕνα
1410 2154 1436 2172 τι
1477 2143 1524 2171 καὶ
1560 2144 1628 2181 πρὸς
1660 2143 1812 2182 ἱλαρότητα
1847 2145 1927 2183 φθέγ-

218 2185 318 2222 ξωμαι.

252 2232 296 2260 39.
313 2234 428 2261 Manere
437 2233 542 2269 jussus
557 2241 599 2267 es,
616 2241 631 2260 ο
647 2232 799 2267 monacho,
826 2234 855 2260 et
880 2232 921 2260 sic
950 2232 1044 2268 philo-
1060 2233 1084 2266 1)

216 2277 346 2314 sophari,
372 2286 430 2306 non
453 2280 563 2313 tamen,
578 2286 658 2305 more
674 2277 944 2313 Peripateticorum,
961 2277 1003 2304 ire
1015 2279 1044 2304 et

217 2322 329 2357 redire;
347 2326 444 2359 partes
457 2323 510 2351 tibi
526 2323 697 2351 occiderunt
712 2322 741 2350 in
759 2322 906 2358 praeclaris
923 2330 929 2349 :
946 2330 1045 2350 mona-

217 2367 290 2395 chus
306 2368 400 2396 factus
415 2377 456 2402 es,
474 2368 532 2396 noli
550 2370 647 2396 autem
663 2367 817 2403 transfuga
838 2367 868 2394 in
897 2367 1043 2394 mundum

218 2412 324 2439 reverti
342 2416 370 2441 et
385 2412 551 2441 conversari
566 2413 595 2440 in
612 2412 733 2446 mundo,
759 2414 788 2439 et
816 2412 892 2439 inter
917 2420 966 2439 eos
994 2412 1044 2447 qui

218 2458 289 2484 sunt
316 2457 389 2493 ejus.
419 2459 477 2486 Cur
505 2466 573 2494 ergo
602 2457 708 2485 iterum
734 2457 887 2484 reverteris
902 2457 939 2484 ad
955 2457 1046 2484 eum?

218 2495 328 2529 Insitus
344 2510 374 2530 es
389 2503 440 2530 ubi
457 2503 540 2531 fuisti
555 2503 720 2537 ordinatus,
732 2502 760 2529 et
774 2501 894 2529 insertio
923 2503 975 2529 tua
1000 2503 1045 2530 est

218 2554 293 2582 opus
308 2546 430 2575 dexterae
446 2548 576 2583 Dei,cum
594 2547 750 2576 Psalmista
761 2546 784 2574 si
796 2545 975 2582 loquendum
987 2548 1042 2574 est.

217 2591 313 2621 Docus
329 2595 396 2621 tuus
412 2593 560 2628 solitudo;
575 2595 618 2628 tu,
634 2591 815 2625 monachus;
832 2592 910 2625 ﬁnis,
928 2591 967 2619 ibi
983 2600 1045 2627 per-

217 2646 345 2666 manere.
364 2639 437 2671 Quid
467 2647 536 2675 ergo
559 2639 606 2667 his
629 2637 747 2666 fastidio
772 2636 891 2670 habitis,
909 2639 936 2664 et
950 2636 1042 2672 teipso

216 2683 258 2710 sie
284 2683 441 2717 eradicato,
458 2683 640 2720 spiritualem
657 2681 823 2710 custodiam
838 2681 1000 2713 frustraris,
1015 2683 1044 2708 et

215 2728 294 2756 fallis
309 2729 467 2765 agricolam
484 2729 532 2756 cui
552 2728 680 2756 credilus
709 2726 760 2755 es?
790 2726 928 2760 Remane,
959 2725 1043 2754 mitte

215 2773 338 2808 radices,
363 2774 488 2802 ascende
504 2773 534 2800 in
551 2773 643 2800 altum
659 2772 752 2800 instar
766 2771 907 2807 cypressi,
923 2770 1001 2798 cedri
1015 2772 1044 2799 et

215 2816 287 2852 pini,
304 2826 368 2853 quae
379 2818 415 2847 ad
427 2826 543 2854 semper
551 2817 704 2846 vitandum
715 2818 786 2845 sunt
796 2815 919 2845 feliciter
929 2817 1041 2852 crestae,

252 2878 262 2894 ⁸
277 2879 354 2906 Psal.
371 2887 490 2914 cxxvm,
503 2881 530 2907 '7.

1137 2231 1185 2264 λθ’.
1203 2231 1297 2260 Μένειν
1324 2232 1450 2271 ἰτάχθης,
1472 2233 1495 2260 ὦ
1526 2233 1640 2271 μοναχὶ,
1667 2233 1713 2261 καὶ
1743 2232 1816 2261 οὕτω
1849 2233 1927 2273 φιλο-

1100 2278 1204 2314 σοφεῖν,
1236 2276 1266 2303 οὐ
1297 2277 1351 2313 μὴν
1380 2280 1601 2316 περιπατητικῶς
1626 2278 1848 2316 ἀναστρέφεσθαι.
1878 2280 1931 2306 Μό-

1099 2331 1179 2356 νιμος
1211 2320 1309 2359 ἔλαχες
1335 2322 1400 2349 εἶναι
1425 2322 1575 2361 θειότερον·
1603 2322 1634 2350 οὐ
1661 2324 1715 2359 μὴν
1748 2321 1924 2359 μεταϐατικὸς

1099 2366 1301 2404 κοσμικώτερον
1336 2366 1487 2403 ἀπανέστης
1514 2367 1558 2395 καὶ
1593 2368 1723 2405 μετέστης
1753 2368 1860 2405 κόσμου
1884 2367 1924 2395 καὶ

1098 2412 1151 2437 τῶν
1174 2410 1199 2437 ἐν
1229 2410 1311 2447 αὑτῷ.
1341 2411 1371 2438 Τί
1395 2414 1458 2449 γοῦν
1488 2412 1674 2450 παλίντροπος
1704 2413 1744 2445 εἲς
1769 2412 1852 2441 αὐτὸν
1879 2412 1924 2440 ἰπ-

1099 2454 1226 2492 ανέρχῃς
1257 2455 1466 2495 Ἐνεφυτεύθης,
1499 2456 1559 2489 ἔνθα
1585 2457 1710 2493 τέταξαι·
1741 2458 1784 2485 καὶ
1815 2459 1833 2492 ἡ
1863 2457 1925 2485 κατᾶ

1099 2499 1128 2526 σὲ
1156 2499 1222 2535 αὕτη
1254 2501 1347 2539 φυτεία
1378 2500 1465 2537 δεξιᾶς
1494 2504 1560 2530 Θεοῦ
1593 2501 1681 2540 ἔργον,
1711 2501 1860 2540 ψαλμικῶς
1889 2502 1923 2530 εἳ-

1098 2547 1167 2572 πεῖν·
1198 2544 1243 2572 καὶ
1274 2545 1288 2572 ὀ
1317 2545 1401 2577 τόπος
1433 2548 1518 2584 μονή·
1545 2546 1590 2574 καὶ
1621 2547 1652 2574 σὺ
1679 2547 1812 2584 μοναχός·
1843 2547 1922 2575 καἰὸ

1098 2590 1199 2621 σκοπὸς
1224 2591 1388 2628 παραμένειν
1419 2591 1484 2619 ἐκεῖ.
1513 2591 1544 2620 Τί
1573 2593 1618 2619 οὖν
1653 2593 1756 2620 τούτων
1796 2603 1926 2629 κατεγνω»

1097 2635 1163 2669 κὼς,
1192 2635 1237 2662 καὶ
1278 2634 1363 2667 οὕτως
1401 2635 1523 2664 ἐκκοπῶν
1561 2637 1682 2671 σεαυτὸν,
1713 2637 1838 2674 ἆχριιοῖς
1874 2638 1921 2671 τὴν

1098 2680 1283 2716 πνευματικὴν
1309 2679 1455 2720 φυλακίαν,
1480 2681 1524 2709 καὶ
1558 2681 1643 2719 ψιύδῃ
1673 2682 1718 2710 τὸν
1744 2682 1879 2719 γεωργὸν,
1903 2682 1923 2717 ᾧ

1097 2724 1293 2760 πεπίστευσαις
1324 2726 1470 2761 Ῥιζώθητι
1512 2726 1613 2763 μείνας,
1641 2726 1686 2754 καὶ
1727 2723 1853 2753 ὀνάϐαινε
1887 2726 1922 2757 εἰς

1097 2769 1164 2807 ὕψος
1190 2769 1358 2807 κυπαρίσσου
1383 2769 1461 2806 δίκην
1482 2771 1527 2799 καὶ
1543 2770 1640 2809 κέρδου
1667 2770 1713 2799 καὶ
1737 2770 1854 2806 πεύκης,
1871 2772 1921 2797 τῶν

1097 2815 1215 2853 εὐγενῶς
1245 2813 1390 2850 ἆιιθαλῶν,
1415 2815 1460 2843 καὶ
1494 2813 1533 2844 ἔτι
1561 2816 1631 2844 κατὰ
1656 2815 1691 2845 τὰ
1718 2813 1836 2855 φιλικῶς
1863 2815 1922 2852 κάρ·
