  <div class='ocr_page' id='page_1' title='image "/cluster/home/n/w/nwhite01/storage/ocr_20150623/135/njp.32101077773107/396.png"; bbox 0 0 2002 3158; ppageno 0'>
   <div class='ocr_carea' id='block_1_1' title="bbox 110 199 167 228">
    <p class='ocr_par' dir='ltr' id='par_1_1' title="bbox 110 199 167 228">
     <span class='ocr_line' id='line_1_1' title="bbox 110 199 167 228; baseline 0.018 -1"><span class='ocrx_word' id='word_1_1' title='bbox 110 199 167 228; x_wconf 77' lang='grc' dir='ltr'>ἽϐΙ</span> 
     </span>
    </p>
   </div>
   <div class='ocr_carea' id='block_1_2' title="bbox 622 198 1318 230">
    <p class='ocr_par' dir='ltr' id='par_1_2' title="bbox 622 198 1318 230">
     <span class='ocr_line' id='line_1_2' title="bbox 622 198 1318 230; baseline -0.001 -1"><span class='ocrx_word' id='word_1_2' title='bbox 622 200 673 229; x_wconf 86' lang='lat' dir='ltr'>DE</span> <span class='ocrx_word' id='word_1_3' title='bbox 698 199 940 229; x_wconf 82' lang='lat' dir='ltr'>EMENDANDA</span> <span class='ocrx_word' id='word_1_4' title='bbox 964 198 1058 230; x_wconf 81' lang='lat' dir='ltr'>VITA</span> <span class='ocrx_word' id='word_1_5' title='bbox 1082 198 1318 230; x_wconf 78' lang='lat' dir='ltr'>MONAGHICA.</span> 
     </span>
    </p>
   </div>
   <div class='ocr_carea' id='block_1_3' title="bbox 1758 201 1820 231">
    <p class='ocr_par' dir='ltr' id='par_1_3' title="bbox 1758 201 1820 231">
     <span class='ocr_line' id='line_1_3' title="bbox 1758 201 1820 231; baseline 0 -1"><span class='ocrx_word' id='word_1_6' title='bbox 1758 201 1820 231; x_wconf 79' lang='grc'>762</span> 
     </span>
    </p>
   </div>
   <div class='ocr_carea' id='block_1_4' title="bbox 111 252 942 304">
    <p class='ocr_par' dir='ltr' id='par_1_4' title="bbox 111 263 942 303">
     <span class='ocr_line' id='line_1_4' title="bbox 111 263 942 303; baseline -0.001 -10"><span class='ocrx_word' id='word_1_7' title='bbox 111 274 198 302; x_wconf 84' lang='grc' dir='ltr'>πιμα·</span> <span class='ocrx_word' id='word_1_8' title='bbox 220 265 258 297; x_wconf 86' lang='grc' dir='ltr'>ὡς</span> <span class='ocrx_word' id='word_1_9' title='bbox 273 263 302 292; x_wconf 65' lang='grc' dir='ltr'>ἂι</span> <span class='ocrx_word' id='word_1_10' title='bbox 319 263 390 292; x_wconf 71' lang='grc' dir='ltr'>οὕτω</span> <span class='ocrx_word' id='word_1_11' title='bbox 416 266 459 292; x_wconf 75' lang='grc' dir='ltr'>καὶ</span> <span class='ocrx_word' id='word_1_12' title='bbox 477 264 551 303; x_wconf 79' lang='grc' dir='ltr'>ῥίζας</span> <span class='ocrx_word' id='word_1_13' title='bbox 581 265 725 303; x_wconf 77' lang='grc' dir='ltr'>ἀπλώσῃς,</span> <span class='ocrx_word' id='word_1_14' title='bbox 752 265 785 292; x_wconf 83' lang='grc' dir='ltr'>δι’</span> <span class='ocrx_word' id='word_1_15' title='bbox 811 266 846 292; x_wconf 83' lang='grc' dir='ltr'>ὢν</span> <span class='ocrx_word' id='word_1_16' title='bbox 871 264 942 293; x_wconf 76' lang='grc' dir='ltr'>ἔσται</span> 
     </span>
    </p>
   </div>
   <div class='ocr_carea' id='block_1_5' title="bbox 999 252 1820 304">
    <p class='ocr_par' dir='ltr' id='par_1_5' title="bbox 1001 252 1820 304">
     <span class='ocr_line' id='line_1_5' title="bbox 1001 252 1820 304; baseline 0.002 -10"><span class='ocrx_word' id='word_1_17' title='bbox 1001 267 1030 294; x_wconf 86' lang='lat' dir='ltr'>et</span> <span class='ocrx_word' id='word_1_18' title='bbox 1057 266 1146 294; x_wconf 86' lang='lat' dir='ltr'>etiam</span> <span class='ocrx_word' id='word_1_19' title='bbox 1176 252 1269 295; x_wconf 76' lang='lat' dir='ltr'>instar</span> <span class='ocrx_word' id='word_1_20' title='bbox 1297 267 1434 295; x_wconf 82' lang='lat' dir='ltr'>arborum</span> <span class='ocrx_word' id='word_1_21' title='bbox 1464 270 1580 304; x_wconf 84' lang='lat' dir='ltr'>propter</span> <span class='ocrx_word' id='word_1_22' title='bbox 1610 268 1721 296; x_wconf 83' lang='lat' dir='ltr'>fructus</span> <span class='ocrx_word' id='word_1_23' title='bbox 1750 276 1820 296; x_wconf 84' lang='lat' dir='ltr'>suos</span> 
     </span>
    </p>
   </div>
   <div class='ocr_carea' id='block_1_6' title="bbox 113 308 941 349">
    <p class='ocr_par' dir='ltr' id='par_1_6' title="bbox 113 308 941 349">
     <span class='ocr_line' id='line_1_6' title="bbox 113 308 941 349; baseline 0 -11"><span class='ocrx_word' id='word_1_24' title='bbox 113 322 156 338; x_wconf 83' lang='grc' dir='ltr'>σοι</span> <span class='ocrx_word' id='word_1_25' title='bbox 172 311 205 338; x_wconf 85' lang='grc' dir='ltr'>τὸ</span> <span class='ocrx_word' id='word_1_26' title='bbox 236 309 319 341; x_wconf 75' lang='grc' dir='ltr'>θάλος</span> <span class='ocrx_word' id='word_1_27' title='bbox 351 308 484 345; x_wconf 77' lang='grc' dir='ltr'>διηνεκὲς,</span> <span class='ocrx_word' id='word_1_28' title='bbox 505 310 549 338; x_wconf 82' lang='grc' dir='ltr'>καὶ</span> <span class='ocrx_word' id='word_1_29' title='bbox 575 310 613 341; x_wconf 75' lang='grc' dir='ltr'>εἰς</span> <span class='ocrx_word' id='word_1_30' title='bbox 627 309 746 348; x_wconf 73' lang='grc' dir='ltr'>πρέμνον</span> <span class='ocrx_word' id='word_1_31' title='bbox 765 309 910 349; x_wconf 78' lang='grc' dir='ltr'>άδρυνθῇς’</span> <span class='ocrx_word' id='word_1_32' title='bbox 927 311 941 337; x_wconf 77' lang='grc' dir='ltr'>ὅ</span> 
     </span>
    </p>
   </div>
   <div class='ocr_carea' id='block_1_7' title="bbox 112 353 943 394">
    <p class='ocr_par' dir='ltr' id='par_1_7' title="bbox 112 353 943 394">
     <span class='ocr_line' id='line_1_7' title="bbox 112 353 943 394; baseline 0.001 -12"><span class='ocrx_word' id='word_1_33' title='bbox 112 355 159 383; x_wconf 75' lang='grc' dir='ltr'>καί</span> <span class='ocrx_word' id='word_1_34' title='bbox 196 353 374 394; x_wconf 80' lang='grc' dir='ltr'>παραφυάδας</span> <span class='ocrx_word' id='word_1_35' title='bbox 411 355 518 394; x_wconf 79' lang='grc' dir='ltr'>εὐφυεῖς</span> <span class='ocrx_word' id='word_1_36' title='bbox 554 354 742 392; x_wconf 69' lang='grc' dir='ltr'>ἀναθηλήσει,</span> <span class='ocrx_word' id='word_1_37' title='bbox 783 355 943 394; x_wconf 75' lang='grc' dir='ltr'>ἀνθρώπους</span> 
     </span>
    </p>
   </div>
   <div class='ocr_carea' id='block_1_8' title="bbox 115 399 942 438">
    <p class='ocr_par' dir='ltr' id='par_1_8' title="bbox 115 399 942 438">
     <span class='ocr_line' id='line_1_8' title="bbox 115 399 942 438; baseline 0.001 -11"><span class='ocrx_word' id='word_1_38' title='bbox 115 399 226 436; x_wconf 81' lang='grc' dir='ltr'>δηλαδή</span> <span class='ocrx_word' id='word_1_39' title='bbox 241 401 292 434; x_wconf 81' lang='grc' dir='ltr'>τήν</span> <span class='ocrx_word' id='word_1_40' title='bbox 318 400 367 435; x_wconf 74' lang='grc' dir='ltr'>σ-ὴν</span> <span class='ocrx_word' id='word_1_41' title='bbox 393 399 490 438; x_wconf 74' lang='grc' dir='ltr'>ἀρετὴν</span> <span class='ocrx_word' id='word_1_42' title='bbox 517 399 676 436; x_wconf 72' lang='grc' dir='ltr'>ζηλοῦντας,</span> <span class='ocrx_word' id='word_1_43' title='bbox 700 401 745 428; x_wconf 79' lang='grc' dir='ltr'>καὶ</span> <span class='ocrx_word' id='word_1_44' title='bbox 770 399 841 428; x_wconf 68' lang='grc' dir='ltr'>οὕτῶ</span> <span class='ocrx_word' id='word_1_45' title='bbox 867 400 942 438; x_wconf 77' lang='grc' dir='ltr'>στεῤ-</span> 
     </span>
    </p>
   </div>
   <div class='ocr_carea' id='block_1_9' title="bbox 115 443 943 484">
    <p class='ocr_par' dir='ltr' id='par_1_9' title="bbox 115 443 943 484">
     <span class='ocr_line' id='line_1_9' title="bbox 115 443 943 484; baseline 0 -12"><span class='ocrx_word' id='word_1_46' title='bbox 115 445 172 483; x_wconf 75' lang='grc' dir='ltr'>ρὦ</span> <span class='ocrx_word' id='word_1_47' title='bbox 201 445 431 484; x_wconf 82' lang='grc' dir='ltr'>παραπεφυκότας</span> <span class='ocrx_word' id='word_1_48' title='bbox 455 455 509 481; x_wconf 78' lang='grc' dir='ltr'>σοι,</span> <span class='ocrx_word' id='word_1_49' title='bbox 535 445 580 472; x_wconf 86' lang='grc' dir='ltr'>καὶ</span> <span class='ocrx_word' id='word_1_50' title='bbox 607 443 725 483; x_wconf 73' lang='grc' dir='ltr'>στελέχη</span> <span class='ocrx_word' id='word_1_51' title='bbox 748 445 871 473; x_wconf 84' lang='grc' dir='ltr'>ἀνατελεῖ</span> <span class='ocrx_word' id='word_1_52' title='bbox 898 445 943 472; x_wconf 82' lang='grc' dir='ltr'>καὶ</span> 
     </span>
    </p>
   </div>
   <div class='ocr_carea' id='block_1_10' title="bbox 113 488 942 527">
    <p class='ocr_par' dir='ltr' id='par_1_10' title="bbox 113 488 942 527">
     <span class='ocr_line' id='line_1_10' title="bbox 113 488 942 527; baseline 0 -10"><span class='ocrx_word' id='word_1_53' title='bbox 113 489 235 521; x_wconf 74' lang='grc' dir='ltr'>κλάδους</span> <span class='ocrx_word' id='word_1_54' title='bbox 251 489 295 517; x_wconf 86' lang='grc' dir='ltr'>καὶ</span> <span class='ocrx_word' id='word_1_55' title='bbox 324 488 458 526; x_wconf 68' lang='grc' dir='ltr'>ὄρπηκας·</span> <span class='ocrx_word' id='word_1_56' title='bbox 489 490 534 517; x_wconf 83' lang='grc' dir='ltr'>καὶ</span> <span class='ocrx_word' id='word_1_57' title='bbox 559 489 656 521; x_wconf 68' lang='grc' dir='ltr'>αὐτοὺς</span> <span class='ocrx_word' id='word_1_58' title='bbox 681 490 748 521; x_wconf 75' lang='grc' dir='ltr'>τὲως</span> <span class='ocrx_word' id='word_1_59' title='bbox 776 491 823 527; x_wconf 75' lang='grc' dir='ltr'>μὶν</span> <span class='ocrx_word' id='word_1_60' title='bbox 854 490 942 517; x_wconf 77' lang='grc' dir='ltr'>ἄνθεσι</span> 
     </span>
    </p>
   </div>
   <div class='ocr_carea' id='block_1_11' title="bbox 115 533 944 573">
    <p class='ocr_par' dir='ltr' id='par_1_11' title="bbox 115 533 944 573">
     <span class='ocr_line' id='line_1_11' title="bbox 115 533 944 573; baseline 0.001 -12"><span class='ocrx_word' id='word_1_61' title='bbox 115 534 251 572; x_wconf 70' lang='grc' dir='ltr'>βρύοντας</span> <span class='ocrx_word' id='word_1_62' title='bbox 266 537 325 566; x_wconf 83' lang='grc' dir='ltr'>τοῖς</span> <span class='ocrx_word' id='word_1_63' title='bbox 339 536 387 562; x_wconf 78' lang='grc' dir='ltr'>τοῦ</span> <span class='ocrx_word' id='word_1_64' title='bbox 415 536 521 572; x_wconf 78' lang='grc' dir='ltr'>καρποῦ</span> <span class='ocrx_word' id='word_1_65' title='bbox 542 533 722 573; x_wconf 79' lang='grc' dir='ltr'>προδρόμοις,</span> <span class='ocrx_word' id='word_1_66' title='bbox 748 534 774 562; x_wconf 81' lang='grc' dir='ltr'>ἐν</span> <span class='ocrx_word' id='word_1_67' title='bbox 800 534 829 562; x_wconf 70' lang='grc' dir='ltr'>δὲ</span> <span class='ocrx_word' id='word_1_68' title='bbox 857 537 944 572; x_wconf 83' lang='grc' dir='ltr'>καιρῷ</span> 
     </span>
    </p>
   </div>
   <div class='ocr_carea' id='block_1_12' title="bbox 111 579 943 619">
    <p class='ocr_par' dir='ltr' id='par_1_12' title="bbox 111 579 943 619">
     <span class='ocr_line' id='line_1_12' title="bbox 111 579 943 619; baseline 0.001 -13"><span class='ocrx_word' id='word_1_69' title='bbox 111 581 356 617; x_wconf 71' lang='grc' dir='ltr'>καρπογονοῦντας</span> <span class='ocrx_word' id='word_1_70' title='bbox 381 580 414 607; x_wconf 77' lang='grc' dir='ltr'>τὰ</span> <span class='ocrx_word' id='word_1_71' title='bbox 447 581 572 617; x_wconf 81' lang='grc' dir='ltr'>ψυχικῶς</span> <span class='ocrx_word' id='word_1_72' title='bbox 595 580 726 619; x_wconf 74' lang='grc' dir='ltr'>τρόφιμα⁸</span> <span class='ocrx_word' id='word_1_73' title='bbox 755 580 791 607; x_wconf 83' lang='grc' dir='ltr'>ὧν</span> <span class='ocrx_word' id='word_1_74' title='bbox 817 579 850 615; x_wconf 79' lang='grc' dir='ltr'>δὴ</span> <span class='ocrx_word' id='word_1_75' title='bbox 877 579 943 607; x_wconf 84' lang='grc' dir='ltr'>πάν-</span> 
     </span>
    </p>
   </div>
   <div class='ocr_carea' id='block_1_13' title="bbox 111 623 944 663">
    <p class='ocr_par' dir='ltr' id='par_1_13' title="bbox 111 623 944 663">
     <span class='ocr_line' id='line_1_13' title="bbox 111 623 944 663; baseline 0.001 -12"><span class='ocrx_word' id='word_1_76' title='bbox 111 634 166 651; x_wconf 86' lang='grc' dir='ltr'>των</span> <span class='ocrx_word' id='word_1_77' title='bbox 199 623 342 660; x_wconf 63' lang='grc' dir='ltr'>ἐστέρηται</span> <span class='ocrx_word' id='word_1_78' title='bbox 370 624 404 652; x_wconf 79' lang='grc' dir='ltr'>τὰ</span> <span class='ocrx_word' id='word_1_79' title='bbox 433 625 502 660; x_wconf 83' lang='grc' dir='ltr'>μήτε</span> <span class='ocrx_word' id='word_1_80' title='bbox 534 625 640 662; x_wconf 79' lang='grc' dir='ltr'>παγίως</span> <span class='ocrx_word' id='word_1_81' title='bbox 667 625 705 656; x_wconf 84' lang='grc' dir='ltr'>είς</span> <span class='ocrx_word' id='word_1_82' title='bbox 733 624 815 662; x_wconf 81' lang='grc' dir='ltr'>βάθος</span> <span class='ocrx_word' id='word_1_83' title='bbox 853 624 944 663; x_wconf 81' lang='grc' dir='ltr'>ῥιζού-</span> 
     </span>
    </p>
   </div>
   <div class='ocr_carea' id='block_1_14' title="bbox 115 667 945 708">
    <p class='ocr_par' dir='ltr' id='par_1_14' title="bbox 115 667 945 708">
     <span class='ocr_line' id='line_1_14' title="bbox 115 667 945 708; baseline 0.002 -12"><span class='ocrx_word' id='word_1_84' title='bbox 115 679 203 706; x_wconf 81' lang='grc' dir='ltr'>μενα,</span> <span class='ocrx_word' id='word_1_85' title='bbox 243 670 313 705; x_wconf 72' lang='grc' dir='ltr'>μήτε</span> <span class='ocrx_word' id='word_1_86' title='bbox 349 669 386 700; x_wconf 79' lang='grc' dir='ltr'>εἰς</span> <span class='ocrx_word' id='word_1_87' title='bbox 421 667 489 706; x_wconf 70' lang='grc' dir='ltr'>ὕψος</span> <span class='ocrx_word' id='word_1_88' title='bbox 524 667 710 706; x_wconf 73' lang='grc' dir='ltr'>ἀναϐαίνοντα,</span> <span class='ocrx_word' id='word_1_89' title='bbox 741 670 945 708; x_wconf 77' lang='grc' dir='ltr'>προστετηκότα</span> 
     </span>
    </p>
   </div>
   <div class='ocr_carea' id='block_1_15' title="bbox 115 711 942 754">
    <p class='ocr_par' dir='ltr' id='par_1_15' title="bbox 115 711 942 754">
     <span class='ocr_line' id='line_1_15' title="bbox 115 711 942 754; baseline 0.002 -14"><span class='ocrx_word' id='word_1_90' title='bbox 115 713 144 740; x_wconf 74' lang='grc' dir='ltr'>δὲ</span> <span class='ocrx_word' id='word_1_91' title='bbox 173 715 209 750; x_wconf 79' lang='grc' dir='ltr'>τῇ</span> <span class='ocrx_word' id='word_1_92' title='bbox 238 713 306 741; x_wconf 76' lang='grc' dir='ltr'>κατὰ</span> <span class='ocrx_word' id='word_1_93' title='bbox 333 715 384 750; x_wconf 83' lang='grc' dir='ltr'>γῆν</span> <span class='ocrx_word' id='word_1_94' title='bbox 414 711 500 752; x_wconf 79' lang='grc' dir='ltr'>ἕρψει.</span> <span class='ocrx_word' id='word_1_95' title='bbox 527 715 573 742; x_wconf 87' lang='grc' dir='ltr'>Ὧν</span> <span class='ocrx_word' id='word_1_96' title='bbox 606 714 741 754; x_wconf 69' lang='grc' dir='ltr'>ἐκφεύγων</span> <span class='ocrx_word' id='word_1_97' title='bbox 771 715 816 742; x_wconf 89' lang='grc' dir='ltr'>τὸν</span> <span class='ocrx_word' id='word_1_98' title='bbox 848 714 942 749; x_wconf 82' lang='grc' dir='ltr'>ζῆλον,</span> 
     </span>
    </p>
   </div>
   <div class='ocr_carea' id='block_1_16' title="bbox 115 756 945 798">
    <p class='ocr_par' dir='ltr' id='par_1_16' title="bbox 115 756 945 798">
     <span class='ocr_line' id='line_1_16' title="bbox 115 756 945 798; baseline 0.002 -13"><span class='ocrx_word' id='word_1_99' title='bbox 115 759 137 785; x_wconf 83' lang='grc' dir='ltr'>ὦ</span> <span class='ocrx_word' id='word_1_100' title='bbox 154 757 272 795; x_wconf 71' lang='grc' dir='ltr'>μοναχὲ,</span> <span class='ocrx_word' id='word_1_101' title='bbox 291 756 361 794; x_wconf 61' lang='grc' dir='ltr'>μηδὲ</span> <span class='ocrx_word' id='word_1_102' title='bbox 378 758 408 785; x_wconf 78' lang='grc' dir='ltr'>σὺ</span> <span class='ocrx_word' id='word_1_103' title='bbox 434 756 507 794; x_wconf 74' lang='grc' dir='ltr'>ἕρπε,</span> <span class='ocrx_word' id='word_1_104' title='bbox 525 758 588 786; x_wconf 86' lang='grc' dir='ltr'>ὡσεὶ</span> <span class='ocrx_word' id='word_1_105' title='bbox 604 759 649 786; x_wconf 85' lang='grc' dir='ltr'>καὶ</span> <span class='ocrx_word' id='word_1_106' title='bbox 677 757 806 797; x_wconf 77' lang='grc' dir='ltr'>τρίϐολος</span> <span class='ocrx_word' id='word_1_107' title='bbox 821 760 945 798; x_wconf 80' lang='grc' dir='ltr'>ἀχρειοῦ-</span> 
     </span>
    </p>
   </div>
   <div class='ocr_carea' id='block_1_17' title="bbox 115 803 944 842">
    <p class='ocr_par' dir='ltr' id='par_1_17' title="bbox 115 803 944 842">
     <span class='ocr_line' id='line_1_17' title="bbox 115 803 944 842; baseline 0.001 -12"><span class='ocrx_word' id='word_1_108' title='bbox 115 813 149 830; x_wconf 90' lang='grc' dir='ltr'>σα</span> <span class='ocrx_word' id='word_1_109' title='bbox 176 803 208 830; x_wconf 83' lang='grc' dir='ltr'>τὸ</span> <span class='ocrx_word' id='word_1_110' title='bbox 239 805 310 834; x_wconf 78' lang='grc' dir='ltr'>θεῖον</span> <span class='ocrx_word' id='word_1_111' title='bbox 337 803 484 840; x_wconf 84' lang='grc' dir='ltr'>κήπιυμα,</span> <span class='ocrx_word' id='word_1_112' title='bbox 516 805 612 840; x_wconf 80' lang='grc' dir='ltr'>μενοῦν</span> <span class='ocrx_word' id='word_1_113' title='bbox 641 814 671 842; x_wconf 88' lang='grc' dir='ltr'>γε</span> <span class='ocrx_word' id='word_1_114' title='bbox 701 803 771 840; x_wconf 77' lang='grc' dir='ltr'>μηδὶ</span> <span class='ocrx_word' id='word_1_115' title='bbox 800 804 867 832; x_wconf 83' lang='grc' dir='ltr'>κατᾶ</span> <span class='ocrx_word' id='word_1_116' title='bbox 894 805 944 839; x_wconf 80' lang='grc' dir='ltr'>τὴν</span> 
     </span>
    </p>
   </div>
   <div class='ocr_carea' id='block_1_18' title="bbox 114 847 945 886">
    <p class='ocr_par' dir='ltr' id='par_1_18' title="bbox 114 847 945 886">
     <span class='ocr_line' id='line_1_18' title="bbox 114 847 945 886; baseline 0.002 -12"><span class='ocrx_word' id='word_1_117' title='bbox 114 847 266 885; x_wconf 74' lang='grc' dir='ltr'>κάππαριν,</span> <span class='ocrx_word' id='word_1_118' title='bbox 296 848 330 882; x_wconf 78' lang='grc' dir='ltr'>ἦς</span> <span class='ocrx_word' id='word_1_119' title='bbox 360 847 382 875; x_wconf 73' lang='lat' dir='ltr'>si</span> <span class='ocrx_word' id='word_1_120' title='bbox 411 848 454 875; x_wconf 81' lang='grc' dir='ltr'>καὶ</span> <span class='ocrx_word' id='word_1_121' title='bbox 485 847 603 886; x_wconf 69' lang='grc' dir='ltr'>χρηστοὶ</span> <span class='ocrx_word' id='word_1_122' title='bbox 629 848 697 886; x_wconf 85' lang='grc' dir='ltr'>πρὸς</span> <span class='ocrx_word' id='word_1_123' title='bbox 728 849 826 886; x_wconf 81' lang='grc' dir='ltr'>βρῶσιν</span> <span class='ocrx_word' id='word_1_124' title='bbox 858 850 883 876; x_wconf 72' lang='grc' dir='ltr'>οἱ</span> <span class='ocrx_word' id='word_1_125' title='bbox 897 849 945 876; x_wconf 84' lang='grc' dir='ltr'>κό-</span> 
     </span>
    </p>
   </div>
   <div class='ocr_carea' id='block_1_19' title="bbox 115 889 944 930">
    <p class='ocr_par' dir='ltr' id='par_1_19' title="bbox 115 889 944 930">
     <span class='ocr_line' id='line_1_19' title="bbox 115 889 944 930; baseline 0.002 -12"><span class='ocrx_word' id='word_1_126' title='bbox 115 889 231 928; x_wconf 75' lang='grc' dir='ltr'>ρυμϐοι,</span> <span class='ocrx_word' id='word_1_127' title='bbox 261 892 306 919; x_wconf 82' lang='grc' dir='ltr'>καί</span> <span class='ocrx_word' id='word_1_128' title='bbox 330 902 382 919; x_wconf 87' lang='grc' dir='ltr'>που</span> <span class='ocrx_word' id='word_1_129' title='bbox 399 892 443 920; x_wconf 83' lang='grc' dir='ltr'>καὶ</span> <span class='ocrx_word' id='word_1_130' title='bbox 458 893 491 919; x_wconf 86' lang='grc' dir='ltr'>τὰ</span> <span class='ocrx_word' id='word_1_131' title='bbox 520 891 599 930; x_wconf 69' lang='grc' dir='ltr'>ἄκρα,</span> <span class='ocrx_word' id='word_1_132' title='bbox 615 892 702 930; x_wconf 70' lang='grc' dir='ltr'>ὅμως,</span> <span class='ocrx_word' id='word_1_133' title='bbox 721 894 762 924; x_wconf 85' lang='grc' dir='ltr'>οἷς</span> <span class='ocrx_word' id='word_1_134' title='bbox 778 893 944 928; x_wconf 79' lang='grc' dir='ltr'>ήκάνθωται,</span> 
     </span>
    </p>
   </div>
   <div class='ocr_carea' id='block_1_20' title="bbox 114 934 944 974">
    <p class='ocr_par' dir='ltr' id='par_1_20' title="bbox 114 934 944 974">
     <span class='ocr_line' id='line_1_20' title="bbox 114 934 944 974; baseline 0.002 -11"><span class='ocrx_word' id='word_1_135' title='bbox 114 934 290 974; x_wconf 71' lang='grc' dir='ltr'>ἆπρόσὸατός</span> <span class='ocrx_word' id='word_1_136' title='bbox 307 936 362 964; x_wconf 78' lang='grc' dir='ltr'>ἐστι</span> <span class='ocrx_word' id='word_1_137' title='bbox 377 936 421 964; x_wconf 77' lang='grc' dir='ltr'>καί</span> <span class='ocrx_word' id='word_1_138' title='bbox 442 936 508 971; x_wconf 80' lang='grc' dir='ltr'>αὐτὴ</span> <span class='ocrx_word' id='word_1_139' title='bbox 538 940 596 968; x_wconf 84' lang='grc' dir='ltr'>τοῖς</span> <span class='ocrx_word' id='word_1_140' title='bbox 627 938 665 974; x_wconf 82' lang='grc' dir='ltr'>μὴ</span> <span class='ocrx_word' id='word_1_141' title='bbox 695 939 788 969; x_wconf 86' lang='grc' dir='ltr'>καΛῶς</span> <span class='ocrx_word' id='word_1_142' title='bbox 814 936 944 965; x_wconf 73' lang='grc' dir='ltr'>ὑποδεδε-</span> 
     </span>
    </p>
   </div>
   <div class='ocr_carea' id='block_1_21' title="bbox 117 981 945 1019">
    <p class='ocr_par' dir='ltr' id='par_1_21' title="bbox 117 981 945 1019">
     <span class='ocr_line' id='line_1_21' title="bbox 117 981 945 1019; baseline 0.002 -11"><span class='ocrx_word' id='word_1_143' title='bbox 117 981 209 1018; x_wconf 77' lang='grc' dir='ltr'>μένοις</span> <span class='ocrx_word' id='word_1_144' title='bbox 241 981 278 1013; x_wconf 76' lang='grc' dir='ltr'>εἰς</span> <span class='ocrx_word' id='word_1_145' title='bbox 304 981 460 1019; x_wconf 73' lang='grc' dir='ltr'>ἓτοιμασίαν</span> <span class='ocrx_word' id='word_1_146' title='bbox 491 981 565 1011; x_wconf 79' lang='grc' dir='ltr'>ὁδοῦ,</span> <span class='ocrx_word' id='word_1_147' title='bbox 598 983 729 1009; x_wconf 72' lang='grc' dir='ltr'>Ἐνταῦθα</span> <span class='ocrx_word' id='word_1_148' title='bbox 759 982 876 1019; x_wconf 72' lang='grc' dir='ltr'>ἐνθυμοῦ</span> <span class='ocrx_word' id='word_1_149' title='bbox 900 983 945 1010; x_wconf 79' lang='grc' dir='ltr'>καὶ</span> 
     </span>
    </p>
   </div>
   <div class='ocr_carea' id='block_1_22' title="bbox 114 1025 944 1064">
    <p class='ocr_par' dir='ltr' id='par_1_22' title="bbox 114 1025 944 1064">
     <span class='ocr_line' id='line_1_22' title="bbox 114 1025 944 1064; baseline 0.001 -11"><span class='ocrx_word' id='word_1_150' title='bbox 114 1026 157 1054; x_wconf 77' lang='grc' dir='ltr'>δτι</span> <span class='ocrx_word' id='word_1_151' title='bbox 180 1026 268 1063; x_wconf 86' lang='grc' dir='ltr'>νόμος</span> <span class='ocrx_word' id='word_1_152' title='bbox 297 1027 448 1064; x_wconf 81' lang='grc' dir='ltr'>γεωργικὸς</span> <span class='ocrx_word' id='word_1_153' title='bbox 484 1025 665 1064; x_wconf 69' lang='grc' dir='ltr'>παραδέδοται</span> <span class='ocrx_word' id='word_1_154' title='bbox 691 1029 730 1063; x_wconf 84' lang='grc' dir='ltr'>τῷ</span> <span class='ocrx_word' id='word_1_155' title='bbox 758 1027 866 1055; x_wconf 86' lang='grc' dir='ltr'>πλείονι</span> <span class='ocrx_word' id='word_1_156' title='bbox 897 1028 944 1064; x_wconf 76' lang='grc' dir='ltr'>μὶν</span> 
     </span>
    </p>
   </div>
   <div class='ocr_carea' id='block_1_23' title="bbox 111 1069 946 1110">
    <p class='ocr_par' dir='ltr' id='par_1_23' title="bbox 111 1069 946 1110">
     <span class='ocr_line' id='line_1_23' title="bbox 111 1069 946 1110; baseline 0.001 -12"><span class='ocrx_word' id='word_1_157' title='bbox 111 1069 241 1102; x_wconf 75' lang='grc' dir='ltr'>’ίστασθαι</span> <span class='ocrx_word' id='word_1_158' title='bbox 278 1071 310 1098; x_wconf 84' lang='grc' dir='ltr'>τὸ</span> <span class='ocrx_word' id='word_1_159' title='bbox 339 1072 421 1110; x_wconf 80' lang='grc' dir='ltr'>φυτὸν</span> <span class='ocrx_word' id='word_1_160' title='bbox 452 1071 657 1109; x_wconf 79' lang='grc' dir='ltr'>ἐγκεχωσμένον</span> <span class='ocrx_word' id='word_1_161' title='bbox 694 1073 728 1108; x_wconf 77' lang='grc' dir='ltr'>τῇ</span> <span class='ocrx_word' id='word_1_162' title='bbox 755 1073 812 1109; x_wconf 77' lang='grc' dir='ltr'>γῇ,</span> <span class='ocrx_word' id='word_1_163' title='bbox 848 1074 887 1108; x_wconf 75' lang='grc' dir='ltr'>τῷ</span> <span class='ocrx_word' id='word_1_164' title='bbox 917 1071 946 1099; x_wconf 68' lang='grc' dir='ltr'>δὲ</span> 
     </span>
    </p>
   </div>
   <div class='ocr_carea' id='block_1_24' title="bbox 114 1115 945 1154">
    <p class='ocr_par' dir='ltr' id='par_1_24' title="bbox 114 1115 945 1154">
     <span class='ocr_line' id='line_1_24' title="bbox 114 1115 945 1154; baseline 0.002 -12"><span class='ocrx_word' id='word_1_165' title='bbox 114 1115 252 1150; x_wconf 77' lang='grc' dir='ltr'>ἐλάττονι,</span> <span class='ocrx_word' id='word_1_166' title='bbox 281 1117 424 1150; x_wconf 86' lang='grc' dir='ltr'>κινεῖσθαι,</span> <span class='ocrx_word' id='word_1_167' title='bbox 453 1117 490 1148; x_wconf 82' lang='grc' dir='ltr'>ὡς</span> <span class='ocrx_word' id='word_1_168' title='bbox 523 1115 554 1143; x_wconf 66' lang='grc' dir='ltr'>ἂν</span> <span class='ocrx_word' id='word_1_169' title='bbox 585 1115 657 1143; x_wconf 77' lang='grc' dir='ltr'>οὕτω</span> <span class='ocrx_word' id='word_1_170' title='bbox 685 1119 736 1150; x_wconf 90' lang='grc' dir='ltr'>τῆς</span> <span class='ocrx_word' id='word_1_171' title='bbox 766 1117 869 1154; x_wconf 87' lang='grc' dir='ltr'>μητρὸς</span> <span class='ocrx_word' id='word_1_172' title='bbox 895 1120 945 1154; x_wconf 76' lang='grc' dir='ltr'>γῆς</span> 
     </span>
    </p>
   </div>
   <div class='ocr_carea' id='block_1_25' title="bbox 115 1158 944 1200">
    <p class='ocr_par' dir='ltr' id='par_1_25' title="bbox 115 1158 944 1200">
     <span class='ocr_line' id='line_1_25' title="bbox 115 1158 944 1200; baseline 0.001 -13"><span class='ocrx_word' id='word_1_173' title='bbox 115 1159 256 1187; x_wconf 76' lang='grc' dir='ltr'>ἀπολαῦον</span> <span class='ocrx_word' id='word_1_174' title='bbox 287 1160 326 1192; x_wconf 85' lang='grc' dir='ltr'>εἷς</span> <span class='ocrx_word' id='word_1_175' title='bbox 355 1159 509 1197; x_wconf 80' lang='grc' dir='ltr'>πλήσμιον,</span> <span class='ocrx_word' id='word_1_176' title='bbox 539 1158 671 1198; x_wconf 75' lang='grc' dir='ltr'>ἀναϐαίνῃ</span> <span class='ocrx_word' id='word_1_177' title='bbox 703 1159 792 1198; x_wconf 80' lang='grc' dir='ltr'>ὄρθιον</span> <span class='ocrx_word' id='word_1_178' title='bbox 816 1161 944 1200; x_wconf 79' lang='grc' dir='ltr'>ἀσφαλῶς</span> 
     </span>
    </p>
   </div>
   <div class='ocr_carea' id='block_1_26' title="bbox 115 1204 943 1244">
    <p class='ocr_par' dir='ltr' id='par_1_26' title="bbox 115 1204 943 1244">
     <span class='ocr_line' id='line_1_26' title="bbox 115 1204 943 1244; baseline 0.001 -12"><span class='ocrx_word' id='word_1_179' title='bbox 115 1204 159 1232; x_wconf 84' lang='grc' dir='ltr'>ἐπὶ</span> <span class='ocrx_word' id='word_1_180' title='bbox 187 1207 293 1243; x_wconf 81' lang='grc' dir='ltr'>καρποῦ</span> <span class='ocrx_word' id='word_1_181' title='bbox 322 1204 478 1244; x_wconf 76' lang='grc' dir='ltr'>ἐπαγγελίᾳ,</span> <span class='ocrx_word' id='word_1_182' title='bbox 510 1206 674 1244; x_wconf 74' lang='grc' dir='ltr'>Προσμένων</span> <span class='ocrx_word' id='word_1_183' title='bbox 703 1205 748 1233; x_wconf 74' lang='grc' dir='ltr'>οὖν</span> <span class='ocrx_word' id='word_1_184' title='bbox 778 1205 822 1233; x_wconf 80' lang='grc' dir='ltr'>καὶ</span> <span class='ocrx_word' id='word_1_185' title='bbox 852 1206 943 1240; x_wconf 74' lang='grc' dir='ltr'>αὐτὸς,</span> 
     </span>
    </p>
   </div>
   <div class='ocr_carea' id='block_1_27' title="bbox 114 1249 944 1288">
    <p class='ocr_par' dir='ltr' id='par_1_27' title="bbox 114 1249 944 1288">
     <span class='ocr_line' id='line_1_27' title="bbox 114 1249 944 1288; baseline 0.002 -12"><span class='ocrx_word' id='word_1_186' title='bbox 114 1249 161 1276; x_wconf 78' lang='grc' dir='ltr'>καὶ</span> <span class='ocrx_word' id='word_1_187' title='bbox 178 1249 216 1281; x_wconf 85' lang='grc' dir='ltr'>ὡς</span> <span class='ocrx_word' id='word_1_188' title='bbox 245 1251 303 1277; x_wconf 77' lang='grc' dir='ltr'>οἷον</span> <span class='ocrx_word' id='word_1_189' title='bbox 319 1249 554 1288; x_wconf 78' lang='grc' dir='ltr'>ἑγκατορυγμένος</span> <span class='ocrx_word' id='word_1_190' title='bbox 572 1249 611 1281; x_wconf 77' lang='grc' dir='ltr'>εἰς</span> <span class='ocrx_word' id='word_1_191' title='bbox 626 1253 677 1287; x_wconf 83' lang='grc' dir='ltr'>γῆν</span> <span class='ocrx_word' id='word_1_192' title='bbox 706 1252 740 1287; x_wconf 83' lang='grc' dir='ltr'>τῇ</span> <span class='ocrx_word' id='word_1_193' title='bbox 757 1252 810 1277; x_wconf 82' lang='grc' dir='ltr'>τῶν</span> <span class='ocrx_word' id='word_1_194' title='bbox 827 1249 877 1286; x_wconf 79' lang='grc' dir='ltr'>ἐξω</span> <span class='ocrx_word' id='word_1_195' title='bbox 892 1249 944 1286; x_wconf 90' lang='grc' dir='ltr'>λή-</span> 
     </span>
    </p>
   </div>
   <div class='ocr_carea' id='block_1_28' title="bbox 117 1292 943 1332">
    <p class='ocr_par' dir='ltr' id='par_1_28' title="bbox 117 1292 943 1332">
     <span class='ocr_line' id='line_1_28' title="bbox 117 1292 943 1332; baseline 0.001 -11"><span class='ocrx_word' id='word_1_196' title='bbox 117 1299 162 1331; x_wconf 83' lang='grc' dir='ltr'>θῃ,</span> <span class='ocrx_word' id='word_1_197' title='bbox 184 1294 229 1321; x_wconf 80' lang='grc' dir='ltr'>καὶ</span> <span class='ocrx_word' id='word_1_198' title='bbox 253 1294 426 1332; x_wconf 70' lang='grc' dir='ltr'>ῥιζοῦμενος,</span> <span class='ocrx_word' id='word_1_199' title='bbox 453 1292 579 1322; x_wconf 77' lang='grc' dir='ltr'>ἀνάϐαινε</span> <span class='ocrx_word' id='word_1_200' title='bbox 602 1297 642 1331; x_wconf 79' lang='grc' dir='ltr'>τῷ</span> <span class='ocrx_word' id='word_1_201' title='bbox 666 1295 724 1322; x_wconf 86' lang='grc' dir='ltr'>κατ’</span> <span class='ocrx_word' id='word_1_202' title='bbox 750 1295 847 1332; x_wconf 73' lang='grc' dir='ltr'>ἀρετὴν</span> <span class='ocrx_word' id='word_1_203' title='bbox 873 1295 943 1332; x_wconf 74' lang='grc' dir='ltr'>ὕψει,</span> 
     </span>
    </p>
   </div>
   <div class='ocr_carea' id='block_1_29' title="bbox 115 1338 944 1377">
    <p class='ocr_par' dir='ltr' id='par_1_29' title="bbox 115 1338 944 1377">
     <span class='ocr_line' id='line_1_29' title="bbox 115 1338 944 1377; baseline 0.004 -12"><span class='ocrx_word' id='word_1_204' title='bbox 115 1338 159 1365; x_wconf 83' lang='grc' dir='ltr'>καὶ</span> <span class='ocrx_word' id='word_1_205' title='bbox 175 1338 247 1366; x_wconf 77' lang='grc' dir='ltr'>οὕτω</span> <span class='ocrx_word' id='word_1_206' title='bbox 261 1339 395 1377; x_wconf 71' lang='grc' dir='ltr'>τεχνάζου</span> <span class='ocrx_word' id='word_1_207' title='bbox 412 1338 493 1376; x_wconf 80' lang='grc' dir='ltr'>βάθος</span> <span class='ocrx_word' id='word_1_208' title='bbox 523 1341 603 1367; x_wconf 78' lang='grc' dir='ltr'>τοῦτο</span> <span class='ocrx_word' id='word_1_209' title='bbox 624 1339 668 1367; x_wconf 85' lang='grc' dir='ltr'>καὶ</span> <span class='ocrx_word' id='word_1_210' title='bbox 695 1339 763 1377; x_wconf 76' lang='grc' dir='ltr'>ὕψος</span> <span class='ocrx_word' id='word_1_211' title='bbox 792 1339 944 1376; x_wconf 76' lang='grc' dir='ltr'>θιάρεστον,</span> 
     </span>
    </p>
   </div>
   <div class='ocr_carea' id='block_1_30' title="bbox 118 1380 497 1420">
    <p class='ocr_par' dir='ltr' id='par_1_30' title="bbox 118 1380 497 1420">
     <span class='ocr_line' id='line_1_30' title="bbox 118 1380 497 1420; baseline 0.005 -10"><span class='ocrx_word' id='word_1_212' title='bbox 118 1380 223 1420; x_wconf 83' lang='grc' dir='ltr'>μὸνιμα</span> <span class='ocrx_word' id='word_1_213' title='bbox 237 1384 345 1415; x_wconf 82' lang='grc' dir='ltr'>πάντως</span> <span class='ocrx_word' id='word_1_214' title='bbox 359 1384 404 1412; x_wconf 85' lang='grc' dir='ltr'>καὶ</span> <span class='ocrx_word' id='word_1_215' title='bbox 419 1384 497 1412; x_wconf 78' lang='grc' dir='ltr'>αὐτά.</span> 
     </span>
    </p>
   </div>
   <div class='ocr_carea' id='block_1_31' title="bbox 153 1438 945 1478">
    <p class='ocr_par' dir='ltr' id='par_1_31' title="bbox 153 1438 945 1478">
     <span class='ocr_line' id='line_1_31' title="bbox 153 1438 945 1478; baseline 0.001 -11"><span class='ocrx_word' id='word_1_216' title='bbox 153 1438 190 1475; x_wconf 86' lang='grc' dir='ltr'>μ’.</span> <span class='ocrx_word' id='word_1_217' title='bbox 207 1438 241 1467; x_wconf 91' lang='grc' dir='ltr'>Τί</span> <span class='ocrx_word' id='word_1_218' title='bbox 257 1439 307 1476; x_wconf 73' lang='grc' dir='ltr'>γὰρ</span> <span class='ocrx_word' id='word_1_219' title='bbox 333 1438 506 1478; x_wconf 83' lang='grc' dir='ltr'>γελοιότερον</span> <span class='ocrx_word' id='word_1_220' title='bbox 529 1441 577 1466; x_wconf 78' lang='grc' dir='ltr'>τοῦ</span> <span class='ocrx_word' id='word_1_221' title='bbox 598 1440 647 1475; x_wconf 85' lang='grc' dir='ltr'>τήν</span> <span class='ocrx_word' id='word_1_222' title='bbox 675 1440 722 1476; x_wconf 72' lang='grc' dir='ltr'>μὲν</span> <span class='ocrx_word' id='word_1_223' title='bbox 748 1440 837 1478; x_wconf 80' lang='grc' dir='ltr'>ἀρχὴν</span> <span class='ocrx_word' id='word_1_224' title='bbox 867 1439 945 1468; x_wconf 76' lang='grc' dir='ltr'>ἐκπε-</span> 
     </span>
    </p>
   </div>
   <div class='ocr_carea' id='block_1_32' title="bbox 119 1481 944 1522">
    <p class='ocr_par' dir='ltr' id='par_1_32' title="bbox 119 1481 944 1522">
     <span class='ocr_line' id='line_1_32' title="bbox 119 1481 944 1522; baseline 0.002 -12"><span class='ocrx_word' id='word_1_225' title='bbox 119 1485 250 1516; x_wconf 79' lang='grc' dir='ltr'>τασθῆναι</span> <span class='ocrx_word' id='word_1_226' title='bbox 275 1486 330 1510; x_wconf 82' lang='grc' dir='ltr'>τῶν</span> <span class='ocrx_word' id='word_1_227' title='bbox 357 1483 425 1511; x_wconf 84' lang='grc' dir='ltr'>κατὰ</span> <span class='ocrx_word' id='word_1_228' title='bbox 453 1484 503 1519; x_wconf 83' lang='grc' dir='ltr'>τήν</span> <span class='ocrx_word' id='word_1_229' title='bbox 539 1483 622 1512; x_wconf 91' lang='grc' dir='ltr'>πόλιν</span> <span class='ocrx_word' id='word_1_230' title='bbox 651 1481 820 1521; x_wconf 78' lang='grc' dir='ltr'>διατριϐῶν,</span> <span class='ocrx_word' id='word_1_231' title='bbox 847 1484 891 1512; x_wconf 86' lang='grc' dir='ltr'>καὶ</span> <span class='ocrx_word' id='word_1_232' title='bbox 919 1485 944 1522; x_wconf 73' lang='grc' dir='ltr'>ἐξ</span> 
     </span>
    </p>
   </div>
   <div class='ocr_carea' id='block_1_33' title="bbox 117 1527 946 1567">
    <p class='ocr_par' dir='ltr' id='par_1_33' title="bbox 117 1527 946 1567">
     <span class='ocr_line' id='line_1_33' title="bbox 117 1527 946 1567; baseline 0.001 -12"><span class='ocrx_word' id='word_1_233' title='bbox 117 1527 269 1567; x_wconf 74' lang='grc' dir='ltr'>ὀφθαλμῶν</span> <span class='ocrx_word' id='word_1_234' title='bbox 299 1529 420 1566; x_wconf 72' lang='grc' dir='ltr'>γενέσθαι</span> <span class='ocrx_word' id='word_1_235' title='bbox 460 1527 554 1566; x_wconf 82' lang='grc' dir='ltr'>φιλίας</span> <span class='ocrx_word' id='word_1_236' title='bbox 594 1529 710 1564; x_wconf 79' lang='grc' dir='ltr'>ἁπάσης,</span> <span class='ocrx_word' id='word_1_237' title='bbox 743 1532 793 1564; x_wconf 86' lang='grc' dir='ltr'>τῆς</span> <span class='ocrx_word' id='word_1_238' title='bbox 821 1539 851 1556; x_wconf 82' lang='grc' dir='ltr'>τε</span> <span class='ocrx_word' id='word_1_239' title='bbox 878 1530 946 1557; x_wconf 83' lang='grc' dir='ltr'>κατὰ</span> 
     </span>
    </p>
   </div>
   <div class='ocr_carea' id='block_1_34' title="bbox 118 1571 943 1612">
    <p class='ocr_par' dir='ltr' id='par_1_34' title="bbox 118 1571 943 1612">
     <span class='ocr_line' id='line_1_34' title="bbox 118 1571 943 1612; baseline 0.001 -13"><span class='ocrx_word' id='word_1_240' title='bbox 118 1573 274 1610; x_wconf 66' lang='grc' dir='ltr'>συγγένειαν</span> <span class='ocrx_word' id='word_1_241' title='bbox 296 1573 341 1600; x_wconf 83' lang='grc' dir='ltr'>καὶ</span> <span class='ocrx_word' id='word_1_242' title='bbox 367 1573 478 1609; x_wconf 78' lang='grc' dir='ltr'>λοιπῆς,</span> <span class='ocrx_word' id='word_1_243' title='bbox 505 1574 548 1601; x_wconf 74' lang='grc' dir='ltr'>καὶ</span> <span class='ocrx_word' id='word_1_244' title='bbox 573 1574 674 1612; x_wconf 80' lang='grc' dir='ltr'>ἀρετῶν</span> <span class='ocrx_word' id='word_1_245' title='bbox 700 1571 757 1612; x_wconf 74' lang='grc' dir='ltr'>ὄρει</span> <span class='ocrx_word' id='word_1_246' title='bbox 781 1571 943 1611; x_wconf 77' lang='grc' dir='ltr'>προσϐῆναι,</span> 
     </span>
    </p>
   </div>
   <div class='ocr_carea' id='block_1_35' title="bbox 117 1617 945 1656">
    <p class='ocr_par' dir='ltr' id='par_1_35' title="bbox 117 1617 945 1656">
     <span class='ocr_line' id='line_1_35' title="bbox 117 1617 945 1656; baseline 0.001 -12"><span class='ocrx_word' id='word_1_247' title='bbox 117 1617 161 1644; x_wconf 81' lang='grc' dir='ltr'>καὶ</span> <span class='ocrx_word' id='word_1_248' title='bbox 202 1618 350 1652; x_wconf 75' lang='grc' dir='ltr'>ζητεῖσθαι,</span> <span class='ocrx_word' id='word_1_249' title='bbox 388 1619 432 1646; x_wconf 85' lang='grc' dir='ltr'>καὶ</span> <span class='ocrx_word' id='word_1_250' title='bbox 472 1619 509 1655; x_wconf 79' lang='grc' dir='ltr'>μὴ</span> <span class='ocrx_word' id='word_1_251' title='bbox 541 1618 719 1656; x_wconf 80' lang='grc' dir='ltr'>εὑρίσκεσθαι,</span> <span class='ocrx_word' id='word_1_252' title='bbox 751 1618 818 1654; x_wconf 80' lang='grc' dir='ltr'>μετὰ</span> <span class='ocrx_word' id='word_1_253' title='bbox 846 1617 874 1645; x_wconf 70' lang='grc' dir='ltr'>δὲ</span> <span class='ocrx_word' id='word_1_254' title='bbox 902 1629 945 1655; x_wconf 88' lang='grc' dir='ltr'>μι-</span> 
     </span>
    </p>
   </div>
   <div class='ocr_carea' id='block_1_36' title="bbox 118 1661 944 1701">
    <p class='ocr_par' dir='ltr' id='par_1_36' title="bbox 118 1661 944 1701">
     <span class='ocr_line' id='line_1_36' title="bbox 118 1661 944 1701; baseline 0.001 -12"><span class='ocrx_word' id='word_1_255' title='bbox 118 1662 183 1700; x_wconf 85' lang='grc' dir='ltr'>κρὸν</span> <span class='ocrx_word' id='word_1_256' title='bbox 214 1661 380 1697; x_wconf 74' lang='grc' dir='ltr'>ἐπανελθεῖν,</span> <span class='ocrx_word' id='word_1_257' title='bbox 405 1663 450 1690; x_wconf 78' lang='grc' dir='ltr'>καὶ</span> <span class='ocrx_word' id='word_1_258' title='bbox 480 1663 621 1701; x_wconf 82' lang='grc' dir='ltr'>εὑρεθῆναι</span> <span class='ocrx_word' id='word_1_259' title='bbox 644 1665 704 1694; x_wconf 86' lang='grc' dir='ltr'>τοῖς</span> <span class='ocrx_word' id='word_1_260' title='bbox 735 1663 831 1699; x_wconf 70' lang='grc' dir='ltr'>μηκέτι</span> <span class='ocrx_word' id='word_1_261' title='bbox 848 1664 944 1697; x_wconf 76' lang='grc' dir='ltr'>ζητοῦ-</span> 
     </span>
    </p>
   </div>
   <div class='ocr_carea' id='block_1_37' title="bbox 119 1706 947 1747">
    <p class='ocr_par' dir='ltr' id='par_1_37' title="bbox 119 1706 947 1747">
     <span class='ocr_line' id='line_1_37' title="bbox 119 1706 947 1747; baseline 0.001 -13"><span class='ocrx_word' id='word_1_262' title='bbox 119 1717 172 1741; x_wconf 76' lang='grc' dir='ltr'>σιν,</span> <span class='ocrx_word' id='word_1_263' title='bbox 204 1706 267 1734; x_wconf 79' lang='grc' dir='ltr'>ἀλλ’</span> <span class='ocrx_word' id='word_1_264' title='bbox 283 1707 504 1747; x_wconf 82' lang='grc' dir='ltr'>ἐκφροντίσασιν;</span> <span class='ocrx_word' id='word_1_265' title='bbox 520 1708 585 1744; x_wconf 73' lang='grc' dir='ltr'>Ὀψὲ</span> <span class='ocrx_word' id='word_1_266' title='bbox 617 1707 675 1744; x_wconf 72' lang='grc' dir='ltr'>μὲν,</span> <span class='ocrx_word' id='word_1_267' title='bbox 693 1707 716 1734; x_wconf 82' lang='grc' dir='ltr'>ὦ</span> <span class='ocrx_word' id='word_1_268' title='bbox 741 1708 830 1742; x_wconf 76' lang='grc' dir='ltr'>οὗτος,</span> <span class='ocrx_word' id='word_1_269' title='bbox 859 1707 947 1742; x_wconf 81' lang='grc' dir='ltr'>ἀπῆλ-</span> 
     </span>
    </p>
   </div>
   <div class='ocr_carea' id='block_1_38' title="bbox 121 1750 946 1790">
    <p class='ocr_par' dir='ltr' id='par_1_38' title="bbox 121 1750 946 1790">
     <span class='ocr_line' id='line_1_38' title="bbox 121 1750 946 1790; baseline 0.002 -12"><span class='ocrx_word' id='word_1_270' title='bbox 121 1757 166 1783; x_wconf 79' lang='grc' dir='ltr'>θες</span> <span class='ocrx_word' id='word_1_271' title='bbox 186 1751 224 1783; x_wconf 83' lang='grc' dir='ltr'>ὡς</span> <span class='ocrx_word' id='word_1_272' title='bbox 252 1751 295 1779; x_wconf 74' lang='grc' dir='ltr'>ἐπὶ</span> <span class='ocrx_word' id='word_1_273' title='bbox 327 1752 464 1789; x_wconf 68' lang='grc' dir='ltr'>μετανοίᾳ*</span> <span class='ocrx_word' id='word_1_274' title='bbox 492 1751 563 1790; x_wconf 81' lang='grc' dir='ltr'>ταχὺ</span> <span class='ocrx_word' id='word_1_275' title='bbox 593 1750 622 1779; x_wconf 75' lang='grc' dir='ltr'>δὲ</span> <span class='ocrx_word' id='word_1_276' title='bbox 649 1751 799 1787; x_wconf 81' lang='grc' dir='ltr'>ἐπανῆλθες</span> <span class='ocrx_word' id='word_1_277' title='bbox 829 1753 946 1789; x_wconf 72' lang='grc' dir='ltr'>μετάμε-</span> 
     </span>
    </p>
   </div>
   <div class='ocr_carea' id='block_1_39' title="bbox 120 1794 944 1836">
    <p class='ocr_par' dir='ltr' id='par_1_39' title="bbox 120 1794 944 1836">
     <span class='ocr_line' id='line_1_39' title="bbox 120 1794 944 1836; baseline 0.002 -13"><span class='ocrx_word' id='word_1_278' title='bbox 120 1795 180 1828; x_wconf 83' lang='grc' dir='ltr'>λος·</span> <span class='ocrx_word' id='word_1_279' title='bbox 210 1795 367 1834; x_wconf 76' lang='grc' dir='ltr'>ἁνέκαμψας</span> <span class='ocrx_word' id='word_1_280' title='bbox 393 1799 492 1831; x_wconf 83' lang='grc' dir='ltr'>κακῶς,</span> <span class='ocrx_word' id='word_1_281' title='bbox 529 1797 588 1824; x_wconf 84' lang='grc' dir='ltr'>ὅθεν</span> <span class='ocrx_word' id='word_1_282' title='bbox 619 1797 810 1836; x_wconf 81' lang='grc' dir='ltr'>συμφερόντως</span> <span class='ocrx_word' id='word_1_283' title='bbox 839 1794 944 1836; x_wconf 78' lang='grc' dir='ltr'>ἔφυγες.</span> 
     </span>
    </p>
   </div>
   <div class='ocr_carea' id='block_1_40' title="bbox 118 1840 946 1880">
    <p class='ocr_par' dir='ltr' id='par_1_40' title="bbox 118 1840 946 1880">
     <span class='ocr_line' id='line_1_40' title="bbox 118 1840 946 1880; baseline 0.002 -13"><span class='ocrx_word' id='word_1_284' title='bbox 118 1841 179 1879; x_wconf 82' lang='grc' dir='ltr'>Οὐχ</span> <span class='ocrx_word' id='word_1_285' title='bbox 195 1841 280 1873; x_wconf 68' lang='grc' dir='ltr'>οὕτως</span> <span class='ocrx_word' id='word_1_286' title='bbox 307 1840 371 1869; x_wconf 79' lang='grc' dir='ltr'>οὐδὲ</span> <span class='ocrx_word' id='word_1_287' title='bbox 397 1841 602 1877; x_wconf 54' lang='grc' dir='ltr'>πατόςῖίππος,</span> <span class='ocrx_word' id='word_1_288' title='bbox 625 1842 776 1878; x_wconf 83' lang='grc' dir='ltr'>ἀκοστήσας</span> <span class='ocrx_word' id='word_1_289' title='bbox 804 1841 847 1869; x_wconf 79' lang='grc' dir='ltr'>ἐπὶ</span> <span class='ocrx_word' id='word_1_290' title='bbox 876 1841 946 1880; x_wconf 69' lang='grc' dir='ltr'>φάτο</span> 
     </span>
    </p>
   </div>
   <div class='ocr_carea' id='block_1_41' title="bbox 118 1885 942 1926">
    <p class='ocr_par' dir='ltr' id='par_1_41' title="bbox 118 1885 942 1926">
     <span class='ocr_line' id='line_1_41' title="bbox 118 1885 942 1926; baseline 0.002 -14"><span class='ocrx_word' id='word_1_291' title='bbox 118 1896 163 1923; x_wconf 82' lang='grc' dir='ltr'>νῃ,</span> <span class='ocrx_word' id='word_1_292' title='bbox 198 1886 242 1913; x_wconf 80' lang='grc' dir='ltr'>καὶ</span> <span class='ocrx_word' id='word_1_293' title='bbox 273 1888 475 1926; x_wconf 81' lang='grc' dir='ltr'>φαντασάμενος</span> <span class='ocrx_word' id='word_1_294' title='bbox 501 1888 587 1923; x_wconf 69' lang='grc' dir='ltr'>νομὰς</span> <span class='ocrx_word' id='word_1_295' title='bbox 616 1887 735 1919; x_wconf 73' lang='grc' dir='ltr'>παλαιὰς</span> <span class='ocrx_word' id='word_1_296' title='bbox 758 1887 803 1914; x_wconf 86' lang='grc' dir='ltr'>καὶ</span> <span class='ocrx_word' id='word_1_297' title='bbox 830 1885 942 1924; x_wconf 73' lang='grc' dir='ltr'>λουτρὰ,</span> 
     </span>
    </p>
   </div>
   <div class='ocr_carea' id='block_1_42' title="bbox 119 1929 945 1970">
    <p class='ocr_par' dir='ltr' id='par_1_42' title="bbox 119 1929 945 1970">
     <span class='ocr_line' id='line_1_42' title="bbox 119 1929 945 1970; baseline 0.002 -13"><span class='ocrx_word' id='word_1_298' title='bbox 119 1931 161 1961; x_wconf 80' lang='grc' dir='ltr'>οἷς</span> <span class='ocrx_word' id='word_1_299' title='bbox 187 1931 321 1970; x_wconf 79' lang='grc' dir='ltr'>ἐναθύρων</span> <span class='ocrx_word' id='word_1_300' title='bbox 347 1929 452 1966; x_wconf 70' lang='grc' dir='ltr'>ἔϐοσκε,</span> <span class='ocrx_word' id='word_1_301' title='bbox 483 1933 513 1960; x_wconf 80' lang='grc' dir='ltr'>τὸ</span> <span class='ocrx_word' id='word_1_302' title='bbox 535 1935 584 1966; x_wconf 87' lang='grc' dir='ltr'>τῆς</span> <span class='ocrx_word' id='word_1_303' title='bbox 614 1931 758 1969; x_wconf 78' lang='grc' dir='ltr'>ἐπιθυμίας</span> <span class='ocrx_word' id='word_1_304' title='bbox 774 1930 886 1969; x_wconf 72' lang='grc' dir='ltr'>ἄλογον,</span> <span class='ocrx_word' id='word_1_305' title='bbox 911 1932 945 1959; x_wconf 69' lang='grc' dir='ltr'>τὰ</span> 
     </span>
    </p>
   </div>
   <div class='ocr_carea' id='block_1_43' title="bbox 118 1973 946 2015">
    <p class='ocr_par' dir='ltr' id='par_1_43' title="bbox 118 1973 946 2015">
     <span class='ocr_line' id='line_1_43' title="bbox 118 1973 946 2015; baseline 0.002 -13"><span class='ocrx_word' id='word_1_306' title='bbox 118 1973 206 2011; x_wconf 82' lang='grc' dir='ltr'>δεσμᾶ</span> <span class='ocrx_word' id='word_1_307' title='bbox 234 1976 327 2014; x_wconf 70' lang='grc' dir='ltr'>ῥήξας,</span> <span class='ocrx_word' id='word_1_308' title='bbox 358 1980 414 2004; x_wconf 87' lang='grc' dir='ltr'>εκεῖ</span> <span class='ocrx_word' id='word_1_309' title='bbox 441 1977 546 2015; x_wconf 67' lang='grc' dir='ltr'>τρέχει,</span> <span class='ocrx_word' id='word_1_310' title='bbox 576 1975 638 2004; x_wconf 79' lang='grc' dir='ltr'>ὅποι</span> <span class='ocrx_word' id='word_1_311' title='bbox 660 1976 704 2004; x_wconf 83' lang='grc' dir='ltr'>καὶ</span> <span class='ocrx_word' id='word_1_312' title='bbox 734 1977 830 2014; x_wconf 88' lang='grc' dir='ltr'>πρώην</span> <span class='ocrx_word' id='word_1_313' title='bbox 858 1977 946 2013; x_wconf 72' lang='grc' dir='ltr'>ἐνέμε-</span> 
     </span>
    </p>
   </div>
   <div class='ocr_carea' id='block_1_44' title="bbox 116 2020 942 2060">
    <p class='ocr_par' dir='ltr' id='par_1_44' title="bbox 116 2020 942 2060">
     <span class='ocr_line' id='line_1_44' title="bbox 116 2020 942 2060; baseline 0.002 -13"><span class='ocrx_word' id='word_1_314' title='bbox 116 2030 158 2049; x_wconf 81' lang='grc' dir='ltr'>το.</span> <span class='ocrx_word' id='word_1_315' title='bbox 189 2021 310 2058; x_wconf 82' lang='grc' dir='ltr'>Ἀγνοεῖν</span> <span class='ocrx_word' id='word_1_316' title='bbox 336 2020 449 2057; x_wconf 63' lang='grc' dir='ltr'>ἔοικας,</span> <span class='ocrx_word' id='word_1_317' title='bbox 475 2022 498 2048; x_wconf 85' lang='grc' dir='ltr'><strong><em>ὤ</em></strong></span> <span class='ocrx_word' id='word_1_318' title='bbox 527 2020 637 2060; x_wconf 75' lang='grc' dir='ltr'>ἀδελφὲ,</span> <span class='ocrx_word' id='word_1_319' title='bbox 666 2020 708 2048; x_wconf 73' lang='grc' dir='ltr'>δτι</span> <span class='ocrx_word' id='word_1_320' title='bbox 737 2021 787 2055; x_wconf 75' lang='grc' dir='ltr'>τὴν</span> <span class='ocrx_word' id='word_1_321' title='bbox 817 2021 942 2059; x_wconf 78' lang='grc' dir='ltr'>θεωρίαν,</span> 
     </span>
    </p>
   </div>
   <div class='ocr_carea' id='block_1_45' title="bbox 116 2065 942 2104">
    <p class='ocr_par' dir='ltr' id='par_1_45' title="bbox 116 2065 942 2104">
     <span class='ocr_line' id='line_1_45' title="bbox 116 2065 942 2104; baseline 0.001 -12"><span class='ocrx_word' id='word_1_322' title='bbox 116 2065 146 2099; x_wconf 83' lang='grc' dir='ltr'>ἣν</span> <span class='ocrx_word' id='word_1_323' title='bbox 177 2066 286 2104; x_wconf 78' lang='grc' dir='ltr'>συνάγει</span> <span class='ocrx_word' id='word_1_324' title='bbox 313 2066 327 2093; x_wconf 79' lang='grc' dir='ltr'>ὁ</span> <span class='ocrx_word' id='word_1_325' title='bbox 355 2066 511 2103; x_wconf 78' lang='grc' dir='ltr'>καταμόνας</span> <span class='ocrx_word' id='word_1_326' title='bbox 549 2065 656 2103; x_wconf 82' lang='grc' dir='ltr'>ὁμιλῶν</span> <span class='ocrx_word' id='word_1_327' title='bbox 691 2067 760 2102; x_wconf 81' lang='grc' dir='ltr'>Θεῷ,</span> <span class='ocrx_word' id='word_1_328' title='bbox 791 2065 942 2094; x_wconf 80' lang='grc' dir='ltr'>ἀπόλλυσιν</span> 
     </span>
    </p>
   </div>
   <div class='ocr_carea' id='block_1_46' title="bbox 116 2110 942 2150">
    <p class='ocr_par' dir='ltr' id='par_1_46' title="bbox 116 2110 942 2150">
     <span class='ocr_line' id='line_1_46' title="bbox 116 2110 942 2150; baseline 0.002 -13"><span class='ocrx_word' id='word_1_329' title='bbox 116 2110 205 2146; x_wconf 75' lang='grc' dir='ltr'>αὖθις,</span> <span class='ocrx_word' id='word_1_330' title='bbox 232 2110 277 2138; x_wconf 74' lang='grc' dir='ltr'>ὅτε</span> <span class='ocrx_word' id='word_1_331' title='bbox 302 2114 352 2146; x_wconf 81' lang='grc' dir='ltr'>τῆς</span> <span class='ocrx_word' id='word_1_332' title='bbox 381 2112 480 2150; x_wconf 79' lang='grc' dir='ltr'>ἀγορᾶς</span> <span class='ocrx_word' id='word_1_333' title='bbox 508 2111 628 2149; x_wconf 67' lang='grc' dir='ltr'>γένηταισ</span> <span class='ocrx_word' id='word_1_334' title='bbox 653 2111 697 2138; x_wconf 76' lang='grc' dir='ltr'>καὶ</span> <span class='ocrx_word' id='word_1_335' title='bbox 729 2110 770 2138; x_wconf 80' lang='grc' dir='ltr'>ὅτι</span> <span class='ocrx_word' id='word_1_336' title='bbox 786 2111 942 2149; x_wconf 73' lang='grc' dir='ltr'>ἐκκρούεται</span> 
     </span>
    </p>
   </div>
   <div class='ocr_carea' id='block_1_47' title="bbox 115 2155 942 2194">
    <p class='ocr_par' dir='ltr' id='par_1_47' title="bbox 115 2155 942 2194">
     <span class='ocr_line' id='line_1_47' title="bbox 115 2155 942 2194; baseline 0 -11"><span class='ocrx_word' id='word_1_337' title='bbox 115 2155 133 2190; x_wconf 81' lang='grc' dir='ltr'>ὴ</span> <span class='ocrx_word' id='word_1_338' title='bbox 150 2156 323 2194; x_wconf 76' lang='grc' dir='ltr'>ἡσυχαστική</span> <span class='ocrx_word' id='word_1_339' title='bbox 341 2157 436 2193; x_wconf 85' lang='grc' dir='ltr'>μνήμη</span> <span class='ocrx_word' id='word_1_340' title='bbox 464 2155 509 2184; x_wconf 77' lang='grc' dir='ltr'>διὰ</span> <span class='ocrx_word' id='word_1_341' title='bbox 529 2158 578 2191; x_wconf 77' lang='grc' dir='ltr'>τῆς</span> <span class='ocrx_word' id='word_1_342' title='bbox 597 2159 743 2193; x_wconf 78' lang='grc' dir='ltr'>κοσμικῆς,</span> <span class='ocrx_word' id='word_1_343' title='bbox 774 2156 819 2183; x_wconf 82' lang='grc' dir='ltr'>καὶ</span> <span class='ocrx_word' id='word_1_344' title='bbox 849 2156 886 2187; x_wconf 89' lang='grc' dir='ltr'>ὡς</span> <span class='ocrx_word' id='word_1_345' title='bbox 915 2155 942 2184; x_wconf 80' lang='grc' dir='ltr'>ἐν</span> 
     </span>
    </p>
   </div>
   <div class='ocr_carea' id='block_1_48' title="bbox 116 2199 943 2239">
    <p class='ocr_par' dir='ltr' id='par_1_48' title="bbox 116 2199 943 2239">
     <span class='ocr_line' id='line_1_48' title="bbox 116 2199 943 2239; baseline 0.001 -12"><span class='ocrx_word' id='word_1_346' title='bbox 116 2200 332 2238; x_wconf 69' lang='grc' dir='ltr'>ἀντιπεριστάσει</span> <span class='ocrx_word' id='word_1_347' title='bbox 359 2201 414 2229; x_wconf 83' lang='grc' dir='ltr'>τινὶ</span> <span class='ocrx_word' id='word_1_348' title='bbox 444 2201 531 2229; x_wconf 84' lang='grc' dir='ltr'>ἐκεῖνα</span> <span class='ocrx_word' id='word_1_349' title='bbox 565 2201 611 2238; x_wconf 79' lang='grc' dir='ltr'>μὲν</span> <span class='ocrx_word' id='word_1_350' title='bbox 640 2201 674 2228; x_wconf 73' lang='grc' dir='ltr'>τὰ</span> <span class='ocrx_word' id='word_1_351' title='bbox 713 2199 742 2228; x_wconf 80' lang='grc' dir='ltr'>ἐκ</span> <span class='ocrx_word' id='word_1_352' title='bbox 777 2203 825 2228; x_wconf 76' lang='grc' dir='ltr'>τοῦ</span> <span class='ocrx_word' id='word_1_353' title='bbox 863 2199 943 2239; x_wconf 70' lang='grc' dir='ltr'>ὅρους</span> 
     </span>
    </p>
   </div>
   <div class='ocr_carea' id='block_1_49' title="bbox 114 2243 943 2284">
    <p class='ocr_par' dir='ltr' id='par_1_49' title="bbox 114 2243 943 2284">
     <span class='ocr_line' id='line_1_49' title="bbox 114 2243 943 2284; baseline 0.001 -12"><span class='ocrx_word' id='word_1_354' title='bbox 114 2246 284 2282; x_wconf 72' lang='grc' dir='ltr'>πνευματικὰ</span> <span class='ocrx_word' id='word_1_355' title='bbox 309 2246 323 2273; x_wconf 83' lang='grc' dir='ltr'>ὁ</span> <span class='ocrx_word' id='word_1_356' title='bbox 345 2243 462 2277; x_wconf 74' lang='grc' dir='ltr'>καταϐὰς</span> <span class='ocrx_word' id='word_1_357' title='bbox 499 2246 620 2281; x_wconf 75' lang='grc' dir='ltr'>ἀσκητὴς</span> <span class='ocrx_word' id='word_1_358' title='bbox 644 2245 718 2273; x_wconf 80' lang='grc' dir='ltr'>κάτω</span> <span class='ocrx_word' id='word_1_359' title='bbox 747 2245 866 2284; x_wconf 79' lang='grc' dir='ltr'>ἀφίησι,</span> <span class='ocrx_word' id='word_1_360' title='bbox 894 2256 943 2273; x_wconf 86' lang='grc' dir='ltr'>κα-</span> 
     </span>
    </p>
   </div>
   <div class='ocr_carea' id='block_1_50' title="bbox 117 2289 943 2328">
    <p class='ocr_par' dir='ltr' id='par_1_50' title="bbox 117 2289 943 2328">
     <span class='ocr_line' id='line_1_50' title="bbox 117 2289 943 2328; baseline 0 -10"><span class='ocrx_word' id='word_1_361' title='bbox 117 2291 210 2326; x_wconf 77' lang='grc' dir='ltr'>μήΛου</span> <span class='ocrx_word' id='word_1_362' title='bbox 235 2289 313 2326; x_wconf 82' lang='grc' dir='ltr'>δίκην</span> <span class='ocrx_word' id='word_1_363' title='bbox 339 2290 508 2328; x_wconf 67' lang='grc' dir='ltr'>ἀποθέμενος</span> <span class='ocrx_word' id='word_1_364' title='bbox 535 2290 602 2318; x_wconf 75' lang='grc' dir='ltr'>αὐτὰ</span> <span class='ocrx_word' id='word_1_365' title='bbox 626 2289 661 2318; x_wconf 84' lang='grc' dir='ltr'>δι’</span> <span class='ocrx_word' id='word_1_366' title='bbox 692 2290 884 2325; x_wconf 78' lang='grc' dir='ltr'>ὑποπτώσεως,</span> <span class='ocrx_word' id='word_1_367' title='bbox 910 2290 943 2318; x_wconf 72' lang='grc' dir='ltr'>τὰ</span> 
     </span>
    </p>
   </div>
   <div class='ocr_carea' id='block_1_51' title="bbox 999 310 1820 349">
    <p class='ocr_par' dir='ltr' id='par_1_51' title="bbox 999 310 1820 349">
     <span class='ocr_line' id='line_1_51' title="bbox 999 310 1820 349; baseline 0.002 -11"><span class='ocrx_word' id='word_1_368' title='bbox 999 310 1182 347; x_wconf 76' lang='lat' dir='ltr'>dilectarum,</span> <span class='ocrx_word' id='word_1_369' title='bbox 1200 314 1232 339; x_wconf 93' lang='lat' dir='ltr'>ut</span> <span class='ocrx_word' id='word_1_370' title='bbox 1252 312 1294 339; x_wconf 86' lang='lat' dir='ltr'>sic</span> <span class='ocrx_word' id='word_1_371' title='bbox 1320 312 1433 340; x_wconf 83' lang='lat' dir='ltr'>radices</span> <span class='ocrx_word' id='word_1_372' title='bbox 1458 312 1514 340; x_wconf 83' lang='lat' dir='ltr'>tale</span> <span class='ocrx_word' id='word_1_373' title='bbox 1538 312 1742 341; x_wconf 73' lang='lat' dir='ltr'>diffundantur</span> <span class='ocrx_word' id='word_1_374' title='bbox 1756 321 1820 349; x_wconf 72' lang='lat' dir='ltr'>qnaa</span> 
     </span>
    </p>
   </div>
   <div class='ocr_carea' id='block_1_52' title="bbox 999 357 1819 392">
    <p class='ocr_par' dir='ltr' id='par_1_52' title="bbox 999 357 1819 392">
     <span class='ocr_line' id='line_1_52' title="bbox 999 357 1819 392; baseline 0.002 -8"><span class='ocrx_word' id='word_1_375' title='bbox 999 359 1169 392; x_wconf 85' lang='lat' dir='ltr'>perpetuam</span> <span class='ocrx_word' id='word_1_376' title='bbox 1186 358 1308 384; x_wconf 81' lang='lat' dir='ltr'>causent</span> <span class='ocrx_word' id='word_1_377' title='bbox 1322 357 1512 389; x_wconf 79' lang='lat' dir='ltr'>viriditatem,</span> <span class='ocrx_word' id='word_1_378' title='bbox 1528 362 1554 385; x_wconf 85' lang='lat' dir='ltr'>el</span> <span class='ocrx_word' id='word_1_379' title='bbox 1563 360 1687 386; x_wconf 83' lang='lat' dir='ltr'>truncus</span> <span class='ocrx_word' id='word_1_380' title='bbox 1703 358 1819 386; x_wconf 83' lang='lat' dir='ltr'>robore-</span> 
     </span>
    </p>
   </div>
   <div class='ocr_carea' id='block_1_53' title="bbox 998 401 1820 438">
    <p class='ocr_par' dir='ltr' id='par_1_53' title="bbox 998 401 1820 438">
     <span class='ocr_line' id='line_1_53' title="bbox 998 401 1820 438; baseline 0.002 -10"><span class='ocrx_word' id='word_1_381' title='bbox 998 402 1110 438; x_wconf 67' lang='grc' dir='ltr'>ειη-,συί</span> <span class='ocrx_word' id='word_1_382' title='bbox 1122 402 1240 430; x_wconf 76' lang='lat' dir='ltr'>frutices</span> <span class='ocrx_word' id='word_1_383' title='bbox 1254 401 1363 430; x_wconf 78' lang='lat' dir='ltr'>fertiles</span> <span class='ocrx_word' id='word_1_384' title='bbox 1373 402 1675 438; x_wconf 85' lang='lat' dir='ltr'>germinabit,scilioet</span> <span class='ocrx_word' id='word_1_385' title='bbox 1685 402 1820 430; x_wconf 78' lang='lat' dir='ltr'>homines</span> 
     </span>
    </p>
   </div>
   <div class='ocr_carea' id='block_1_54' title="bbox 998 446 1816 482">
    <p class='ocr_par' dir='ltr' id='par_1_54' title="bbox 998 446 1816 482">
     <span class='ocr_line' id='line_1_54' title="bbox 998 446 1816 482; baseline 0.001 -9"><span class='ocrx_word' id='word_1_386' title='bbox 998 448 1054 474; x_wconf 72' lang='lat' dir='ltr'>tuas</span> <span class='ocrx_word' id='word_1_387' title='bbox 1070 446 1188 475; x_wconf 88' lang='lat' dir='ltr'>virtutis</span> <span class='ocrx_word' id='word_1_388' title='bbox 1202 447 1485 482; x_wconf 74' lang='lat' dir='ltr'>zemulatores,juxla</span> <span class='ocrx_word' id='word_1_389' title='bbox 1501 450 1527 474; x_wconf 89' lang='lat' dir='ltr'>te</span> <span class='ocrx_word' id='word_1_390' title='bbox 1543 447 1816 482; x_wconf 78' lang='lat' dir='ltr'>assurgentes,rel‘e-</span> 
     </span>
    </p>
   </div>
   <div class='ocr_carea' id='block_1_55' title="bbox 999 491 1821 527">
    <p class='ocr_par' dir='ltr' id='par_1_55' title="bbox 999 491 1821 527">
     <span class='ocr_line' id='line_1_55' title="bbox 999 491 1821 527; baseline 0 -9"><span class='ocrx_word' id='word_1_391' title='bbox 999 493 1095 519; x_wconf 90' lang='lat' dir='ltr'>rentes</span> <span class='ocrx_word' id='word_1_392' title='bbox 1108 493 1227 519; x_wconf 87' lang='lat' dir='ltr'>truncos</span> <span class='ocrx_word' id='word_1_393' title='bbox 1253 494 1281 519; x_wconf 90' lang='lat' dir='ltr'>et</span> <span class='ocrx_word' id='word_1_394' title='bbox 1306 500 1402 519; x_wconf 85' lang='lat' dir='ltr'>ramos</span> <span class='ocrx_word' id='word_1_395' title='bbox 1427 494 1456 519; x_wconf 82' lang='lat' dir='ltr'>et</span> <span class='ocrx_word' id='word_1_396' title='bbox 1480 491 1617 525; x_wconf 80' lang='lat' dir='ltr'>frutices;</span> <span class='ocrx_word' id='word_1_397' title='bbox 1634 494 1721 526; x_wconf 90' lang='lat' dir='ltr'>atque</span> <span class='ocrx_word' id='word_1_398' title='bbox 1737 491 1755 518; x_wconf 84' lang='lat' dir='ltr'>ii</span> <span class='ocrx_word' id='word_1_399' title='bbox 1773 499 1821 527; x_wconf 87' lang='lat' dir='ltr'>po-</span> 
     </span>
    </p>
   </div>
   <div class='ocr_carea' id='block_1_56' title="bbox 1000 536 1821 572">
    <p class='ocr_par' dir='ltr' id='par_1_56' title="bbox 1000 536 1821 572">
     <span class='ocr_line' id='line_1_56' title="bbox 1000 536 1821 572; baseline 0 -8"><span class='ocrx_word' id='word_1_400' title='bbox 1000 538 1062 564; x_wconf 83' lang='lat' dir='ltr'>stea</span> <span class='ocrx_word' id='word_1_401' title='bbox 1077 544 1155 564; x_wconf 87' lang='lat' dir='ltr'>nunc</span> <span class='ocrx_word' id='word_1_402' title='bbox 1171 536 1256 564; x_wconf 85' lang='lat' dir='ltr'>ﬂores</span> <span class='ocrx_word' id='word_1_403' title='bbox 1277 537 1425 564; x_wconf 85' lang='lat' dir='ltr'>fructuum</span> <span class='ocrx_word' id='word_1_404' title='bbox 1450 536 1605 572; x_wconf 73' lang='lat' dir='ltr'>signiferos</span> <span class='ocrx_word' id='word_1_405' title='bbox 1630 536 1727 570; x_wconf 77' lang='lat' dir='ltr'>edent,</span> <span class='ocrx_word' id='word_1_406' title='bbox 1743 543 1821 564; x_wconf 86' lang='lat' dir='ltr'>nunc</span> 
     </span>
    </p>
   </div>
   <div class='ocr_carea' id='block_1_57' title="bbox 999 580 1821 616">
    <p class='ocr_par' dir='ltr' id='par_1_57' title="bbox 999 580 1821 616">
     <span class='ocr_line' id='line_1_57' title="bbox 999 580 1821 616; baseline -0.001 -7"><span class='ocrx_word' id='word_1_407' title='bbox 999 581 1114 609; x_wconf 81' lang='lat' dir='ltr'>fruetus</span> <span class='ocrx_word' id='word_1_408' title='bbox 1130 581 1165 609; x_wconf 89' lang='lat' dir='ltr'>ad</span> <span class='ocrx_word' id='word_1_409' title='bbox 1182 581 1311 609; x_wconf 85' lang='lat' dir='ltr'>animam</span> <span class='ocrx_word' id='word_1_410' title='bbox 1327 581 1516 609; x_wconf 77' lang='lat' dir='ltr'>nutriendum</span> <span class='ocrx_word' id='word_1_411' title='bbox 1538 581 1753 616; x_wconf 78' lang='lat' dir='ltr'>germinabunt.</span> <span class='ocrx_word' id='word_1_412' title='bbox 1771 580 1821 608; x_wconf 85' lang='lat' dir='ltr'>His</span> 
     </span>
    </p>
   </div>
   <div class='ocr_carea' id='block_1_58' title="bbox 999 625 1821 662">
    <p class='ocr_par' dir='ltr' id='par_1_58' title="bbox 999 625 1821 662">
     <span class='ocr_line' id='line_1_58' title="bbox 999 625 1821 662; baseline -0.002 -8"><span class='ocrx_word' id='word_1_413' title='bbox 999 626 1087 654; x_wconf 81' lang='lat' dir='ltr'>rebus</span> <span class='ocrx_word' id='word_1_414' title='bbox 1103 626 1240 654; x_wconf 89' lang='lat' dir='ltr'>omnibus</span> <span class='ocrx_word' id='word_1_415' title='bbox 1257 626 1410 662; x_wconf 81' lang='lat' dir='ltr'>privantur</span> <span class='ocrx_word' id='word_1_416' title='bbox 1425 626 1543 654; x_wconf 83' lang='lat' dir='ltr'>arbores</span> <span class='ocrx_word' id='word_1_417' title='bbox 1559 634 1621 661; x_wconf 66' lang='lat' dir='ltr'>quis</span> <span class='ocrx_word' id='word_1_418' title='bbox 1644 633 1695 653; x_wconf 89' lang='lat' dir='ltr'>nec</span> <span class='ocrx_word' id='word_1_419' title='bbox 1712 625 1821 653; x_wconf 80' lang='lat' dir='ltr'>solidas</span> 
     </span>
    </p>
   </div>
   <div class='ocr_carea' id='block_1_59' title="bbox 999 670 1819 707">
    <p class='ocr_par' dir='ltr' id='par_1_59' title="bbox 999 670 1819 707">
     <span class='ocr_line' id='line_1_59' title="bbox 999 670 1819 707; baseline -0.002 -9"><span class='ocrx_word' id='word_1_420' title='bbox 999 671 1112 699; x_wconf 79' lang='lat' dir='ltr'>radices</span> <span class='ocrx_word' id='word_1_421' title='bbox 1125 674 1215 707; x_wconf 84' lang='lat' dir='ltr'>agunt</span> <span class='ocrx_word' id='word_1_422' title='bbox 1230 672 1258 698; x_wconf 89' lang='lat' dir='ltr'>in</span> <span class='ocrx_word' id='word_1_423' title='bbox 1274 671 1477 706; x_wconf 85' lang='lat' dir='ltr'>imum,neque</span> <span class='ocrx_word' id='word_1_424' title='bbox 1493 671 1527 697; x_wconf 84' lang='lat' dir='ltr'>ad</span> <span class='ocrx_word' id='word_1_425' title='bbox 1538 670 1641 698; x_wconf 86' lang='lat' dir='ltr'>ccelum</span> <span class='ocrx_word' id='word_1_426' title='bbox 1650 671 1819 705; x_wconf 84' lang='lat' dir='ltr'>assurgunt,</span> 
     </span>
    </p>
   </div>
   <div class='ocr_carea' id='block_1_60' title="bbox 999 714 1819 752">
    <p class='ocr_par' dir='ltr' id='par_1_60' title="bbox 999 714 1819 752">
     <span class='ocr_line' id='line_1_60' title="bbox 999 714 1819 752; baseline -0.005 -8"><span class='ocrx_word' id='word_1_427' title='bbox 999 717 1094 752; x_wconf 73' lang='lat' dir='ltr'>magis</span> <span class='ocrx_word' id='word_1_428' title='bbox 1110 724 1176 744; x_wconf 88' lang='lat' dir='ltr'>vero</span> <span class='ocrx_word' id='word_1_429' title='bbox 1206 717 1242 743; x_wconf 86' lang='lat' dir='ltr'>ad</span> <span class='ocrx_word' id='word_1_430' title='bbox 1272 716 1433 752; x_wconf 84' lang='lat' dir='ltr'>rependum</span> <span class='ocrx_word' id='word_1_431' title='bbox 1461 715 1542 743; x_wconf 87' lang='lat' dir='ltr'>humi</span> <span class='ocrx_word' id='word_1_432' title='bbox 1571 718 1640 742; x_wconf 87' lang='lat' dir='ltr'>sunt</span> <span class='ocrx_word' id='word_1_433' title='bbox 1657 714 1819 742; x_wconf 61' lang='lat' dir='ltr'>destinatis.</span> 
     </span>
    </p>
   </div>
   <div class='ocr_carea' id='block_1_61' title="bbox 999 759 1822 795">
    <p class='ocr_par' dir='ltr' id='par_1_61' title="bbox 999 759 1822 795">
     <span class='ocr_line' id='line_1_61' title="bbox 999 759 1822 795; baseline -0.002 -7"><span class='ocrx_word' id='word_1_434' title='bbox 999 761 1075 793; x_wconf 87' lang='lat' dir='ltr'>Quas</span> <span class='ocrx_word' id='word_1_435' title='bbox 1092 761 1153 789; x_wconf 90' lang='lat' dir='ltr'>noli</span> <span class='ocrx_word' id='word_1_436' title='bbox 1168 761 1310 794; x_wconf 59' lang='lat' dir='ltr'>aemulari,</span> <span class='ocrx_word' id='word_1_437' title='bbox 1328 769 1344 788; x_wconf 91' lang='grc' dir='ltr'>ο</span> <span class='ocrx_word' id='word_1_438' title='bbox 1358 760 1510 794; x_wconf 86' lang='lat' dir='ltr'>monaobe,</span> <span class='ocrx_word' id='word_1_439' title='bbox 1532 760 1614 787; x_wconf 85' lang='lat' dir='ltr'>humi</span> <span class='ocrx_word' id='word_1_440' title='bbox 1636 759 1773 795; x_wconf 82' lang='lat' dir='ltr'>rependo,</span> <span class='ocrx_word' id='word_1_441' title='bbox 1792 760 1822 786; x_wconf 85' lang='lat' dir='ltr'>ut</span> 
     </span>
    </p>
   </div>
   <div class='ocr_carea' id='block_1_62' title="bbox 999 803 1819 841">
    <p class='ocr_par' dir='ltr' id='par_1_62' title="bbox 999 803 1819 841">
     <span class='ocr_line' id='line_1_62' title="bbox 999 803 1819 841; baseline -0.004 -8"><span class='ocrx_word' id='word_1_442' title='bbox 999 805 1128 833; x_wconf 88' lang='lat' dir='ltr'>tribulus</span> <span class='ocrx_word' id='word_1_443' title='bbox 1141 805 1192 841; x_wconf 88' lang='lat' dir='ltr'>qui</span> <span class='ocrx_word' id='word_1_444' title='bbox 1208 805 1384 841; x_wconf 90' lang='lat' dir='ltr'>optimorum</span> <span class='ocrx_word' id='word_1_445' title='bbox 1401 805 1513 832; x_wconf 84' lang='lat' dir='ltr'>olerum</span> <span class='ocrx_word' id='word_1_446' title='bbox 1530 804 1687 831; x_wconf 80' lang='lat' dir='ltr'>utilitatem</span> <span class='ocrx_word' id='word_1_447' title='bbox 1704 803 1819 837; x_wconf 80' lang='lat' dir='ltr'>adimit;</span> 
     </span>
    </p>
   </div>
   <div class='ocr_carea' id='block_1_63' title="bbox 999 848 1822 886">
    <p class='ocr_par' dir='ltr' id='par_1_63' title="bbox 999 848 1822 886">
     <span class='ocr_line' id='line_1_63' title="bbox 999 848 1822 886; baseline -0.004 -8"><span class='ocrx_word' id='word_1_448' title='bbox 999 858 1052 878; x_wconf 88' lang='lat' dir='ltr'>nec</span> <span class='ocrx_word' id='word_1_449' title='bbox 1067 850 1155 878; x_wconf 86' lang='lat' dir='ltr'>etiam</span> <span class='ocrx_word' id='word_1_450' title='bbox 1172 849 1594 886; x_wconf 65' lang='lat' dir='ltr'>oappariaequiparatur,cujus</span> <span class='ocrx_word' id='word_1_451' title='bbox 1609 848 1684 876; x_wconf 88' lang='lat' dir='ltr'>rami</span> <span class='ocrx_word' id='word_1_452' title='bbox 1700 850 1727 876; x_wconf 88' lang='lat' dir='ltr'>et</span> <span class='ocrx_word' id='word_1_453' title='bbox 1738 856 1822 876; x_wconf 89' lang='lat' dir='ltr'>sum-</span> 
     </span>
    </p>
   </div>
   <div class='ocr_carea' id='block_1_64' title="bbox 1000 894 1822 929">
    <p class='ocr_par' dir='ltr' id='par_1_64' title="bbox 1000 894 1822 929">
     <span class='ocr_line' id='line_1_64' title="bbox 1000 894 1822 929; baseline -0.004 -7"><span class='ocrx_word' id='word_1_454' title='bbox 1000 895 1117 923; x_wconf 87' lang='lat' dir='ltr'>mitates</span> <span class='ocrx_word' id='word_1_455' title='bbox 1128 895 1162 923; x_wconf 91' lang='lat' dir='ltr'>ad</span> <span class='ocrx_word' id='word_1_456' title='bbox 1174 895 1350 923; x_wconf 85' lang='lat' dir='ltr'>vescendum</span> <span class='ocrx_word' id='word_1_457' title='bbox 1360 895 1446 922; x_wconf 81' lang='lat' dir='ltr'>utiles</span> <span class='ocrx_word' id='word_1_458' title='bbox 1453 897 1522 922; x_wconf 89' lang='lat' dir='ltr'>sunt</span> <span class='ocrx_word' id='word_1_459' title='bbox 1531 902 1538 921; x_wconf 87' lang='lat'>:</span> <span class='ocrx_word' id='word_1_460' title='bbox 1548 896 1576 921; x_wconf 90' lang='lat' dir='ltr'>et</span> <span class='ocrx_word' id='word_1_461' title='bbox 1584 901 1709 929; x_wconf 87' lang='lat' dir='ltr'>quorum</span> <span class='ocrx_word' id='word_1_462' title='bbox 1723 894 1822 920; x_wconf 85' lang='lat' dir='ltr'>tamen</span> 
     </span>
    </p>
   </div>
   <div class='ocr_carea' id='block_1_65' title="bbox 999 936 1821 976">
    <p class='ocr_par' dir='ltr' id='par_1_65' title="bbox 999 936 1821 976">
     <span class='ocr_line' id='line_1_65' title="bbox 999 936 1821 976; baseline -0.005 -8"><span class='ocrx_word' id='word_1_463' title='bbox 999 940 1094 976; x_wconf 80' lang='lat' dir='ltr'>spinis</span> <span class='ocrx_word' id='word_1_464' title='bbox 1103 948 1206 975; x_wconf 85' lang='lat' dir='ltr'>aspera</span> <span class='ocrx_word' id='word_1_465' title='bbox 1220 939 1282 967; x_wconf 87' lang='lat' dir='ltr'>loca</span> <span class='ocrx_word' id='word_1_466' title='bbox 1294 939 1399 967; x_wconf 84' lang='lat' dir='ltr'>calcari</span> <span class='ocrx_word' id='word_1_467' title='bbox 1409 948 1465 967; x_wconf 91' lang='lat' dir='ltr'>non</span> <span class='ocrx_word' id='word_1_468' title='bbox 1479 941 1634 975; x_wconf 87' lang='lat' dir='ltr'>possunt,a</span> <span class='ocrx_word' id='word_1_469' title='bbox 1641 938 1752 965; x_wconf 83' lang='lat' dir='ltr'>viatore</span> <span class='ocrx_word' id='word_1_470' title='bbox 1763 936 1821 965; x_wconf 86' lang='lat' dir='ltr'>cal-</span> 
     </span>
    </p>
   </div>
   <div class='ocr_carea' id='block_1_66' title="bbox 1001 983 1821 1019">
    <p class='ocr_par' dir='ltr' id='par_1_66' title="bbox 1001 983 1821 1019">
     <span class='ocr_line' id='line_1_66' title="bbox 1001 983 1821 1019; baseline -0.005 -6"><span class='ocrx_word' id='word_1_471' title='bbox 1001 986 1160 1013; x_wconf 78' lang='lat' dir='ltr'>ceamentis</span> <span class='ocrx_word' id='word_1_472' title='bbox 1170 985 1266 1013; x_wconf 87' lang='lat' dir='ltr'>itineri</span> <span class='ocrx_word' id='word_1_473' title='bbox 1284 985 1397 1013; x_wconf 82' lang='lat' dir='ltr'>idoneis</span> <span class='ocrx_word' id='word_1_474' title='bbox 1413 993 1469 1012; x_wconf 86' lang='lat' dir='ltr'>non</span> <span class='ocrx_word' id='word_1_475' title='bbox 1485 983 1821 1019; x_wconf 85' lang='lat' dir='ltr'>instructo.Cogitahano</span> 
     </span>
    </p>
   </div>
   <div class='ocr_carea' id='block_1_67' title="bbox 999 1028 1820 1066">
    <p class='ocr_par' dir='ltr' id='par_1_67' title="bbox 999 1028 1820 1066">
     <span class='ocr_line' id='line_1_67' title="bbox 999 1028 1820 1066; baseline -0.005 -8"><span class='ocrx_word' id='word_1_476' title='bbox 999 1030 1092 1066; x_wconf 87' lang='lat' dir='ltr'>legem</span> <span class='ocrx_word' id='word_1_477' title='bbox 1108 1029 1242 1066; x_wconf 79' lang='lat' dir='ltr'>agricolis</span> <span class='ocrx_word' id='word_1_478' title='bbox 1260 1029 1358 1057; x_wconf 83' lang='lat' dir='ltr'>datam</span> <span class='ocrx_word' id='word_1_479' title='bbox 1374 1038 1380 1056; x_wconf 91' lang='lat'><strong>:</strong></span> <span class='ocrx_word' id='word_1_480' title='bbox 1399 1029 1501 1057; x_wconf 86' lang='lat' dir='ltr'>sistere</span> <span class='ocrx_word' id='word_1_481' title='bbox 1525 1028 1675 1056; x_wconf 85' lang='lat' dir='ltr'>meliorem</span> <span class='ocrx_word' id='word_1_482' title='bbox 1706 1035 1820 1054; x_wconf 85' lang='lat' dir='ltr'>ramum</span> 
     </span>
    </p>
   </div>
   <div class='ocr_carea' id='block_1_68' title="bbox 1001 1073 1822 1108">
    <p class='ocr_par' dir='ltr' id='par_1_68' title="bbox 1001 1073 1822 1108">
     <span class='ocr_line' id='line_1_68' title="bbox 1001 1073 1822 1108; baseline -0.004 -6"><span class='ocrx_word' id='word_1_483' title='bbox 1001 1077 1083 1102; x_wconf 72' lang='lat' dir='ltr'>terrae</span> <span class='ocrx_word' id='word_1_484' title='bbox 1099 1074 1226 1102; x_wconf 87' lang='lat' dir='ltr'>inditum</span> <span class='ocrx_word' id='word_1_485' title='bbox 1243 1083 1250 1108; x_wconf 86' lang='lat'><strong>;</strong></span> <span class='ocrx_word' id='word_1_486' title='bbox 1267 1074 1409 1102; x_wconf 84' lang='lat' dir='ltr'>minorem</span> <span class='ocrx_word' id='word_1_487' title='bbox 1423 1076 1520 1101; x_wconf 84' lang='lat' dir='ltr'>autem</span> <span class='ocrx_word' id='word_1_488' title='bbox 1537 1073 1655 1106; x_wconf 85' lang='lat' dir='ltr'>moveri,</span> <span class='ocrx_word' id='word_1_489' title='bbox 1672 1074 1705 1100; x_wconf 91' lang='lat' dir='ltr'>ut</span> <span class='ocrx_word' id='word_1_490' title='bbox 1719 1080 1751 1099; x_wconf 92' lang='lat' dir='ltr'>eo</span> <span class='ocrx_word' id='word_1_491' title='bbox 1761 1080 1822 1099; x_wconf 89' lang='lat' dir='ltr'>mo-</span> 
     </span>
    </p>
   </div>
   <div class='ocr_carea' id='block_1_69' title="bbox 1001 1116 1821 1154">
    <p class='ocr_par' dir='ltr' id='par_1_69' title="bbox 1001 1116 1821 1154">
     <span class='ocr_line' id='line_1_69' title="bbox 1001 1116 1821 1154; baseline -0.004 -7"><span class='ocrx_word' id='word_1_492' title='bbox 1001 1120 1037 1147; x_wconf 87' lang='lat' dir='ltr'>do</span> <span class='ocrx_word' id='word_1_493' title='bbox 1053 1122 1130 1147; x_wconf 88' lang='lat' dir='ltr'>terra</span> <span class='ocrx_word' id='word_1_494' title='bbox 1145 1121 1178 1147; x_wconf 80' lang='lat' dir='ltr'>ut</span> <span class='ocrx_word' id='word_1_495' title='bbox 1193 1122 1285 1147; x_wconf 81' lang='lat' dir='ltr'>matre</span> <span class='ocrx_word' id='word_1_496' title='bbox 1300 1119 1429 1146; x_wconf 88' lang='lat' dir='ltr'>nutritus</span> <span class='ocrx_word' id='word_1_497' title='bbox 1444 1119 1580 1154; x_wconf 79' lang='lat' dir='ltr'>assurgat</span> <span class='ocrx_word' id='word_1_498' title='bbox 1596 1119 1693 1145; x_wconf 88' lang='lat' dir='ltr'>rectus</span> <span class='ocrx_word' id='word_1_499' title='bbox 1709 1119 1736 1144; x_wconf 85' lang='lat' dir='ltr'>et</span> <span class='ocrx_word' id='word_1_500' title='bbox 1750 1116 1821 1144; x_wconf 84' lang='lat' dir='ltr'>vali-</span> 
     </span>
    </p>
   </div>
   <div class='ocr_carea' id='block_1_70' title="bbox 1001 1160 1822 1200">
    <p class='ocr_par' dir='ltr' id='par_1_70' title="bbox 1001 1160 1822 1200">
     <span class='ocr_line' id='line_1_70' title="bbox 1001 1160 1822 1200; baseline -0.005 -8"><span class='ocrx_word' id='word_1_501' title='bbox 1001 1164 1057 1192; x_wconf 89' lang='lat' dir='ltr'>dus</span> <span class='ocrx_word' id='word_1_502' title='bbox 1072 1166 1101 1192; x_wconf 87' lang='lat' dir='ltr'>et</span> <span class='ocrx_word' id='word_1_503' title='bbox 1123 1165 1236 1192; x_wconf 77' lang='lat' dir='ltr'>fructus</span> <span class='ocrx_word' id='word_1_504' title='bbox 1260 1164 1398 1200; x_wconf 82' lang='lat' dir='ltr'>proferat.</span> <span class='ocrx_word' id='word_1_505' title='bbox 1414 1163 1450 1191; x_wconf 81' lang='lat' dir='ltr'>Et</span> <span class='ocrx_word' id='word_1_506' title='bbox 1469 1165 1499 1190; x_wconf 91' lang='lat' dir='ltr'>tu</span> <span class='ocrx_word' id='word_1_507' title='bbox 1522 1170 1720 1199; x_wconf 83' lang='lat' dir='ltr'>perseverans,</span> <span class='ocrx_word' id='word_1_508' title='bbox 1737 1160 1822 1198; x_wconf 80' lang='lat' dir='ltr'>quasi</span> 
     </span>
    </p>
   </div>
   <div class='ocr_carea' id='block_1_71' title="bbox 1000 1208 1822 1239">
    <p class='ocr_par' dir='ltr' id='par_1_71' title="bbox 1000 1208 1822 1239">
     <span class='ocr_line' id='line_1_71' title="bbox 1000 1208 1822 1239; baseline -0.005 -2"><span class='ocrx_word' id='word_1_509' title='bbox 1000 1212 1084 1237; x_wconf 64' lang='lat' dir='ltr'>terra</span> <span class='ocrx_word' id='word_1_510' title='bbox 1100 1209 1230 1237; x_wconf 87' lang='lat' dir='ltr'>insertus</span> <span class='ocrx_word' id='word_1_511' title='bbox 1245 1217 1280 1236; x_wconf 88' lang='lat' dir='ltr'>ex</span> <span class='ocrx_word' id='word_1_512' title='bbox 1300 1208 1443 1236; x_wconf 86' lang='lat' dir='ltr'>oblivione</span> <span class='ocrx_word' id='word_1_513' title='bbox 1466 1216 1564 1236; x_wconf 85' lang='lat' dir='ltr'>rerum</span> <span class='ocrx_word' id='word_1_514' title='bbox 1580 1209 1777 1239; x_wconf 82' lang='lat' dir='ltr'>externarum,</span> <span class='ocrx_word' id='word_1_515' title='bbox 1794 1208 1822 1233; x_wconf 90' lang='lat' dir='ltr'>et</span> 
     </span>
    </p>
   </div>
   <div class='ocr_carea' id='block_1_72' title="bbox 1000 1251 1822 1284">
    <p class='ocr_par' dir='ltr' id='par_1_72' title="bbox 1000 1251 1822 1284">
     <span class='ocr_line' id='line_1_72' title="bbox 1000 1251 1822 1284; baseline -0.005 -2"><span class='ocrx_word' id='word_1_516' title='bbox 1000 1253 1149 1282; x_wconf 84' lang='lat' dir='ltr'>radicibus</span> <span class='ocrx_word' id='word_1_517' title='bbox 1171 1254 1276 1282; x_wconf 81' lang='lat' dir='ltr'>ﬁrmus</span> <span class='ocrx_word' id='word_1_518' title='bbox 1293 1253 1417 1281; x_wconf 80' lang='lat' dir='ltr'>ascende</span> <span class='ocrx_word' id='word_1_519' title='bbox 1432 1253 1469 1280; x_wconf 93' lang='lat' dir='ltr'>ad</span> <span class='ocrx_word' id='word_1_520' title='bbox 1494 1252 1631 1280; x_wconf 85' lang='lat' dir='ltr'>verticem</span> <span class='ocrx_word' id='word_1_521' title='bbox 1648 1251 1776 1284; x_wconf 87' lang='lat' dir='ltr'>virtutis,</span> <span class='ocrx_word' id='word_1_522' title='bbox 1793 1253 1822 1278; x_wconf 89' lang='lat' dir='ltr'>et</span> 
     </span>
    </p>
   </div>
   <div class='ocr_carea' id='block_1_73' title="bbox 1001 1296 1821 1334">
    <p class='ocr_par' dir='ltr' id='par_1_73' title="bbox 1001 1296 1821 1334">
     <span class='ocr_line' id='line_1_73' title="bbox 1001 1296 1821 1334; baseline -0.004 -8"><span class='ocrx_word' id='word_1_523' title='bbox 1001 1307 1073 1334; x_wconf 86' lang='lat' dir='ltr'>para</span> <span class='ocrx_word' id='word_1_524' title='bbox 1087 1298 1318 1334; x_wconf 79' lang='lat' dir='ltr'>profunditatem</span> <span class='ocrx_word' id='word_1_525' title='bbox 1335 1300 1363 1325; x_wconf 88' lang='lat' dir='ltr'>et</span> <span class='ocrx_word' id='word_1_526' title='bbox 1382 1297 1568 1325; x_wconf 82' lang='lat' dir='ltr'>altitudinem</span> <span class='ocrx_word' id='word_1_527' title='bbox 1593 1296 1741 1329; x_wconf 82' lang='lat' dir='ltr'>eximiam,</span> <span class='ocrx_word' id='word_1_528' title='bbox 1757 1303 1821 1331; x_wconf 72' lang='lat' dir='ltr'>quae</span> 
     </span>
    </p>
   </div>
   <div class='ocr_carea' id='block_1_74' title="bbox 1000 1342 1384 1371">
    <p class='ocr_par' dir='ltr' id='par_1_74' title="bbox 1000 1342 1384 1371">
     <span class='ocr_line' id='line_1_74' title="bbox 1000 1342 1384 1371; baseline 0 -1"><span class='ocrx_word' id='word_1_529' title='bbox 1000 1343 1058 1370; x_wconf 87' lang='lat' dir='ltr'>sint</span> <span class='ocrx_word' id='word_1_530' title='bbox 1073 1343 1192 1371; x_wconf 89' lang='lat' dir='ltr'>omnino</span> <span class='ocrx_word' id='word_1_531' title='bbox 1207 1342 1384 1371; x_wconf 86' lang='lat' dir='ltr'>immobiles.</span> 
     </span>
    </p>
   </div>
   <div class='ocr_carea' id='block_1_75' title="bbox 1036 1438 1819 1476">
    <p class='ocr_par' dir='ltr' id='par_1_75' title="bbox 1036 1438 1819 1476">
     <span class='ocr_line' id='line_1_75' title="bbox 1036 1438 1819 1476; baseline -0.005 -7"><span class='ocrx_word' id='word_1_532' title='bbox 1036 1442 1079 1469; x_wconf 84' lang='grc'>40.</span> <span class='ocrx_word' id='word_1_533' title='bbox 1097 1441 1169 1474; x_wconf 86' lang='lat' dir='ltr'>Quid</span> <span class='ocrx_word' id='word_1_534' title='bbox 1186 1442 1264 1469; x_wconf 89' lang='lat' dir='ltr'>enim</span> <span class='ocrx_word' id='word_1_535' title='bbox 1281 1441 1374 1476; x_wconf 83' lang='lat' dir='ltr'>magis</span> <span class='ocrx_word' id='word_1_536' title='bbox 1388 1441 1555 1475; x_wconf 89' lang='lat' dir='ltr'>ridendum,</span> <span class='ocrx_word' id='word_1_537' title='bbox 1576 1447 1664 1476; x_wconf 84' lang='lat' dir='ltr'>quam</span> <span class='ocrx_word' id='word_1_538' title='bbox 1681 1448 1697 1466; x_wconf 91' lang='lat' dir='ltr'>a</span> <span class='ocrx_word' id='word_1_539' title='bbox 1712 1438 1819 1475; x_wconf 86' lang='lat' dir='ltr'>princi-</span> 
     </span>
    </p>
   </div>
   <div class='ocr_carea' id='block_1_76' title="bbox 1001 1483 1819 1522">
    <p class='ocr_par' dir='ltr' id='par_1_76' title="bbox 1001 1483 1819 1522">
     <span class='ocr_line' id='line_1_76' title="bbox 1001 1483 1819 1522; baseline -0.005 -8"><span class='ocrx_word' id='word_1_540' title='bbox 1001 1486 1049 1522; x_wconf 90' lang='lat' dir='ltr'>pio</span> <span class='ocrx_word' id='word_1_541' title='bbox 1064 1486 1228 1522; x_wconf 85' lang='lat' dir='ltr'>relinquere</span> <span class='ocrx_word' id='word_1_542' title='bbox 1255 1486 1371 1522; x_wconf 85' lang='lat' dir='ltr'>negotia</span> <span class='ocrx_word' id='word_1_543' title='bbox 1398 1485 1536 1519; x_wconf 84' lang='lat' dir='ltr'>civitatis,</span> <span class='ocrx_word' id='word_1_544' title='bbox 1566 1484 1659 1512; x_wconf 87' lang='lat' dir='ltr'>oculis</span> <span class='ocrx_word' id='word_1_545' title='bbox 1687 1483 1819 1511; x_wconf 88' lang='lat' dir='ltr'>omnium</span> 
     </span>
    </p>
   </div>
   <div class='ocr_carea' id='block_1_77' title="bbox 1000 1528 1821 1565">
    <p class='ocr_par' dir='ltr' id='par_1_77' title="bbox 1000 1528 1821 1565">
     <span class='ocr_line' id='line_1_77' title="bbox 1000 1528 1821 1565; baseline -0.005 -7"><span class='ocrx_word' id='word_1_546' title='bbox 1000 1531 1161 1558; x_wconf 81' lang='lat' dir='ltr'>amicorum</span> <span class='ocrx_word' id='word_1_547' title='bbox 1176 1530 1310 1558; x_wconf 81' lang='lat' dir='ltr'>subtrahi</span> <span class='ocrx_word' id='word_1_548' title='bbox 1343 1533 1371 1557; x_wconf 91' lang='lat' dir='ltr'>et</span> <span class='ocrx_word' id='word_1_549' title='bbox 1400 1529 1580 1565; x_wconf 87' lang='lat' dir='ltr'>reliquorum</span> <span class='ocrx_word' id='word_1_550' title='bbox 1610 1528 1821 1564; x_wconf 82' lang='lat' dir='ltr'>proximorum,</span> 
     </span>
    </p>
   </div>
   <div class='ocr_carea' id='block_1_78' title="bbox 1000 1571 1819 1611">
    <p class='ocr_par' dir='ltr' id='par_1_78' title="bbox 1000 1571 1819 1611">
     <span class='ocr_line' id='line_1_78' title="bbox 1000 1571 1819 1611; baseline -0.006 -8"><span class='ocrx_word' id='word_1_551' title='bbox 1000 1575 1112 1611; x_wconf 80' lang='lat' dir='ltr'>apicem</span> <span class='ocrx_word' id='word_1_552' title='bbox 1129 1575 1245 1603; x_wconf 87' lang='lat' dir='ltr'>virtutis</span> <span class='ocrx_word' id='word_1_553' title='bbox 1261 1575 1428 1607; x_wconf 80' lang='lat' dir='ltr'>ascendere,</span> <span class='ocrx_word' id='word_1_554' title='bbox 1445 1573 1534 1609; x_wconf 67' lang='lat' dir='ltr'>quaeri</span> <span class='ocrx_word' id='word_1_555' title='bbox 1550 1575 1578 1600; x_wconf 86' lang='lat' dir='ltr'>et</span> <span class='ocrx_word' id='word_1_556' title='bbox 1602 1581 1659 1600; x_wconf 89' lang='lat' dir='ltr'>non</span> <span class='ocrx_word' id='word_1_557' title='bbox 1684 1571 1819 1605; x_wconf 85' lang='lat' dir='ltr'>inveniri,</span> 
     </span>
    </p>
   </div>
   <div class='ocr_carea' id='block_1_79' title="bbox 1001 1618 1820 1656">
    <p class='ocr_par' dir='ltr' id='par_1_79' title="bbox 1001 1618 1820 1656">
     <span class='ocr_line' id='line_1_79' title="bbox 1001 1618 1820 1656; baseline -0.006 -8"><span class='ocrx_word' id='word_1_558' title='bbox 1001 1622 1088 1656; x_wconf 83' lang='lat' dir='ltr'>atque</span> <span class='ocrx_word' id='word_1_559' title='bbox 1102 1620 1201 1656; x_wconf 87' lang='lat' dir='ltr'>elapso</span> <span class='ocrx_word' id='word_1_560' title='bbox 1218 1620 1330 1647; x_wconf 89' lang='lat' dir='ltr'>modico</span> <span class='ocrx_word' id='word_1_561' title='bbox 1346 1622 1476 1655; x_wconf 85' lang='lat' dir='ltr'>tempore</span> <span class='ocrx_word' id='word_1_562' title='bbox 1497 1618 1609 1651; x_wconf 76' lang='lat' dir='ltr'>reverti,</span> <span class='ocrx_word' id='word_1_563' title='bbox 1626 1620 1655 1644; x_wconf 87' lang='lat' dir='ltr'>et</span> <span class='ocrx_word' id='word_1_564' title='bbox 1669 1625 1726 1644; x_wconf 90' lang='lat' dir='ltr'>non</span> <span class='ocrx_word' id='word_1_565' title='bbox 1743 1624 1820 1652; x_wconf 70' lang='lat' dir='ltr'>quaa-</span> 
     </span>
    </p>
   </div>
   <div class='ocr_carea' id='block_1_80' title="bbox 1001 1661 1820 1698">
    <p class='ocr_par' dir='ltr' id='par_1_80' title="bbox 1001 1661 1820 1698">
     <span class='ocr_line' id='line_1_80' title="bbox 1001 1661 1820 1698; baseline -0.005 -6"><span class='ocrx_word' id='word_1_566' title='bbox 1001 1665 1143 1698; x_wconf 87' lang='lat' dir='ltr'>rentibus,</span> <span class='ocrx_word' id='word_1_567' title='bbox 1161 1665 1219 1692; x_wconf 92' lang='lat' dir='ltr'>imo</span> <span class='ocrx_word' id='word_1_568' title='bbox 1249 1673 1306 1692; x_wconf 89' lang='lat' dir='ltr'>non</span> <span class='ocrx_word' id='word_1_569' title='bbox 1336 1663 1533 1698; x_wconf 78' lang='lat' dir='ltr'>cogitantibus</span> <span class='ocrx_word' id='word_1_570' title='bbox 1563 1661 1727 1698; x_wconf 81' lang='lat' dir='ltr'>apparere?</span> <span class='ocrx_word' id='word_1_571' title='bbox 1741 1663 1820 1695; x_wconf 85' lang='lat' dir='ltr'>Sero,</span> 
     </span>
    </p>
   </div>
   <div class='ocr_carea' id='block_1_81' title="bbox 1000 1706 1819 1745">
    <p class='ocr_par' dir='ltr' id='par_1_81' title="bbox 1000 1706 1819 1745">
     <span class='ocr_line' id='line_1_81' title="bbox 1000 1706 1819 1745; baseline -0.006 -7"><span class='ocrx_word' id='word_1_572' title='bbox 1000 1718 1017 1738; x_wconf 88' lang='grc' dir='ltr'>ο</span> <span class='ocrx_word' id='word_1_573' title='bbox 1033 1709 1131 1742; x_wconf 86' lang='lat' dir='ltr'>homo,</span> <span class='ocrx_word' id='word_1_574' title='bbox 1148 1710 1183 1737; x_wconf 92' lang='lat' dir='ltr'>ad</span> <span class='ocrx_word' id='word_1_575' title='bbox 1204 1708 1404 1745; x_wconf 78' lang='lat' dir='ltr'>pmnitentiam</span> <span class='ocrx_word' id='word_1_576' title='bbox 1434 1716 1568 1740; x_wconf 79' lang='lat' dir='ltr'>Veneres,</span> <span class='ocrx_word' id='word_1_577' title='bbox 1597 1706 1676 1734; x_wconf 89' lang='lat' dir='ltr'>brevi</span> <span class='ocrx_word' id='word_1_578' title='bbox 1709 1707 1819 1734; x_wconf 85' lang='lat' dir='ltr'>mutato</span> 
     </span>
    </p>
   </div>
   <div class='ocr_carea' id='block_1_82' title="bbox 999 1750 1820 1790">
    <p class='ocr_par' dir='ltr' id='par_1_82' title="bbox 999 1750 1820 1790">
     <span class='ocr_line' id='line_1_82' title="bbox 999 1750 1820 1790; baseline -0.005 -8"><span class='ocrx_word' id='word_1_579' title='bbox 999 1753 1121 1782; x_wconf 85' lang='lat' dir='ltr'>consilio</span> <span class='ocrx_word' id='word_1_580' title='bbox 1140 1754 1240 1790; x_wconf 86' lang='lat' dir='ltr'>pedem</span> <span class='ocrx_word' id='word_1_581' title='bbox 1253 1753 1388 1786; x_wconf 88' lang='lat' dir='ltr'>retulisti,</span> <span class='ocrx_word' id='word_1_582' title='bbox 1405 1761 1438 1780; x_wconf 92' lang='lat' dir='ltr'>eo</span> <span class='ocrx_word' id='word_1_583' title='bbox 1456 1751 1537 1779; x_wconf 88' lang='lat' dir='ltr'>nullo</span> <span class='ocrx_word' id='word_1_584' title='bbox 1552 1752 1655 1779; x_wconf 87' lang='lat' dir='ltr'>decore</span> <span class='ocrx_word' id='word_1_585' title='bbox 1664 1750 1820 1779; x_wconf 85' lang='lat' dir='ltr'>reﬂecteris</span> 
     </span>
    </p>
   </div>
   <div class='ocr_carea' id='block_1_83' title="bbox 1001 1796 1819 1832">
    <p class='ocr_par' dir='ltr' id='par_1_83' title="bbox 1001 1796 1819 1832">
     <span class='ocr_line' id='line_1_83' title="bbox 1001 1796 1819 1832; baseline -0.006 -5"><span class='ocrx_word' id='word_1_586' title='bbox 1001 1800 1078 1827; x_wconf 90' lang='lat' dir='ltr'>unde</span> <span class='ocrx_word' id='word_1_587' title='bbox 1103 1799 1225 1827; x_wconf 83' lang='lat' dir='ltr'>feliciter</span> <span class='ocrx_word' id='word_1_588' title='bbox 1251 1807 1382 1826; x_wconf 83' lang='lat' dir='ltr'>veneras.</span> <span class='ocrx_word' id='word_1_589' title='bbox 1408 1798 1470 1825; x_wconf 89' lang='lat' dir='ltr'>Non</span> <span class='ocrx_word' id='word_1_590' title='bbox 1504 1797 1546 1825; x_wconf 88' lang='lat' dir='ltr'>sic</span> <span class='ocrx_word' id='word_1_591' title='bbox 1576 1805 1667 1832; x_wconf 85' lang='lat' dir='ltr'>equus</span> <span class='ocrx_word' id='word_1_592' title='bbox 1696 1796 1819 1828; x_wconf 85' lang='lat' dir='ltr'>otiosus,</span> 
     </span>
    </p>
   </div>
   <div class='ocr_carea' id='block_1_84' title="bbox 1001 1841 1818 1879">
    <p class='ocr_par' dir='ltr' id='par_1_84' title="bbox 1001 1841 1818 1879">
     <span class='ocr_line' id='line_1_84' title="bbox 1001 1841 1818 1879; baseline -0.005 -7"><span class='ocrx_word' id='word_1_593' title='bbox 1001 1847 1103 1879; x_wconf 86' lang='lat' dir='ltr'>pastus</span> <span class='ocrx_word' id='word_1_594' title='bbox 1119 1844 1147 1871; x_wconf 90' lang='lat' dir='ltr'>in</span> <span class='ocrx_word' id='word_1_595' title='bbox 1174 1843 1296 1878; x_wconf 80' lang='lat' dir='ltr'>faliscis,</span> <span class='ocrx_word' id='word_1_596' title='bbox 1320 1845 1348 1870; x_wconf 84' lang='lat' dir='ltr'>et</span> <span class='ocrx_word' id='word_1_597' title='bbox 1374 1845 1457 1878; x_wconf 81' lang='lat' dir='ltr'>prata</span> <span class='ocrx_word' id='word_1_598' title='bbox 1480 1842 1604 1878; x_wconf 82' lang='lat' dir='ltr'>pristina</span> <span class='ocrx_word' id='word_1_599' title='bbox 1627 1841 1818 1877; x_wconf 86' lang='lat' dir='ltr'>imaginatus,</span> 
     </span>
    </p>
   </div>
   <div class='ocr_carea' id='block_1_85' title="bbox 1000 1884 1818 1925">
    <p class='ocr_par' dir='ltr' id='par_1_85' title="bbox 1000 1884 1818 1925">
     <span class='ocr_line' id='line_1_85' title="bbox 1000 1884 1818 1925; baseline -0.006 -8"><span class='ocrx_word' id='word_1_600' title='bbox 1000 1897 1033 1917; x_wconf 84' lang='lat' dir='ltr'>ac</span> <span class='ocrx_word' id='word_1_601' title='bbox 1048 1891 1153 1925; x_wconf 85' lang='lat' dir='ltr'>stagna</span> <span class='ocrx_word' id='word_1_602' title='bbox 1168 1888 1217 1916; x_wconf 90' lang='lat' dir='ltr'>ubi</span> <span class='ocrx_word' id='word_1_603' title='bbox 1234 1888 1395 1916; x_wconf 85' lang='lat' dir='ltr'>indomitus</span> <span class='ocrx_word' id='word_1_604' title='bbox 1415 1888 1564 1923; x_wconf 84' lang='lat' dir='ltr'>pascebat,</span> <span class='ocrx_word' id='word_1_605' title='bbox 1589 1884 1818 1914; x_wconf 80' lang='lat' dir='ltr'>irrationabilem</span> 
     </span>
    </p>
   </div>
   <div class='ocr_carea' id='block_1_86' title="bbox 999 1929 1821 1967">
    <p class='ocr_par' dir='ltr' id='par_1_86' title="bbox 999 1929 1821 1967">
     <span class='ocr_line' id='line_1_86' title="bbox 999 1929 1821 1967; baseline -0.005 -5"><span class='ocrx_word' id='word_1_606' title='bbox 999 1934 1132 1962; x_wconf 86' lang='lat' dir='ltr'>ardorem</span> <span class='ocrx_word' id='word_1_607' title='bbox 1149 1933 1328 1967; x_wconf 69' lang='lat' dir='ltr'>manifestat,</span> <span class='ocrx_word' id='word_1_608' title='bbox 1343 1941 1410 1960; x_wconf 92' lang='lat' dir='ltr'>cum</span> <span class='ocrx_word' id='word_1_609' title='bbox 1425 1932 1540 1960; x_wconf 87' lang='lat' dir='ltr'>vincula</span> <span class='ocrx_word' id='word_1_610' title='bbox 1563 1932 1684 1967; x_wconf 87' lang='lat' dir='ltr'>rumpit,</span> <span class='ocrx_word' id='word_1_611' title='bbox 1701 1933 1729 1959; x_wconf 89' lang='lat' dir='ltr'>et</span> <span class='ocrx_word' id='word_1_612' title='bbox 1750 1929 1821 1958; x_wconf 81' lang='lat' dir='ltr'>illuc</span> 
     </span>
    </p>
   </div>
   <div class='ocr_carea' id='block_1_87' title="bbox 999 1975 1821 2014">
    <p class='ocr_par' dir='ltr' id='par_1_87' title="bbox 999 1975 1821 2014">
     <span class='ocr_line' id='line_1_87' title="bbox 999 1975 1821 2014; baseline -0.004 -8"><span class='ocrx_word' id='word_1_613' title='bbox 999 1980 1098 2006; x_wconf 86' lang='lat' dir='ltr'>currat</span> <span class='ocrx_word' id='word_1_614' title='bbox 1113 1978 1162 2006; x_wconf 92' lang='lat' dir='ltr'>ubi</span> <span class='ocrx_word' id='word_1_615' title='bbox 1182 1978 1263 2014; x_wconf 91' lang='lat' dir='ltr'>prius</span> <span class='ocrx_word' id='word_1_616' title='bbox 1290 1977 1437 2013; x_wconf 80' lang='lat' dir='ltr'>pascebat.</span> <span class='ocrx_word' id='word_1_617' title='bbox 1462 1977 1598 2013; x_wconf 82' lang='lat' dir='ltr'>lgnorare</span> <span class='ocrx_word' id='word_1_618' title='bbox 1617 1976 1736 2009; x_wconf 80' lang='lat' dir='ltr'>videris,</span> <span class='ocrx_word' id='word_1_619' title='bbox 1760 1975 1821 2003; x_wconf 84' lang='lat' dir='ltr'>fra-</span> 
     </span>
    </p>
   </div>
   <div class='ocr_carea' id='block_1_88' title="bbox 998 2019 1818 2057">
    <p class='ocr_par' dir='ltr' id='par_1_88' title="bbox 998 2019 1818 2057">
     <span class='ocr_line' id='line_1_88' title="bbox 998 2019 1818 2057; baseline -0.004 -8"><span class='ocrx_word' id='word_1_620' title='bbox 998 2023 1052 2056; x_wconf 86' lang='lat' dir='ltr'>ter,</span> <span class='ocrx_word' id='word_1_621' title='bbox 1070 2030 1143 2057; x_wconf 85' lang='lat' dir='ltr'>quas</span> <span class='ocrx_word' id='word_1_622' title='bbox 1158 2021 1329 2053; x_wconf 86' lang='lat' dir='ltr'>sententias,</span> <span class='ocrx_word' id='word_1_623' title='bbox 1355 2020 1435 2048; x_wconf 85' lang='lat' dir='ltr'>solus</span> <span class='ocrx_word' id='word_1_624' title='bbox 1457 2022 1646 2048; x_wconf 87' lang='lat' dir='ltr'>conversatus</span> <span class='ocrx_word' id='word_1_625' title='bbox 1668 2028 1734 2047; x_wconf 86' lang='lat' dir='ltr'>cum</span> <span class='ocrx_word' id='word_1_626' title='bbox 1750 2019 1818 2053; x_wconf 87' lang='lat' dir='ltr'>Deo,</span> 
     </span>
    </p>
   </div>
   <div class='ocr_carea' id='block_1_89' title="bbox 998 2063 1820 2102">
    <p class='ocr_par' dir='ltr' id='par_1_89' title="bbox 998 2063 1820 2102">
     <span class='ocr_line' id='line_1_89' title="bbox 998 2063 1820 2102; baseline -0.006 -8"><span class='ocrx_word' id='word_1_627' title='bbox 998 2066 1163 2102; x_wconf 81' lang='lat' dir='ltr'>collegerat.</span> <span class='ocrx_word' id='word_1_628' title='bbox 1180 2066 1318 2094; x_wconf 86' lang='lat' dir='ltr'>continuo</span> <span class='ocrx_word' id='word_1_629' title='bbox 1333 2074 1382 2093; x_wconf 88' lang='lat' dir='ltr'>eas</span> <span class='ocrx_word' id='word_1_630' title='bbox 1398 2065 1518 2102; x_wconf 86' lang='lat' dir='ltr'>perdere</span> <span class='ocrx_word' id='word_1_631' title='bbox 1539 2073 1604 2092; x_wconf 84' lang='lat' dir='ltr'>cum</span> <span class='ocrx_word' id='word_1_632' title='bbox 1628 2064 1739 2100; x_wconf 84' lang='lat' dir='ltr'>plateas</span> <span class='ocrx_word' id='word_1_633' title='bbox 1763 2063 1820 2090; x_wconf 73' lang='lat' dir='ltr'>fre-</span> 
     </span>
    </p>
   </div>
   <div class='ocr_carea' id='block_1_90' title="bbox 998 2109 1818 2147">
    <p class='ocr_par' dir='ltr' id='par_1_90' title="bbox 998 2109 1818 2147">
     <span class='ocr_line' id='line_1_90' title="bbox 998 2109 1818 2147; baseline -0.006 -8"><span class='ocrx_word' id='word_1_634' title='bbox 998 2113 1137 2147; x_wconf 85' lang='lat' dir='ltr'>quentat;</span> <span class='ocrx_word' id='word_1_635' title='bbox 1155 2119 1170 2138; x_wconf 92' lang='lat' dir='ltr'>e</span> <span class='ocrx_word' id='word_1_636' title='bbox 1185 2111 1326 2138; x_wconf 82' lang='lat' dir='ltr'>memoria</span> <span class='ocrx_word' id='word_1_637' title='bbox 1347 2109 1494 2138; x_wconf 81' lang='lat' dir='ltr'>solitariae</span> <span class='ocrx_word' id='word_1_638' title='bbox 1517 2109 1708 2146; x_wconf 82' lang='lat' dir='ltr'>cogitationes</span> <span class='ocrx_word' id='word_1_639' title='bbox 1734 2115 1818 2135; x_wconf 88' lang='lat' dir='ltr'>mun-</span> 
     </span>
    </p>
   </div>
   <div class='ocr_carea' id='block_1_91' title="bbox 998 2153 1819 2192">
    <p class='ocr_par' dir='ltr' id='par_1_91' title="bbox 998 2153 1819 2192">
     <span class='ocr_line' id='line_1_91' title="bbox 998 2153 1819 2192; baseline -0.005 -9"><span class='ocrx_word' id='word_1_640' title='bbox 998 2156 1083 2184; x_wconf 86' lang='lat' dir='ltr'>danis</span> <span class='ocrx_word' id='word_1_641' title='bbox 1097 2155 1212 2192; x_wconf 84' lang='lat' dir='ltr'>expelli,</span> <span class='ocrx_word' id='word_1_642' title='bbox 1230 2158 1328 2191; x_wconf 87' lang='lat' dir='ltr'>atque,</span> <span class='ocrx_word' id='word_1_643' title='bbox 1346 2155 1467 2183; x_wconf 87' lang='lat' dir='ltr'>mutatis</span> <span class='ocrx_word' id='word_1_644' title='bbox 1487 2154 1572 2190; x_wconf 87' lang='lat' dir='ltr'>quasi</span> <span class='ocrx_word' id='word_1_645' title='bbox 1598 2153 1721 2188; x_wconf 87' lang='lat' dir='ltr'>vicibus,</span> <span class='ocrx_word' id='word_1_646' title='bbox 1737 2159 1819 2180; x_wconf 82' lang='lat' dir='ltr'>asce-</span> 
     </span>
    </p>
   </div>
   <div class='ocr_carea' id='block_1_92' title="bbox 996 2197 1819 2235">
    <p class='ocr_par' dir='ltr' id='par_1_92' title="bbox 996 2197 1819 2235">
     <span class='ocr_line' id='line_1_92' title="bbox 996 2197 1819 2235; baseline -0.005 -7"><span class='ocrx_word' id='word_1_647' title='bbox 996 2202 1057 2228; x_wconf 77' lang='lat' dir='ltr'>tam</span> <span class='ocrx_word' id='word_1_648' title='bbox 1072 2200 1297 2228; x_wconf 85' lang='lat' dir='ltr'>descendentem</span> <span class='ocrx_word' id='word_1_649' title='bbox 1312 2198 1478 2235; x_wconf 87' lang='lat' dir='ltr'>spiritualia</span> <span class='ocrx_word' id='word_1_650' title='bbox 1492 2207 1526 2226; x_wconf 81' lang='lat' dir='ltr'>ex</span> <span class='ocrx_word' id='word_1_651' title='bbox 1541 2197 1599 2226; x_wconf 88' lang='lat' dir='ltr'>alto</span> <span class='ocrx_word' id='word_1_652' title='bbox 1620 2198 1760 2225; x_wconf 85' lang='lat' dir='ltr'>deorsum</span> <span class='ocrx_word' id='word_1_653' title='bbox 1772 2204 1819 2224; x_wconf 86' lang='lat' dir='ltr'>re-</span> 
     </span>
    </p>
   </div>
   <div class='ocr_carea' id='block_1_93' title="bbox 997 2242 1815 2281">
    <p class='ocr_par' dir='ltr' id='par_1_93' title="bbox 997 2242 1815 2281">
     <span class='ocr_line' id='line_1_93' title="bbox 997 2242 1815 2281; baseline -0.005 -9"><span class='ocrx_word' id='word_1_654' title='bbox 997 2245 1140 2281; x_wconf 86' lang='lat' dir='ltr'>linquere,</span> <span class='ocrx_word' id='word_1_655' title='bbox 1150 2247 1290 2280; x_wconf 85' lang='lat' dir='ltr'>eaque,ut</span> <span class='ocrx_word' id='word_1_656' title='bbox 1304 2242 1638 2279; x_wconf 86' lang='lat' dir='ltr'>camelum,inclinatum</span> <span class='ocrx_word' id='word_1_657' title='bbox 1654 2242 1815 2278; x_wconf 87' lang='lat' dir='ltr'>deponere;</span> 
     </span>
    </p>
   </div>
   <div class='ocr_carea' id='block_1_94' title="bbox 997 2287 1818 2325">
    <p class='ocr_par' dir='ltr' id='par_1_94' title="bbox 997 2287 1818 2325">
     <span class='ocr_line' id='line_1_94' title="bbox 997 2287 1818 2325; baseline -0.006 -7"><span class='ocrx_word' id='word_1_658' title='bbox 997 2298 1063 2318; x_wconf 85' lang='lat' dir='ltr'>eum</span> <span class='ocrx_word' id='word_1_659' title='bbox 1080 2298 1165 2318; x_wconf 86' lang='lat' dir='ltr'>curas</span> <span class='ocrx_word' id='word_1_660' title='bbox 1181 2290 1317 2325; x_wconf 86' lang='lat' dir='ltr'>vulgares</span> <span class='ocrx_word' id='word_1_661' title='bbox 1339 2288 1448 2321; x_wconf 84' lang='lat' dir='ltr'>subire,</span> <span class='ocrx_word' id='word_1_662' title='bbox 1471 2289 1546 2316; x_wconf 83' lang='lat' dir='ltr'>ferre</span> <span class='ocrx_word' id='word_1_663' title='bbox 1567 2287 1598 2315; x_wconf 86' lang='lat' dir='ltr'>in</span> <span class='ocrx_word' id='word_1_664' title='bbox 1623 2287 1734 2320; x_wconf 88' lang='lat' dir='ltr'>altum;</span> <span class='ocrx_word' id='word_1_665' title='bbox 1752 2294 1818 2322; x_wconf 69' lang='lat' dir='ltr'>pro~</span> 
     </span>
    </p>
   </div>
   <div class='ocr_carea' id='block_1_95' title="bbox 115 2331 942 2375">
    <p class='ocr_par' dir='ltr' id='par_1_95' title="bbox 115 2333 941 2375">
     <span class='ocr_line' id='line_1_95' title="bbox 115 2333 941 2375; baseline 0 -13"><span class='ocrx_word' id='word_1_666' title='bbox 115 2333 143 2362; x_wconf 72' lang='grc' dir='ltr'>δὲ</span> <span class='ocrx_word' id='word_1_667' title='bbox 157 2339 208 2370; x_wconf 78' lang='grc' dir='ltr'>τῆς</span> <span class='ocrx_word' id='word_1_668' title='bbox 223 2333 328 2373; x_wconf 71' lang='grc' dir='ltr'>τύρϐης</span> <span class='ocrx_word' id='word_1_669' title='bbox 344 2336 506 2375; x_wconf 75' lang='grc' dir='ltr'>ἀχθοφορῶν</span> <span class='ocrx_word' id='word_1_670' title='bbox 519 2335 573 2363; x_wconf 78' lang='grc' dir='ltr'>ἅνω</span> <span class='ocrx_word' id='word_1_671' title='bbox 597 2335 682 2374; x_wconf 75' lang='grc' dir='ltr'>φέρει,</span> <span class='ocrx_word' id='word_1_672' title='bbox 705 2335 749 2362; x_wconf 78' lang='grc' dir='ltr'>καὶ</span> <span class='ocrx_word' id='word_1_673' title='bbox 772 2337 820 2362; x_wconf 78' lang='grc' dir='ltr'>τοῦ</span> <span class='ocrx_word' id='word_1_674' title='bbox 843 2336 941 2367; x_wconf 81' lang='grc' dir='ltr'>παντὸς</span> 
     </span>
    </p>
   </div>
   <div class='ocr_carea' id='block_1_96' title="bbox 999 2331 1816 2375">
    <p class='ocr_par' dir='ltr' id='par_1_96' title="bbox 999 2331 1816 2370">
     <span class='ocr_line' id='line_1_96' title="bbox 999 2331 1816 2370; baseline -0.006 -8"><span class='ocrx_word' id='word_1_675' title='bbox 999 2335 1084 2370; x_wconf 84' lang='lat' dir='ltr'>iicere</span> <span class='ocrx_word' id='word_1_676' title='bbox 1099 2335 1176 2370; x_wconf 88' lang='lat' dir='ltr'>quod</span> <span class='ocrx_word' id='word_1_677' title='bbox 1190 2336 1234 2362; x_wconf 78' lang='lat' dir='ltr'>est</span> <span class='ocrx_word' id='word_1_678' title='bbox 1248 2342 1337 2370; x_wconf 86' lang='lat' dir='ltr'>super</span> <span class='ocrx_word' id='word_1_679' title='bbox 1351 2334 1458 2367; x_wconf 85' lang='lat' dir='ltr'>omnia,</span> <span class='ocrx_word' id='word_1_680' title='bbox 1475 2335 1504 2361; x_wconf 82' lang='lat' dir='ltr'>et</span> <span class='ocrx_word' id='word_1_681' title='bbox 1524 2333 1646 2360; x_wconf 87' lang='lat' dir='ltr'>minima</span> <span class='ocrx_word' id='word_1_682' title='bbox 1669 2331 1816 2367; x_wconf 75' lang='lat' dir='ltr'>accipere;</span> 
     </span>
    </p>
   </div>
   <div class='ocr_carea' id='block_1_97' title="bbox 114 2378 943 2417">
    <p class='ocr_par' dir='ltr' id='par_1_97' title="bbox 114 2378 943 2417">
     <span class='ocr_line' id='line_1_97' title="bbox 114 2378 943 2417; baseline 0.002 -11"><span class='ocrx_word' id='word_1_683' title='bbox 114 2378 303 2416; x_wconf 78' lang='grc' dir='ltr'>ἀλλαξάμενος</span> <span class='ocrx_word' id='word_1_684' title='bbox 320 2380 350 2407; x_wconf 81' lang='grc' dir='ltr'>τὸ</span> <span class='ocrx_word' id='word_1_685' title='bbox 373 2379 456 2417; x_wconf 71' lang='grc' dir='ltr'>μηδὲν</span> <span class='ocrx_word' id='word_1_686' title='bbox 471 2379 581 2414; x_wconf 83' lang='grc' dir='ltr'>ἄνεισιν,</span> <span class='ocrx_word' id='word_1_687' title='bbox 604 2380 661 2407; x_wconf 74' lang='grc' dir='ltr'>ἀντὶ</span> <span class='ocrx_word' id='word_1_688' title='bbox 687 2380 805 2414; x_wconf 77' lang='grc' dir='ltr'>άσκητοῦ</span> <span class='ocrx_word' id='word_1_689' title='bbox 831 2380 943 2416; x_wconf 78' lang='grc' dir='ltr'>ἁσκίτης</span> 
     </span>
    </p>
   </div>
   <div class='ocr_carea' id='block_1_98' title="bbox 112 2423 942 2463">
    <p class='ocr_par' dir='ltr' id='par_1_98' title="bbox 112 2423 942 2463">
     <span class='ocr_line' id='line_1_98' title="bbox 112 2423 942 2463; baseline 0.001 -12"><span class='ocrx_word' id='word_1_690' title='bbox 112 2423 243 2459; x_wconf 71' lang='grc' dir='ltr'>θύλακος,</span> <span class='ocrx_word' id='word_1_691' title='bbox 260 2423 491 2462; x_wconf 67' lang='grc' dir='ltr'>ἐμπεπλησμένος</span> <span class='ocrx_word' id='word_1_692' title='bbox 505 2425 539 2453; x_wconf 77' lang='grc' dir='ltr'>τὰ</span> <span class='ocrx_word' id='word_1_693' title='bbox 552 2423 645 2453; x_wconf 85' lang='grc' dir='ltr'>πολλᾶ</span> <span class='ocrx_word' id='word_1_694' title='bbox 654 2425 700 2452; x_wconf 71' lang='grc' dir='ltr'>καὶ</span> <span class='ocrx_word' id='word_1_695' title='bbox 712 2424 942 2463; x_wconf 76' lang='grc' dir='ltr'>ἁγωγίμων,ἅπερ</span> 
     </span>
    </p>
   </div>
   <div class='ocr_carea' id='block_1_99' title="bbox 115 2469 942 2509">
    <p class='ocr_par' dir='ltr' id='par_1_99' title="bbox 115 2469 942 2509">
     <span class='ocr_line' id='line_1_99' title="bbox 115 2469 942 2509; baseline 0 -12"><span class='ocrx_word' id='word_1_696' title='bbox 115 2472 241 2506; x_wconf 72' lang='grc' dir='ltr'>μισοῦσιν</span> <span class='ocrx_word' id='word_1_697' title='bbox 257 2470 283 2497; x_wconf 74' lang='grc' dir='ltr'>οἱ</span> <span class='ocrx_word' id='word_1_698' title='bbox 299 2469 448 2508; x_wconf 81' lang='grc' dir='ltr'>ἐγκρατεῖς,</span> <span class='ocrx_word' id='word_1_699' title='bbox 464 2471 508 2498; x_wconf 85' lang='grc' dir='ltr'>καὶ</span> <span class='ocrx_word' id='word_1_700' title='bbox 524 2472 582 2501; x_wconf 84' lang='grc' dir='ltr'>τοῖς</span> <span class='ocrx_word' id='word_1_701' title='bbox 599 2469 623 2506; x_wconf 75' lang='grc' dir='ltr'>ἐξ</span> <span class='ocrx_word' id='word_1_702' title='bbox 648 2469 814 2509; x_wconf 72' lang='grc' dir='ltr'>ἀφαιρέσεως</span> <span class='ocrx_word' id='word_1_703' title='bbox 827 2470 942 2508; x_wconf 78' lang='grc' dir='ltr'>φαντάσ-</span> 
     </span>
    </p>
   </div>
   <div class='ocr_carea' id='block_1_100' title="bbox 115 2513 942 2552">
    <p class='ocr_par' dir='ltr' id='par_1_100' title="bbox 115 2513 942 2552">
     <span class='ocr_line' id='line_1_100' title="bbox 115 2513 942 2552; baseline 0.001 -11"><span class='ocrx_word' id='word_1_704' title='bbox 115 2525 206 2550; x_wconf 86' lang='grc' dir='ltr'>μασιν,</span> <span class='ocrx_word' id='word_1_705' title='bbox 224 2514 308 2542; x_wconf 82' lang='grc' dir='ltr'>ὁποῖα</span> <span class='ocrx_word' id='word_1_706' title='bbox 321 2514 438 2542; x_wconf 76' lang='grc' dir='ltr'>κάτωθεν</span> <span class='ocrx_word' id='word_1_707' title='bbox 465 2515 614 2552; x_wconf 75' lang='grc' dir='ltr'>ἀνεμάξατο</span> <span class='ocrx_word' id='word_1_708' title='bbox 637 2513 790 2551; x_wconf 83' lang='grc' dir='ltr'>ἀπαλείψας</span> <span class='ocrx_word' id='word_1_709' title='bbox 808 2514 838 2542; x_wconf 84' lang='grc' dir='ltr'>τὸ</span> <span class='ocrx_word' id='word_1_710' title='bbox 857 2524 868 2540; x_wconf 75' lang='grc' dir='ltr'>ι</span> <span class='ocrx_word' id='word_1_711' title='bbox 884 2515 942 2542; x_wconf 85' lang='grc' dir='ltr'>κατ’</span> 
     </span>
    </p>
   </div>
   <div class='ocr_carea' id='block_1_101' title="bbox 113 2558 942 2597">
    <p class='ocr_par' dir='ltr' id='par_1_101' title="bbox 113 2558 942 2597">
     <span class='ocr_line' id='line_1_101' title="bbox 113 2558 942 2597; baseline 0.001 -11"><span class='ocrx_word' id='word_1_712' title='bbox 113 2559 214 2594; x_wconf 75' lang='grc' dir='ltr'>εἰκόνα,</span> <span class='ocrx_word' id='word_1_713' title='bbox 232 2571 248 2586; x_wconf 81' lang='grc'><strong>››</strong></span> <span class='ocrx_word' id='word_1_714' title='bbox 263 2559 278 2587; x_wconf 78' lang='grc' dir='ltr'><strong>ὃ</strong></span> <span class='ocrx_word' id='word_1_715' title='bbox 292 2558 337 2587; x_wconf 72' lang='grc' dir='ltr'>διὰ</span> <span class='ocrx_word' id='word_1_716' title='bbox 357 2559 503 2597; x_wconf 74' lang='grc' dir='ltr'>νοημάτων</span> <span class='ocrx_word' id='word_1_717' title='bbox 528 2559 605 2592; x_wconf 79' lang='grc' dir='ltr'>θείων</span> <span class='ocrx_word' id='word_1_718' title='bbox 627 2559 812 2588; x_wconf 85' lang='grc' dir='ltr'>ἐνετυπώσατο</span> <span class='ocrx_word' id='word_1_719' title='bbox 837 2558 866 2587; x_wconf 81' lang='grc' dir='ltr'>ἐκ</span> <span class='ocrx_word' id='word_1_720' title='bbox 890 2563 942 2594; x_wconf 87' lang='grc' dir='ltr'>τῆς</span> 
     </span>
    </p>
   </div>
   <div class='ocr_carea' id='block_1_102' title="bbox 113 2605 338 2643">
    <p class='ocr_par' dir='ltr' id='par_1_102' title="bbox 113 2605 338 2643">
     <span class='ocr_line' id='line_1_102' title="bbox 113 2605 338 2643; baseline 0 -3"><span class='ocrx_word' id='word_1_721' title='bbox 113 2608 200 2640; x_wconf 79' lang='grc' dir='ltr'>μονῆς</span> <span class='ocrx_word' id='word_1_722' title='bbox 214 2605 232 2639; x_wconf 77' lang='grc' dir='ltr'><strong>ἡ</strong></span> <span class='ocrx_word' id='word_1_723' title='bbox 249 2606 338 2643; x_wconf 76' lang='grc' dir='ltr'>ψυχή-</span> 
     </span>
    </p>
   </div>
   <div class='ocr_carea' id='block_1_103' title="bbox 149 2655 940 2697">
    <p class='ocr_par' dir='ltr' id='par_1_103' title="bbox 149 2655 940 2697">
     <span class='ocr_line' id='line_1_103' title="bbox 149 2655 940 2697; baseline -0.003 -9"><span class='ocrx_word' id='word_1_724' title='bbox 149 2660 204 2694; x_wconf 81' lang='grc' dir='ltr'>μα’.</span> <span class='ocrx_word' id='word_1_725' title='bbox 237 2655 350 2694; x_wconf 73' lang='grc' dir='ltr'>Ἀνέϐη(</span> <span class='ocrx_word' id='word_1_726' title='bbox 380 2659 417 2690; x_wconf 81' lang='grc' dir='ltr'>εἰς</span> <span class='ocrx_word' id='word_1_727' title='bbox 448 2658 526 2696; x_wconf 76' lang='grc' dir='ltr'>ὕψος,</span> <span class='ocrx_word' id='word_1_728' title='bbox 555 2659 577 2686; x_wconf 86' lang='grc' dir='ltr'><strong>ὢ</strong></span> <span class='ocrx_word' id='word_1_729' title='bbox 605 2658 763 2697; x_wconf 72' lang='grc' dir='ltr'>κεκαρμένε,</span> <span class='ocrx_word' id='word_1_730' title='bbox 792 2668 940 2695; x_wconf 72' lang='grc' dir='ltr'>πνευματι-</span> 
     </span>
    </p>
   </div>
   <div class='ocr_carea' id='block_1_104' title="bbox 113 2701 939 2745">
    <p class='ocr_par' dir='ltr' id='par_1_104' title="bbox 113 2701 939 2745">
     <span class='ocr_line' id='line_1_104' title="bbox 113 2701 939 2745; baseline 0 -15"><span class='ocrx_word' id='word_1_731' title='bbox 113 2705 177 2739; x_wconf 83' lang='grc' dir='ltr'>κῶς,</span> <span class='ocrx_word' id='word_1_732' title='bbox 194 2703 239 2731; x_wconf 78' lang='grc' dir='ltr'>καὶ</span> <span class='ocrx_word' id='word_1_733' title='bbox 260 2703 404 2741; x_wconf 75' lang='grc' dir='ltr'>ἅνθρωπος</span> <span class='ocrx_word' id='word_1_734' title='bbox 434 2703 520 2736; x_wconf 75' lang='grc' dir='ltr'>οὕτως</span> <span class='ocrx_word' id='word_1_735' title='bbox 550 2703 644 2742; x_wconf 75' lang='grc' dir='ltr'>ἐγένου</span> <span class='ocrx_word' id='word_1_736' title='bbox 665 2706 749 2745; x_wconf 61' lang='lat' dir='ltr'>~650C),</span> <span class='ocrx_word' id='word_1_737' title='bbox 779 2701 824 2730; x_wconf 75' lang='grc' dir='ltr'>ὅτε</span> <span class='ocrx_word' id='word_1_738' title='bbox 843 2702 881 2733; x_wconf 72' lang='grc' dir='ltr'>εἷς</span> <span class='ocrx_word' id='word_1_739' title='bbox 908 2704 939 2730; x_wconf 83' lang='grc' dir='ltr'>τὸ</span> 
     </span>
    </p>
   </div>
   <div class='ocr_carea' id='block_1_105' title="bbox 113 2746 939 2786">
    <p class='ocr_par' dir='ltr' id='par_1_105' title="bbox 113 2746 939 2786">
     <span class='ocr_line' id='line_1_105' title="bbox 113 2746 939 2786; baseline -0.001 -11"><span class='ocrx_word' id='word_1_740' title='bbox 113 2746 175 2785; x_wconf 79' lang='grc' dir='ltr'>ὄρος</span> <span class='ocrx_word' id='word_1_741' title='bbox 206 2748 323 2783; x_wconf 81' lang='grc' dir='ltr'>ἀνῆλθες</span> <span class='ocrx_word' id='word_1_742' title='bbox 341 2771 348 2777; x_wconf 90' lang='grc'><strong>.</strong></span> <span class='ocrx_word' id='word_1_743' title='bbox 377 2748 407 2776; x_wconf 89' lang='grc' dir='ltr'>Τί</span> <span class='ocrx_word' id='word_1_744' title='bbox 433 2751 496 2786; x_wconf 82' lang='grc' dir='ltr'>γοῦν</span> <span class='ocrx_word' id='word_1_745' title='bbox 525 2749 756 2786; x_wconf 81' lang='grc' dir='ltr'>κατακυλιόμενος</span> <span class='ocrx_word' id='word_1_746' title='bbox 784 2748 866 2785; x_wconf 77' lang='grc' dir='ltr'>πρινὴ</span> <span class='ocrx_word' id='word_1_747' title='bbox 894 2747 939 2775; x_wconf 80' lang='grc' dir='ltr'>καὶ</span> 
     </span>
    </p>
   </div>
   <div class='ocr_carea' id='block_1_106' title="bbox 112 2792 936 2834">
    <p class='ocr_par' dir='ltr' id='par_1_106' title="bbox 112 2792 936 2834">
     <span class='ocr_line' id='line_1_106' title="bbox 112 2792 936 2834; baseline -0.001 -14"><span class='ocrx_word' id='word_1_748' title='bbox 112 2794 333 2830; x_wconf 81' lang='grc' dir='ltr'>κατασταθῆναι,</span> <span class='ocrx_word' id='word_1_749' title='bbox 376 2792 484 2826; x_wconf 83' lang='grc' dir='ltr'>πεδινὸς</span> <span class='ocrx_word' id='word_1_750' title='bbox 522 2795 607 2834; x_wconf 77' lang='grc' dir='ltr'>φέρῃ;</span> <span class='ocrx_word' id='word_1_751' title='bbox 647 2793 766 2832; x_wconf 78' lang='grc' dir='ltr'>ὙψηΛὸς</span> <span class='ocrx_word' id='word_1_752' title='bbox 804 2793 936 2832; x_wconf 82' lang='grc' dir='ltr'>γέγοναςο</span> 
     </span>
    </p>
   </div>
   <div class='ocr_carea' id='block_1_107' title="bbox 113 2835 936 2878">
    <p class='ocr_par' dir='ltr' id='par_1_107' title="bbox 113 2835 936 2878">
     <span class='ocr_line' id='line_1_107' title="bbox 113 2835 936 2878; baseline 0.001 -14"><span class='ocrx_word' id='word_1_753' title='bbox 113 2835 185 2865; x_wconf 78' lang='grc' dir='ltr'>διατί</span> <span class='ocrx_word' id='word_1_754' title='bbox 230 2838 411 2874; x_wconf 81' lang='grc' dir='ltr'>ἀποτελευτᾷς</span> <span class='ocrx_word' id='word_1_755' title='bbox 455 2838 494 2871; x_wconf 72' lang='grc' dir='ltr'>εἰς</span> <span class='ocrx_word' id='word_1_756' title='bbox 541 2838 763 2878; x_wconf 72' lang='grc' dir='ltr'>χθαμαλότητας</span> <span class='ocrx_word' id='word_1_757' title='bbox 792 2837 936 2876; x_wconf 80' lang='grc' dir='ltr'>Οὖράνιος·</span> 
     </span>
    </p>
   </div>
   <div class='ocr_carea' id='block_1_108' title="bbox 110 2879 937 2923">
    <p class='ocr_par' dir='ltr' id='par_1_108' title="bbox 110 2879 937 2923">
     <span class='ocr_line' id='line_1_108' title="bbox 110 2879 937 2923; baseline 0.001 -14"><span class='ocrx_word' id='word_1_758' title='bbox 110 2879 184 2911; x_wconf 78' lang='grc' dir='ltr'>διατί</span> <span class='ocrx_word' id='word_1_759' title='bbox 209 2882 350 2921; x_wconf 81' lang='grc' dir='ltr'>κατάγειος</span> <span class='ocrx_word' id='word_1_760' title='bbox 363 2896 371 2919; x_wconf 64' lang='grc' dir='ltr'>ς</span> <span class='ocrx_word' id='word_1_761' title='bbox 387 2880 481 2920; x_wconf 74' lang='grc' dir='ltr'>Διέϐῃς</span> <span class='ocrx_word' id='word_1_762' title='bbox 496 2883 526 2912; x_wconf 76' lang='grc' dir='ltr'>ἐκ</span> <span class='ocrx_word' id='word_1_763' title='bbox 541 2886 645 2923; x_wconf 77' lang='grc' dir='ltr'>φθορᾶς</span> <span class='ocrx_word' id='word_1_764' title='bbox 671 2883 709 2915; x_wconf 76' lang='grc' dir='ltr'>εἷς</span> <span class='ocrx_word' id='word_1_765' title='bbox 725 2882 824 2920; x_wconf 79' lang='grc' dir='ltr'>ζωνὴν,</span> <span class='ocrx_word' id='word_1_766' title='bbox 839 2881 877 2914; x_wconf 87' lang='grc' dir='ltr'>ὡς</span> <span class='ocrx_word' id='word_1_767' title='bbox 893 2883 937 2911; x_wconf 84' lang='grc' dir='ltr'>οἷα</span> 
     </span>
    </p>
   </div>
   <div class='ocr_carea' id='block_1_109' title="bbox 997 2376 1817 2416">
    <p class='ocr_par' dir='ltr' id='par_1_109' title="bbox 997 2376 1817 2416">
     <span class='ocr_line' id='line_1_109' title="bbox 997 2376 1817 2416; baseline -0.006 -8"><span class='ocrx_word' id='word_1_768' title='bbox 997 2389 1049 2416; x_wconf 81' lang='lat' dir='ltr'>pro</span> <span class='ocrx_word' id='word_1_769' title='bbox 1069 2380 1167 2408; x_wconf 86' lang='lat' dir='ltr'>anima</span> <span class='ocrx_word' id='word_1_770' title='bbox 1189 2381 1318 2407; x_wconf 84' lang='lat' dir='ltr'>ventrem</span> <span class='ocrx_word' id='word_1_771' title='bbox 1345 2378 1488 2413; x_wconf 81' lang='lat' dir='ltr'>dilatare;</span> <span class='ocrx_word' id='word_1_772' title='bbox 1514 2377 1588 2406; x_wconf 86' lang='lat' dir='ltr'>cibis</span> <span class='ocrx_word' id='word_1_773' title='bbox 1611 2376 1718 2412; x_wconf 86' lang='lat' dir='ltr'>vetitis,</span> <span class='ocrx_word' id='word_1_774' title='bbox 1742 2383 1817 2412; x_wconf 88' lang='lat' dir='ltr'>quos</span> 
     </span>
    </p>
   </div>
   <div class='ocr_carea' id='block_1_110' title="bbox 997 2421 1819 2460">
    <p class='ocr_par' dir='ltr' id='par_1_110' title="bbox 997 2421 1819 2460">
     <span class='ocr_line' id='line_1_110' title="bbox 997 2421 1819 2460; baseline -0.002 -10"><span class='ocrx_word' id='word_1_775' title='bbox 997 2425 1122 2452; x_wconf 76' lang='lat' dir='ltr'>oderunt</span> <span class='ocrx_word' id='word_1_776' title='bbox 1147 2424 1247 2459; x_wconf 79' lang='lat' dir='ltr'>sobrii,</span> <span class='ocrx_word' id='word_1_777' title='bbox 1274 2423 1448 2460; x_wconf 85' lang='lat' dir='ltr'>plerumque</span> <span class='ocrx_word' id='word_1_778' title='bbox 1471 2422 1595 2459; x_wconf 85' lang='lat' dir='ltr'>repleri;</span> <span class='ocrx_word' id='word_1_779' title='bbox 1615 2424 1645 2450; x_wconf 87' lang='lat' dir='ltr'>et</span> <span class='ocrx_word' id='word_1_780' title='bbox 1678 2429 1729 2458; x_wconf 88' lang='lat' dir='ltr'>pro</span> <span class='ocrx_word' id='word_1_781' title='bbox 1753 2421 1819 2448; x_wconf 86' lang='lat' dir='ltr'>abs-</span> 
     </span>
    </p>
   </div>
   <div class='ocr_carea' id='block_1_111' title="bbox 997 2465 1818 2505">
    <p class='ocr_par' dir='ltr' id='par_1_111' title="bbox 997 2465 1818 2505">
     <span class='ocr_line' id='line_1_111' title="bbox 997 2465 1818 2505; baseline -0.007 -7"><span class='ocrx_word' id='word_1_782' title='bbox 997 2470 1098 2498; x_wconf 81' lang='lat' dir='ltr'>tractis</span> <span class='ocrx_word' id='word_1_783' title='bbox 1125 2469 1386 2505; x_wconf 76' lang='lat' dir='ltr'>imaginationibus</span> <span class='ocrx_word' id='word_1_784' title='bbox 1417 2477 1491 2504; x_wconf 84' lang='lat' dir='ltr'>quas</span> <span class='ocrx_word' id='word_1_785' title='bbox 1526 2468 1663 2495; x_wconf 88' lang='lat' dir='ltr'>deorsum</span> <span class='ocrx_word' id='word_1_786' title='bbox 1694 2465 1818 2502; x_wconf 77' lang='lat' dir='ltr'>efﬁngit;</span> 
     </span>
    </p>
   </div>
   <div class='ocr_carea' id='block_1_112' title="bbox 997 2511 1818 2550">
    <p class='ocr_par' dir='ltr' id='par_1_112' title="bbox 997 2511 1818 2550">
     <span class='ocr_line' id='line_1_112' title="bbox 997 2511 1818 2550; baseline -0.006 -7"><span class='ocrx_word' id='word_1_787' title='bbox 997 2515 1130 2543; x_wconf 87' lang='lat' dir='ltr'>oblivisci</span> <span class='ocrx_word' id='word_1_788' title='bbox 1146 2514 1283 2550; x_wconf 84' lang='lat' dir='ltr'>imaginis</span> <span class='ocrx_word' id='word_1_789' title='bbox 1294 2522 1382 2550; x_wconf 89' lang='lat' dir='ltr'>quam</span> <span class='ocrx_word' id='word_1_790' title='bbox 1394 2513 1450 2541; x_wconf 88' lang='lat' dir='ltr'>sibi</span> <span class='ocrx_word' id='word_1_791' title='bbox 1465 2513 1564 2541; x_wconf 89' lang='lat' dir='ltr'>anima</span> <span class='ocrx_word' id='word_1_792' title='bbox 1578 2521 1613 2541; x_wconf 80' lang='lat' dir='ltr'>ex</span> <span class='ocrx_word' id='word_1_793' title='bbox 1628 2511 1818 2540; x_wconf 71' lang='lat' dir='ltr'>meditatione</span> 
     </span>
    </p>
   </div>
   <div class='ocr_carea' id='block_1_113' title="bbox 996 2559 1545 2588">
    <p class='ocr_par' dir='ltr' id='par_1_113' title="bbox 996 2559 1545 2588">
     <span class='ocr_line' id='line_1_113' title="bbox 996 2559 1545 2588; baseline -0.004 0"><span class='ocrx_word' id='word_1_794' title='bbox 996 2560 1096 2588; x_wconf 87' lang='lat' dir='ltr'>divina</span> <span class='ocrx_word' id='word_1_795' title='bbox 1110 2560 1140 2588; x_wconf 93' lang='lat' dir='ltr'>in</span> <span class='ocrx_word' id='word_1_796' title='bbox 1156 2559 1314 2588; x_wconf 85' lang='lat' dir='ltr'>solitudine</span> <span class='ocrx_word' id='word_1_797' title='bbox 1333 2559 1545 2586; x_wconf 77' lang='lat' dir='ltr'>eﬂ‘ormaverat.</span> 
     </span>
    </p>
   </div>
   <div class='ocr_carea' id='block_1_114' title="bbox 1030 2657 1816 2693">
    <p class='ocr_par' dir='ltr' id='par_1_114' title="bbox 1030 2657 1816 2693">
     <span class='ocr_line' id='line_1_114' title="bbox 1030 2657 1816 2693; baseline -0.005 -7"><span class='ocrx_word' id='word_1_798' title='bbox 1030 2659 1074 2687; x_wconf 87' lang='grc'>41.</span> <span class='ocrx_word' id='word_1_799' title='bbox 1091 2659 1123 2686; x_wconf 89' lang='lat' dir='ltr'>In</span> <span class='ocrx_word' id='word_1_800' title='bbox 1153 2658 1246 2686; x_wconf 87' lang='lat' dir='ltr'>altum</span> <span class='ocrx_word' id='word_1_801' title='bbox 1271 2657 1463 2693; x_wconf 85' lang='lat' dir='ltr'>spiritualiter</span> <span class='ocrx_word' id='word_1_802' title='bbox 1483 2658 1668 2692; x_wconf 83' lang='lat' dir='ltr'>aseenderas,</span> <span class='ocrx_word' id='word_1_803' title='bbox 1685 2665 1700 2684; x_wconf 92' lang='grc' dir='ltr'>ο</span> <span class='ocrx_word' id='word_1_804' title='bbox 1720 2657 1816 2689; x_wconf 84' lang='lat' dir='ltr'>tonse,</span> 
     </span>
    </p>
   </div>
   <div class='ocr_carea' id='block_1_115' title="bbox 995 2702 1813 2737">
    <p class='ocr_par' dir='ltr' id='par_1_115' title="bbox 995 2702 1813 2737">
     <span class='ocr_line' id='line_1_115' title="bbox 995 2702 1813 2737; baseline -0.007 -5"><span class='ocrx_word' id='word_1_805' title='bbox 995 2706 1023 2732; x_wconf 85' lang='lat' dir='ltr'>et</span> <span class='ocrx_word' id='word_1_806' title='bbox 1038 2712 1071 2731; x_wconf 85' lang='lat' dir='ltr'>eo</span> <span class='ocrx_word' id='word_1_807' title='bbox 1086 2704 1173 2731; x_wconf 89' lang='lat' dir='ltr'>modo</span> <span class='ocrx_word' id='word_1_808' title='bbox 1188 2703 1275 2730; x_wconf 84' lang='lat' dir='ltr'>homo</span> <span class='ocrx_word' id='word_1_809' title='bbox 1293 2702 1342 2730; x_wconf 88' lang='lat' dir='ltr'>Dei</span> <span class='ocrx_word' id='word_1_810' title='bbox 1366 2711 1510 2737; x_wconf 79' lang='lat' dir='ltr'>evaseras,</span> <span class='ocrx_word' id='word_1_811' title='bbox 1536 2711 1603 2730; x_wconf 90' lang='lat' dir='ltr'>cum</span> <span class='ocrx_word' id='word_1_812' title='bbox 1628 2703 1657 2729; x_wconf 89' lang='lat' dir='ltr'>in</span> <span class='ocrx_word' id='word_1_813' title='bbox 1682 2702 1813 2728; x_wconf 83' lang='lat' dir='ltr'>montem</span> 
     </span>
    </p>
   </div>
   <div class='ocr_carea' id='block_1_116' title="bbox 993 2745 1813 2784">
    <p class='ocr_par' dir='ltr' id='par_1_116' title="bbox 993 2745 1813 2784">
     <span class='ocr_line' id='line_1_116' title="bbox 993 2745 1813 2784; baseline -0.006 -8"><span class='ocrx_word' id='word_1_814' title='bbox 993 2748 1109 2777; x_wconf 87' lang='lat' dir='ltr'>venisti.</span> <span class='ocrx_word' id='word_1_815' title='bbox 1125 2750 1181 2776; x_wconf 86' lang='lat' dir='ltr'>Cur</span> <span class='ocrx_word' id='word_1_816' title='bbox 1191 2756 1260 2783; x_wconf 79' lang='lat' dir='ltr'>ergo</span> <span class='ocrx_word' id='word_1_817' title='bbox 1276 2747 1602 2784; x_wconf 84' lang='lat' dir='ltr'>rovolutus,antequam</span> <span class='ocrx_word' id='word_1_818' title='bbox 1617 2747 1716 2774; x_wconf 85' lang='lat' dir='ltr'>sedem</span> <span class='ocrx_word' id='word_1_819' title='bbox 1729 2745 1813 2780; x_wconf 82' lang='lat' dir='ltr'>ﬁgas,</span> 
     </span>
    </p>
   </div>
   <div class='ocr_carea' id='block_1_117' title="bbox 993 2789 1812 2828">
    <p class='ocr_par' dir='ltr' id='par_1_117' title="bbox 993 2789 1812 2828">
     <span class='ocr_line' id='line_1_117' title="bbox 993 2789 1812 2828; baseline -0.005 -6"><span class='ocrx_word' id='word_1_820' title='bbox 993 2793 1128 2822; x_wconf 84' lang='lat' dir='ltr'>ambulas</span> <span class='ocrx_word' id='word_1_821' title='bbox 1144 2793 1174 2821; x_wconf 91' lang='lat' dir='ltr'>in</span> <span class='ocrx_word' id='word_1_822' title='bbox 1189 2791 1334 2828; x_wconf 81' lang='lat' dir='ltr'>planitie?</span> <span class='ocrx_word' id='word_1_823' title='bbox 1348 2792 1487 2821; x_wconf 87' lang='lat' dir='ltr'>Excelsus</span> <span class='ocrx_word' id='word_1_824' title='bbox 1501 2801 1575 2826; x_wconf 86' lang='lat' dir='ltr'>eras,</span> <span class='ocrx_word' id='word_1_825' title='bbox 1591 2800 1642 2819; x_wconf 90' lang='lat' dir='ltr'>cur</span> <span class='ocrx_word' id='word_1_826' title='bbox 1657 2789 1767 2818; x_wconf 85' lang='lat' dir='ltr'>desinis</span> <span class='ocrx_word' id='word_1_827' title='bbox 1783 2789 1812 2818; x_wconf 89' lang='lat' dir='ltr'>in</span> 
     </span>
    </p>
   </div>
   <div class='ocr_carea' id='block_1_118' title="bbox 992 2834 1811 2871">
    <p class='ocr_par' dir='ltr' id='par_1_118' title="bbox 992 2834 1811 2871">
     <span class='ocr_line' id='line_1_118' title="bbox 992 2834 1811 2871; baseline -0.005 -4"><span class='ocrx_word' id='word_1_828' title='bbox 992 2838 1136 2867; x_wconf 86' lang='lat' dir='ltr'>humilem</span> <span class='ocrx_word' id='word_1_829' title='bbox 1148 2838 1159 2865; x_wconf 64' lang='grc' dir='ltr'><em>ἒ</em></span> <span class='ocrx_word' id='word_1_830' title='bbox 1173 2836 1367 2871; x_wconf 75' lang='grc' dir='ltr'>ὒωιοειίε,οιιι·</span> <span class='ocrx_word' id='word_1_831' title='bbox 1379 2837 1529 2866; x_wconf 80' lang='lat' dir='ltr'>terrenus?</span> <span class='ocrx_word' id='word_1_832' title='bbox 1538 2839 1560 2865; x_wconf 86' lang='lat' dir='ltr'><strong><em>E</em></strong></span> <span class='ocrx_word' id='word_1_833' title='bbox 1581 2834 1766 2871; x_wconf 84' lang='lat' dir='ltr'>corruptione</span> <span class='ocrx_word' id='word_1_834' title='bbox 1774 2835 1811 2863; x_wconf 86' lang='lat' dir='ltr'>ad</span> 
     </span>
    </p>
   </div>
   <div class='ocr_carea' id='block_1_119' title="bbox 991 2880 1812 2917">
    <p class='ocr_par' dir='ltr' id='par_1_119' title="bbox 991 2880 1812 2917">
     <span class='ocr_line' id='line_1_119' title="bbox 991 2880 1812 2917; baseline -0.006 -5"><span class='ocrx_word' id='word_1_835' title='bbox 991 2883 1081 2912; x_wconf 85' lang='lat' dir='ltr'>vitam</span> <span class='ocrx_word' id='word_1_836' title='bbox 1097 2882 1261 2912; x_wconf 80' lang='lat' dir='ltr'>translatus</span> <span class='ocrx_word' id='word_1_837' title='bbox 1275 2889 1350 2916; x_wconf 85' lang='lat' dir='ltr'>eras,</span> <span class='ocrx_word' id='word_1_838' title='bbox 1376 2882 1460 2917; x_wconf 87' lang='lat' dir='ltr'>quasi</span> <span class='ocrx_word' id='word_1_839' title='bbox 1483 2890 1557 2910; x_wconf 77' lang='lat' dir='ltr'>nova</span> <span class='ocrx_word' id='word_1_840' title='bbox 1577 2880 1734 2915; x_wconf 79' lang='lat' dir='ltr'>creatione,</span> <span class='ocrx_word' id='word_1_841' title='bbox 1760 2888 1812 2908; x_wconf 89' lang='lat' dir='ltr'>cur</span> 
     </span>
    </p>
   </div>
  </div>
