2002 3158
90 211 150 240 765

594 212 646 242 DE
667 213 909 242 EMENDANDA
935 212 1027 242 VITA
1051 212 1292 242 MONACHICA.

1738 210 1795 240 766

126 274 181 312 με’.
198 276 262 303 Ἔτι
285 277 460 314 κατηχήθης,
489 276 554 315 δίχα
581 280 634 305 τῶν
664 277 768 312 ἄλλων,
797 281 850 306 τῶν
873 289 907 305 κα

1011 279 1053 306 44.
1075 280 1107 306 Et
1122 279 1242 314 insuper
1256 278 1375 306 edoctus
1391 286 1422 305 es
1446 281 1548 312 praeter
1563 276 1629 310 alia,
1646 278 1673 304 et
1689 276 1792 311 multa,

88 319 205 348 πολλῶν
235 321 280 348 καὶ
313 321 439 358 μεγάλων
471 322 516 349 καὶ
542 321 681 357 εὐκόλων,
710 324 754 350 καὶ
782 324 832 358 τὴν
859 322 914 361 ἓριν

87 365 373 403 ἀποπροσποιεῖσθαι,
399 369 445 394 καῖ
472 368 518 394 τὸν
549 368 646 404 Θυμόν,
672 368 717 395 καὶ
742 369 791 402 τὴν
820 378 888 406 γραυ
904 384 915 389 -

87 410 150 447 γῆν,
167 410 213 437 καὶ
241 411 291 445 τὴν
318 410 438 450 ἀεργίαν,
467 412 511 439 καὶ
537 413 586 446 τήν
613 412 776 451 παρρησίαν,
798 414 843 441 καὶ
867 413 916 447 τὴν

88 465 206 492 μερικην
236 454 329 493 φιλίαν
348 477 355 490 ,
385 456 430 483 καὶ
467 456 497 483 τὸ
535 457 754 495 περπερεύεσθαι,
790 457 833 485 καὶ
869 457 913 484 τὸν

86 499 248 536 γογγυσμὸν
265 522 273 536 ,
301 501 346 528 καὶ
381 501 411 528 τὸ
437 500 569 540 ψίθυρον,
597 501 642 529 καὶ
671 502 720 536 τήν
760 500 914 537 ἰδιάζουσαν

87 542 231 579 ἐπίκτησιν
250 566 256 572 .
287 545 502 582 Δογοπράγησον
544 545 589 573 οὖν
626 546 735 574 σεαυτὸν
754 569 760 581 ,
790 547 834 574 καὶ
871 545 915 574 διὰ

85 589 140 615 τῶν
166 588 302 616 τοιούτων
327 588 414 617 ἐλθὼν
439 589 611 628 ὁμολογιῶν,
628 591 749 629 αὕχησον
766 590 914 618 ἀποστολι-

85 634 160 667 κῶς,
194 633 218 660 εἰ
253 632 363 661 δύνασαι
391 635 597 672 καυχήσασθαι,
619 634 662 662 ἐπὶ
693 638 742 672 μιᾷ
766 638 830 672 γοῦν
858 638 912 663 τῶν

85 677 221 705 τοιούτων
247 688 295 705 σου
319 681 472 717 συνταγῶν”
499 679 521 707 εἰ
548 678 576 707 δὲ
606 679 685 711 αὐτὸς
712 680 836 715 ὀκνήσεις
862 681 912 715 τὴν

86 720 198 756 λαλιὰν,
231 721 290 750 ἰδοὺ
319 722 372 761 ἐγὼ
401 723 444 751 ἐπὶ
473 724 525 752 σὲ.
554 725 605 752 Καὶ
642 724 729 752 τοίνυν
759 724 864 752 ἀκούων
894 724 911 759 ἢ

86 765 216 804 ὶξέλεγχι
245 767 283 798 ὡς
310 766 493 804 ψευδομένονς
519 770 609 805 ἡμᾶς,
638 768 656 804 ἢ
684 767 757 796 ἀλλά
785 769 912 806 ἐντρέπου

85 811 153 848 πρὸς
169 809 329 849 διόρθωσιν·
357 811 404 839 ’ίνα
421 812 466 839 καὶ
489 812 520 840 σὺ
544 812 675 850 κερδήσῃς
699 814 747 847 τὴν
773 814 822 840 τοῦ
846 815 912 841 Θεοῦ

85 856 254 893 παράστασιν
272 878 279 891 ,
310 857 348 887 ὡς
381 856 488 894 ὶτάξω,
518 859 551 892 ἧς
591 857 769 896 μακρύνισθαι
807 857 912 885 κινδυ-

85 900 180 931 νεύεις·
210 900 256 927 καὶ
285 902 367 937 ἡμεῖς
389 902 483 938 μισθὸν
513 901 658 939 ληψόμεθα
681 905 729 929 τοῦ
755 902 910 940 ἐπιστρέψαι

87 955 123 973 σε.
154 944 257 973 Βλέπω
284 946 329 972 τὸν
367 946 452 982 θυμόν
482 957 529 973 σου
564 946 778 984 παρατιθέμενον
809 947 846 978 ὡς
875 947 911 978 εἷς

87 989 219 1026 ὁμοίωσιν
247 990 346 1029 (meme.
378 991 417 1019 Οὐ
447 991 499 1029 γὰρ
528 991 659 1029 συρίττεις
690 992 783 1027 μόνον,
801 992 845 1019 καὶ
870 992 909 1019 ἱὸν

87 1034 208 1070 ἰπήκεις
232 1033 348 1069 δάκνων,
377 1035 411 1062 τὰ
439 1034 528 1063 πλείω
557 1034 586 1063 δὲ
607 1036 754 1071 ἀκοντίζων
780 1036 860 1063 αὐτὸν
882 1038 912 1064 ἐκ

85 1079 232 1116 στόματος·
262 1078 335 1107 ἀλλὰ
358 1080 402 1107 καὶ
426 1081 471 1108 τὸν
502 1079 582 1108 ὁλκὸν
608 1080 720 1108 ἑλίττων
738 1080 775 1112 εἷς
792 1078 909 1119 βλάϐην,

85 1124 126 1155 οἷς
147 1123 179 1151 οὐ
208 1123 289 1160 μόνον
316 1124 437 1163 σφίγγεις
459 1125 498 1156 εἷς
518 1125 643 1163 ἐμφανὲς,
665 1125 737 1154 ἀλλὰ
764 1127 810 1153 καὶ
834 1126 911 1163 (πρέ.

85 1179 140 1206 φων
159 1166 272 1203 δόλους,
295 1167 343 1196 ἕνα
365 1167 512 1207 προϐάλλῃ
536 1171 635 1197 σκοπὸν
656 1171 774 1207 πάντων,
801 1171 836 1198 ὧν
864 1171 910 1208 ρᾳ-

85 1210 221 1251 διουργεῖς
241 1215 276 1250 τῇ
302 1213 346 1240 καὶ
372 1213 398 1241 ἐν
423 1215 491 1252 φωτὶ
518 1215 562 1241 καὶ
588 1214 614 1242 ἐν
640 1214 789 1252 ἀποκρύφῳ
804 1214 907 1253 ἐνέδρᾳ·

85 1257 98 1284 ὁ
115 1256 143 1284 δέ
172 1257 248 1291 ἐστι,
277 1258 322 1285 τὸν
353 1259 441 1285 ἀθῶον
468 1258 645 1287 ἀποκτιίνειν.
672 1259 777 1290 Ἀθῶον
808 1257 836 1286 δὲ
863 1261 907 1286 νῦν

83 1301 157 1339 λέγω
171 1302 202 1329 οὐ
220 1302 301 1339 μόνον
325 1303 370 1330 τὸν
393 1302 476 1340 μηδὲν
504 1303 636 1340 μηδόλως
655 1304 837 1340 ἐξαμαρτόντα
852 1314 907 1338 σοι,

83 1346 157 1375 ἀλλὰ
185 1347 230 1374 καὶ
258 1348 303 1375 τὸν
333 1349 588 1386 παραπικράναντα,
620 1348 717 1386 βιαίως
746 1348 774 1376 δὲ
803 1349 907 1388 φάναι,

82 1392 124 1418 καὶ
155 1392 201 1419 τὸν
229 1392 263 1419 τὰ
292 1393 418 1430 χείριστα
440 1393 508 1420 κατά
533 1396 580 1421 σοῦ
609 1392 751 1430 δράσαντα.
768 1393 835 1424 Τίνα
856 1395 907 1431 γὰρ

83 1436 128 1463 καὶ
156 1434 234 1474 ἔχοις
266 1436 296 1464 ἂν
324 1437 405 1465 αὐτὸς
435 1438 519 1465 εἰπεῖν
547 1439 584 1475 μή
615 1439 700 1466 ἀθῶον
726 1439 758 1465 τὰ
783 1438 826 1465 ἐπὶ
854 1438 906 1473 σοὶ,

83 1480 226 1518 ἄνθρωπος
264 1481 463 1519 νενεκρωμένος
491 1485 531 1519 τῷ
559 1483 656 1520 κόσμῳ
685 1482 718 1510 ar
746 1482 907 1518 ἁπλότητα,

81 1526 140 1552 καθ’
168 1525 202 1560 ἦν
240 1525 332 1564 ἀγνοεῖ
359 1537 401 1558 τις
429 1527 460 1554 οὗ
488 1525 560 1562 δεξιὰ
586 1528 630 1555 καὶ
661 1527 788 1565 ἀριστερὰ
815 1526 907 1563 μόνον,

82 1568 156 1597 ἀλλὰ
180 1570 225 1598 καὶ
251 1569 294 1598 ἐὰν
321 1573 365 1608 ζῇ,
381 1571 426 1598 καὶ
457 1573 529 1610 παρὰ
558 1569 646 1610 ϐραχύ
675 1583 701 1599 τι
727 1569 846 1608 ἐκϐιοὺς,
862 1571 907 1599 καὶ

83 1613 168 1650 μηδὲν
185 1613 268 1653 ἔχων,
293 1615 307 1643 ὃ
329 1616 358 1643 ἃν
384 1616 549 1652 ζημιωθείης
568 1627 574 1651 ;
590 1617 692 1648 ’Λθῶος
708 1616 752 1644 οὖν
778 1616 808 1644 τό
823 1627 853 1654 γε
869 1617 906 1648 εἷς

970 326 999 351 et
1027 332 1143 359 magna,
1169 326 1197 351 et
1225 323 1331 355 facilia,
1362 322 1461 358 fugere
1490 322 1701 356 contentiones,
1717 321 1792 349 iram

973 368 1232 403 clamores,otium,
1249 367 1410 400 licentiam,
1432 366 1621 402 particulares
1637 366 1792 399 amicitias,

970 412 1178 449 arrogantiam,
1196 412 1339 448 querelas,
1357 411 1712 446 detractionem,privatas
1726 419 1792 445 pos-

969 456 1127 484 sessiones.
1144 456 1299 492 Responde
1316 464 1383 491 ergo
1399 464 1451 491 pro
1467 458 1514 489 te;
1533 457 1620 491 atque
1636 454 1680 481 his
1696 455 1731 482 de
1747 463 1792 482 re-

969 501 1024 529 bus
1040 502 1127 529 verba
1142 501 1261 534 faciens,
1287 500 1311 528 si
1327 500 1444 536 gloriari
1461 502 1543 535 potes
1568 502 1600 527 ut
1625 498 1791 534 Apostolus,

968 545 1092 582 gloriare
1108 546 1142 573 de
1159 554 1216 573 uno
1233 545 1338 572 horum
1356 545 1563 572 mandatorum
1576 552 1592 571 a
1615 546 1643 571 te
1658 546 1770 571 servato
1784 552 1791 576 ;

969 591 1046 626 quod
1062 591 1087 618 si
1103 591 1211 618 metuis
1236 589 1377 624 conﬁteri,
1393 596 1458 616 ecce
1482 596 1535 624 ego
1552 596 1602 624 pro
1626 590 1663 615 te.
1680 587 1792 620 Quibus

968 635 1087 669 auditis,
1109 637 1159 662 aut
1181 636 1215 662 de
1239 633 1391 662 mendacio
1412 642 1464 660 nos
1489 640 1588 668 argue,
1604 635 1655 659 aut
1678 632 1793 659 ﬂectere

968 679 1004 707 ad
1033 682 1108 707 recte
1137 680 1294 715 agendum,
1326 680 1358 706 ut
1388 677 1525 705 merearis
1555 676 1604 704 Dei
1636 677 1790 710 auxilium,

968 724 1045 759 quod
1071 724 1244 760 promisisti,
1261 731 1277 750 a
1292 732 1350 759 quo
1367 731 1402 750 ne
1424 721 1541 749 decidas
1558 721 1721 748 timendum
1737 723 1792 753 est,

967 777 1021 796 nos
1047 771 1146 796 autem
1170 768 1333 795 mercedem
1358 766 1558 794 conversionis
1588 768 1645 792 tuas
1670 765 1792 800 accipia-

967 821 1044 841 mus.
1060 815 1151 840 Tuaru
1176 813 1250 840 iram
1267 815 1299 840 ut
1323 811 1468 847 serpentis
1483 810 1565 837 video
1581 809 1711 837 accendi.
1728 809 1790 836 Non

967 858 1053 885 modo
1069 857 1146 885 enim
1163 857 1274 892 sibilas,
1293 859 1321 884 et
1336 864 1479 884 venenum
1496 853 1643 882 morsibus
1660 853 1790 881 infundis

967 905 1017 930 aut
1031 902 1103 930 illud
1127 903 1236 938 saepius
1251 910 1286 929 ex
1312 910 1360 929 ore
1372 899 1577 936 jucularis,sed
1592 899 1680 927 etiam
1706 899 1790 926 sinus

967 947 1093 974 obvertis
1118 947 1154 975 ad
1170 946 1334 981 perdendos
1359 953 1433 980 quos
1450 943 1569 979 stringis
1592 946 1700 979 aperte,
1717 945 1745 970 et
1759 943 1789 970 in

967 999 1040 1026 quos
1054 991 1136 1019 dolos
1153 991 1254 1024 nectis,
1272 997 1424 1025 unumque
1439 989 1567 1016 intendis
1583 996 1634 1024 per
1646 987 1745 1015 omnia.
1760 987 1789 1014 in

965 1035 1040 1069 luce,
1057 1038 1085 1063 et
1101 1036 1129 1063 in
1144 1035 1283 1069 tenebris,
1298 1034 1409 1062 scilicet
1428 1032 1591 1060 innocentis
1615 1031 1789 1067 peremptio-

965 1089 1041 1108 nem.
1058 1081 1244 1108 Innocenlem
1270 1080 1334 1106 dico
1351 1087 1407 1106 non
1425 1078 1510 1105 modo
1527 1086 1593 1104 eum
1618 1076 1668 1112 qui
1683 1079 1787 1104 contra

965 1127 994 1153 te
1009 1125 1130 1153 minime
1155 1124 1289 1160 deliquit,
1312 1124 1362 1151 sed
1379 1123 1465 1151 etiam
1482 1122 1529 1157 qui
1546 1124 1573 1149 te
1598 1120 1744 1154 excitavit,
1760 1122 1789 1148 et

965 1173 998 1198 ut
1006 1170 1083 1198 brevi
1092 1168 1308 1204 absolvam,qui
1316 1168 1445 1204 pessima
1454 1169 1556 1194 contra
1564 1168 1591 1193 te
1600 1164 1786 1201 perpetravit.

964 1216 1056 1247 Quem
1071 1215 1149 1242 enim
1163 1222 1220 1242 non
1236 1214 1422 1241 innocentem
1438 1220 1506 1247 erga
1521 1213 1549 1238 te
1565 1211 1660 1238 dicere
1674 1218 1786 1246 posses,

964 1261 994 1287 tu
1012 1259 1099 1287 homo
1125 1258 1234 1286 mundo
1259 1259 1395 1285 mortuus
1419 1265 1451 1284 ex
1477 1255 1666 1291 simplicitate
1689 1255 1787 1282 dexte-

964 1312 1027 1331 ram
1044 1306 1071 1331 et
1085 1303 1248 1339 sinistram,
1264 1302 1322 1330 imo
1338 1302 1438 1335 vitam,
1455 1301 1620 1337 ignorante,
1638 1299 1724 1326 homo
1738 1298 1788 1334 qui

964 1349 1022 1377 vita
1032 1348 1090 1376 fere
1102 1349 1269 1382 defunctus,
1282 1346 1355 1374 nihil
1367 1347 1454 1374 habet
1464 1354 1521 1381 quo
1533 1345 1662 1380 privetur
1671 1343 1685 1371 ?
1701 1344 1786 1371 Inno-

964 1402 1033 1421 cens
1056 1402 1124 1429 ergo
1141 1395 1196 1425 est,
1213 1393 1289 1429 quod
1306 1392 1411 1420 attinet
1432 1391 1467 1418 ad
1490 1392 1527 1422 te,
1544 1389 1641 1417 omnis
1664 1391 1693 1416 et
1716 1397 1788 1424 que.-

962 1438 1118 1474 liscunque
1140 1438 1238 1465 homo.
1264 1437 1304 1464 De
1326 1440 1352 1463 te
1377 1435 1492 1463 nullum
1517 1434 1651 1468 dubium,
1678 1440 1789 1469 pauper

963 1483 1041 1511 enim
1058 1491 1075 1510 a
1089 1482 1170 1510 nullo
1186 1481 1338 1518 spoliatur.
1357 1481 1398 1508 Ad
1414 1480 1483 1515 quid
1499 1487 1567 1514 ergo
1583 1479 1626 1506 ira
1640 1481 1690 1505 tua
1707 1486 1786 1505 com-

963 1529 1097 1563 ponetur,
1116 1526 1172 1554 nisi
1197 1527 1231 1553 ad
1249 1525 1383 1553 nocivum
1408 1526 1586 1559 serpentem,
1603 1523 1652 1558 qui
1676 1521 1788 1549 similes

963 1571 1005 1599 tui
1032 1573 1126 1606 potest
1150 1570 1264 1606 punire,
1287 1572 1315 1597 et
1336 1568 1452 1605 provide
1484 1576 1541 1595 non
1569 1567 1709 1594 innocens
1733 1565 1785 1592 tibi

963 1616 1083 1644 evadit?
1097 1617 1190 1651 Atque
1205 1615 1345 1642 indicium
1362 1614 1409 1640 ira:
1425 1615 1480 1640 tua:
1497 1612 1521 1639 si
1537 1609 1697 1647 quaesieris,
1713 1609 1786 1637 illud

81 1659 109 1686 σὲ
125 1660 194 1693 ἧκον
222 1660 291 1691 ἅπας
320 1661 366 1687 καὶ
389 1664 516 1692 παντοῖος
545 1660 694 1700 ἅνθρωπος.
726 1661 763 1689 Σὺ
795 1653 842 1698 μὶν
858 1661 908 1699 γὰρ

966 1662 995 1689 in
1013 1663 1150 1697 promptu
1165 1659 1220 1687 erit
1233 1667 1267 1686 ex
1283 1658 1434 1686 manifesta
1449 1655 1630 1684 ebullitione.

80 1702 248 1743 ἀκςαιφνῶς·
281 1704 410 1744 ἀκτήμων
438 1704 466 1732 δὲ
495 1705 583 1738 οὐδεὶς
613 1706 642 1734 ἂν
670 1709 797 1743 ζημιοῖτο
825 1706 894 1744 πρὸς
923 1704 1042 1736 οὐδενός,
1060 1704 1105 1735 Εἷς
1133 1704 1159 1731 τί
1176 1702 1220 1731 οὖν
1249 1714 1290 1730 σοι
1318 1700 1390 1730 ἔσται
1421 1701 1434 1728 ὁ
1461 1700 1555 1736 θυμὸς,
1582 1698 1622 1726 ὅτι
1647 1694 1787 1744 μῆομὸνον

117 1734 120 1740 .
170 1734 176 1743 .
232 1734 237 1736 ν
342 1734 358 1741 ,.
577 1734 582 1738 ,
676 1734 711 1743 δ..
887 1734 892 1736 .
1026 1734 1030 1736 .
1099 1734 1103 1735 ν
1496 1734 1500 1736 _

80 1744 150 1771 κατὰ
178 1746 236 1784 τοῦ,
255 1743 391 1781 πολεμίου
418 1744 517 1783 ὄφεως,
543 1749 592 1774 τοῦ
626 1745 775 1784 δυναμένου
804 1734 866 1777 τους
882 1746 949 1774 κατὰ
977 1745 1005 1772 σὲ
1036 1746 1147 1781 ζημιοῦ,
1163 1744 1207 1771 καὶ
1238 1743 1308 1770 οὕτω
1327 1742 1365 1779 μὴ
1381 1741 1470 1773 ἀθώου
1486 1740 1529 1767 ἐπὶ
1556 1739 1598 1766 σοὶ
1612 1734 1787 1784 ἀπδκϐήξίθν·

80 1794 125 1815 τος
142 1794 149 1818 ;
166 1784 198 1812 Εἴ
228 1783 257 1811 δὲ
287 1775 378 1820 ζητεῖς
407 1775 542 1821 ἀπόδειξιν
571 1789 619 1814 τοῦ
649 1786 675 1814 ἐν
694 1776 747 1814 ⁸εηὶ
779 1775 963 1825 βραττ-ομὲνου
981 1775 1078 1823 animi,
1184 1784 1230 1821 μὲν
1245 1783 1311 1818 αὕτη
1381 1782 1412 1809 τὸ
1428 1785 1476 1816 τῆς
1493 1779 1622 1815 ἐκζὲσεως
1643 1775 1786 1816 ἀρίδηλον.

117 1850 167 1883 με’.
184 1847 271 1876 Ὀκνῶ
298 1846 326 1875 δὲ
346 1850 386 1884 τῷ
411 1849 479 1880 τὲως
506 1849 555 1884 τήν
582 1850 650 1877 κατὰ
678 1850 758 1889 μέρος
781 1846 906 1888 ἠκριϐω-

82 1892 166 1927 μένην
191 1891 235 1919 ἐπὶ
257 1892 300 1919 σοὶ
325 1891 507 1929 στηλίτευσιν.
534 1893 584 1922 Καὶ
609 1894 680 1922 οὕτω
707 1896 754 1932 μὲν
783 1892 906 1931 θυμοϐο-

81 1935 138 1966 λεῖς
160 1936 192 1963 οὐ
216 1937 386 1975 πρεπόντως,
414 1936 475 1966 οὔτε
501 1938 554 1974 σοὶ,
579 1938 640 1967 οὕτε
664 1938 743 1976 ἄλλῳ
764 1940 818 1967 τινὶ
837 1939 905 1978 πρὸς

80 1978 221 2018 ἀκρίϐειαν
259 1983 453 2019 Χριστιανικήν
480 2004 487 2011 .
518 1984 602 2016 Ἔνθα
642 1983 670 2012 δὲ
713 1985 797 2021 θυμὸς
838 1984 907 2012 οἶκεῖ

80 2025 228 2060 ἆποικίζων
245 2028 297 2064 γῆς
323 2027 428 2065 πραέων
451 2027 497 2056 τὸν
522 2026 566 2056 διὰ
589 2032 668 2064 κενῆς
686 2028 758 2064 αὐτῷ
773 2029 905 2066 κάτοχον,

80 2069 136 2097 ἐκεῖ
161 2069 246 2106 δῆλον
273 2070 313 2098 ὅτι
337 2072 382 2099 καὶ
408 2071 498 2110 φαύλη
523 2073 716 2110 παραπέπηγεν
740 2071 808 2111 ἔρις,
823 2074 841 2108 ἡ
856 2074 905 2100 τοῦ

80 2115 169 2151 θυμοῦ
195 2115 241 2142 καὶ
270 2117 405 2155 πρόγονος
428 2117 462 2144 τὰ
486 2117 575 2145 πλείω
598 2117 643 2146 καὶ
668 2117 802 2156 ἐπίγονος·
819 2117 903 2144 εἰπεῖν

80 2157 107 2187 δὲ
123 2159 231 2194 ἄλλως,
243 2162 262 2196 ἡ
279 2163 318 2197 τῷ
334 2162 412 2199 θυμῷ
429 2162 644 2199 συνουσιωμὲνη,
660 2162 705 2190 καὶ
730 2161 826 2189 διόλου
850 2161 902 2197 ὅλη

80 2205 364 2245 συναναπεφυρμένη.
394 2207 461 2234 Οὑτι
487 2208 538 2245 γὰρ
569 2208 671 2245 μακρὸς
703 2207 788 2245 θυμὸς
815 2206 905 2238 οὐδεὶς

80 2247 169 2287 ἔριδος
185 2248 260 2288 δίχα,
278 2249 340 2278 οὐδὲ
357 2252 410 2288 μὴν
427 2250 482 2290 ἔρις
508 2252 620 2289 ἄθυμος,
635 2251 659 2280 εἴ
676 2253 713 2289 μή
737 2263 778 2283 τις
794 2251 906 2284 ἐνταῦθα

79 2295 129 2328 τὴν
155 2294 298 2330 ἐπαινετὴν
328 2295 372 2322 καὶ
393 2299 450 2332 Θεῷ
476 2296 558 2336 φίλην
587 2297 803 2336 ἀντιπαραγάγῃ.
830 2295 903 2332 Αὕτη

80 2340 131 2377 γὰρ
162 2341 236 2377 χαρᾷ
265 2339 291 2367 ἐν
322 2342 380 2376 Θεῷ
408 2341 632 2380 συνανακὲκραται
657 2363 664 2376 ,
695 2342 738 2369 καὶ
770 2340 848 2369 οὐδὲν
878 2341 905 2369 ἐν

997 1850 1042 1877 45.
1075 1848 1223 1876 Hactenus
1256 1845 1431 1882 completam
1466 1843 1572 1880 partim
1611 1841 1788 1869 condemna-

961 1893 1071 1922 tionem
1087 1893 1130 1920 tui
1146 1892 1259 1920 differo.
1276 1891 1324 1919 Sic
1340 1889 1418 1918 enim
1433 1887 1618 1921 iresceris,ut
1634 1895 1692 1914 non
1707 1885 1789 1913 decet

961 1947 1056 1974 neque
1071 1940 1108 1972 te,
1125 1945 1219 1973 neque
1245 1943 1427 1972 quemquam
1443 1934 1569 1962 alterum
1595 1931 1787 1959 christianum

961 1983 1169 2020 perfectionem
1192 1982 1369 2018 professum.
1388 1979 1439 2008 Ubi
1454 1983 1550 2006 autem
1577 1977 1690 2005 habitat
1704 1975 1757 2009 ira,
1774 1983 1789 2003 e

959 2019 1038 2056 terra
1051 2027 1175 2055 missum
1200 2026 1349 2054 hominem
1366 2033 1399 2052 ea
1423 2031 1495 2051 vene
1511 2021 1685 2058 impeditum
1711 2019 1788 2047 edis-

961 2080 1040 2106 cens,
1057 2071 1246 2099 manifestum
1269 2072 1313 2097 est
1328 2069 1367 2096 ibi
1393 2076 1480 2096 suum
1504 2066 1663 2094 tentorium
1689 2063 1787 2090 fixisse

959 2117 1046 2145 vilem
1062 2115 1288 2148 dissensionem,
1306 2122 1370 2149 qua
1386 2111 1493 2147 saepius
1508 2111 1582 2137 iram
1601 2107 1745 2136 antecedit
1760 2108 1789 2134 et

961 2161 1112 2197 sequitur;
1125 2162 1188 2194 aut,
1197 2161 1230 2186 ut
1238 2158 1520 2190 aliterdicamus,est
1531 2155 1578 2181 ire:
1591 2152 1786 2181 consubstan-

960 2206 1048 2239 tialis,
1064 2208 1093 2233 et
1104 2204 1231 2232 totaliter
1242 2203 1354 2231 eadem.
1370 2201 1458 2229 Nulla
1468 2199 1546 2228 enim
1566 2198 1610 2226 ire.
1620 2205 1729 2233 magna
1743 2197 1788 2224 est

959 2252 1070 2287 absque
1081 2249 1274 2282 dissensione,
1284 2247 1366 2275 nulla
1377 2245 1522 2274 dissensio’
1533 2243 1645 2278 absque
1660 2242 1713 2277 ira,
1730 2240 1787 2268 nisi

960 2285 1065 2332 agatur
1087 2295 1124 2322 de
1139 2292 1279 2321 laudabili
1295 2295 1323 2319 et
1336 2293 1418 2328 grata
1436 2291 1490 2318 Deo
1509 2287 1704 2316 dissensione.
1721 2285 1787 2313 Ηωο

961 2341 1038 2369 enim
1055 2340 1084 2367 in
1102 2340 1157 2367 Deo
1173 2337 1316 2366 miscetur
1331 2333 1526 2372 gaudio,nihil
1543 2333 1573 2360 in
1589 2340 1623 2360 ea
1638 2338 1785 2366 amarum,

80 2375 147 2420 αὐτῇ
164 2375 314 2420 ’.λυπηρόν
346 2382 388 2411 διὸ
417 2383 479 2412 οὐδὲ
506 2375 630 2422 θυμίικόν.
648 2375 766 2423 ’Ᾰμφοῖν
794 2384 823 2412 δὲ
842 2385 905 2412 τού-

964 2389 1012 2414 aut
1026 2383 1237 2413 irascibile.His
1253 2382 1370 2409 duobus
1385 2380 1472 2413 vitiis,
1489 2375 1666 2406 dissensioni
1683 2377 1711 2403 et
1725 2375 1786 2409 irae,

78 2437 146 2462 τοιν,
163 2424 233 2464 ἔριδι
259 2427 305 2455 καὶ
329 2429 418 2465 Θυμῷ,
443 2433 615 2468 παρομαρτεῖ
638 2431 681 2458 καὶ
706 2429 810 2468 κραυγὴ
834 2429 906 2466 παρά

78 2482 109 2509 γε
135 2475 194 2503 τοῖς
221 2471 357 2509 ὀξυτέρως
385 2473 428 2500 καὶ
455 2472 519 2501 οὐδὲ
545 2474 719 2513 βαθύφροσιν.
736 2475 769 2504 Oi.
791 2475 841 2512 γὰρ
855 2473 904 2501 ἄλ-

80 2515 136 2548 λως
150 2517 317 2555 ἀγχιμαθεῖς
333 2517 378 2544 καὶ
399 2517 541 2555 ἒχὲμυθοι,
566 2518 612 2550 οὓς
632 2519 677 2547 καὶ
695 2518 904 2557 μεγαλοθύμους

79 2562 95 2595 ἢ
119 2561 228 2589 παλαιά
257 2572 322 2600 φησι
350 2560 474 2598 λεκτικὴ,
491 2561 552 2591 οὔτε
579 2564 628 2598 τὴν
656 2561 710 2602 ἔριν
739 2563 905 2602 προφαίνου-

79 2615 131 2642 σιν,
155 2605 221 2633 ἀλλ’
247 2604 400 2645 ἐνδόμυχον
425 2607 584 2645 κρύπτουσι,
609 2608 654 2636 καὶ
677 2609 724 2636 τὸν
740 2608 824 2645 Θυμὸν
843 2608 906 2646 βυσ-

78 2650 276 2688 σοδομεῦοντες
304 2651 504 2689 ἔπηλυγάζουσι
522 2673 529 2681 .
559 2654 649 2690 Θυμὸς
687 2655 751 2691 γοῦν
779 2653 824 2680 καὶ
850 2649 906 2690 ἔρις

79 2695 151 2733 παρὰ
176 2695 219 2723 σοὶ
245 2695 290 2723 καὶ
314 2697 417 2734 κραυγὴ
448 2698 650 2736 φατριάζουσιν.
676 2699 763 2726 Ὅπου
793 2696 821 2725 δὲ
843 2697 905 2734 τρία

78 2743 161 2768 ταῦτα
186 2741 258 2768 κακὰ
280 2740 510 2779 παῤῥησιάζονται
527 2765 534 2778 ,
559 2746 617 2775 πῶς
642 2743 673 2771 ἂν
704 2743 741 2780 μή
767 2742 831 2780 οὐχὶ
861 2742 905 2769 καὶ

80 2785 176 2823 ἀεργίπι
192 2807 200 2823 ,
231 2786 263 2813 τὸ
294 2786 362 2823 μέγα
389 2787 469 2814 κακὸν
500 2787 544 2815 καὶ
575 2791 706 2826 μοναγοῖς
725 2787 879 2826 ἀπόῤῥητον
896 2809 905 2824 ,

80 2828 304 2868 παρεισκρίνοιτο
335 2839 342 2866 ;
372 2833 455 2863 Ἔνθα
483 2830 512 2860 δὲ
549 2830 637 2871 τύρϐη
673 2833 735 2871 περὶ
760 2831 907 2861 ἁπιοικότα

80 2873 176 2903 πολλὰ
191 2873 298 2912 (πολλά
325 2873 355 2902 δὲ
382 2874 450 2908 τίως
479 2875 553 2916 λέγω
580 2878 614 2906 τὰ
636 2877 808 2916 ἐπιτεθειμένοι
833 2876 904 2916 τρία,

961 2431 1072 2459 clamor
1087 2428 1250 2466 copulatur,
1266 2427 1342 2463 apud
1359 2425 1484 2453 acriores
1500 2426 1528 2450 et
1541 2430 1598 2450 non
1615 2420 1786 2457 prudentes.

960 2475 1017 2503 Alii
1031 2475 1109 2503 enim
1125 2473 1273 2510 graviores
1288 2473 1317 2499 et
1337 2470 1468 2502 silentes,
1485 2467 1562 2504 quod
1579 2465 1786 2502 magnanimos

959 2522 1073 2554 vocant,
1087 2517 1302 2547 dissensionem
1319 2523 1376 2543 non
1394 2513 1594 2545 manifestam,
1607 2511 1657 2539 sed
1674 2514 1785 2538 mutam

960 2564 1160 2597 abscondunt,
1190 2565 1277 2597 atque
1305 2560 1380 2587 iram
1410 2565 1608 2594 compressam
1637 2555 1784 2592 operiunt.

959 2609 1044 2645 Apud
1073 2611 1101 2636 te
1129 2615 1197 2644 ergo
1220 2607 1275 2639 ira,
1291 2607 1319 2632 et
1347 2603 1503 2638 dissensio,
1520 2604 1549 2630 et
1577 2601 1688 2629 clamor
1712 2598 1785 2645 asti-

961 2643 1111 2690 pulantur.
1146 2651 1200 2680 Ubi
1234 2652 1332 2678 autem
1368 2649 1491 2677 saeviunt
1524 2646 1581 2674 tria
1620 2645 1673 2673 ista
1705 2643 1784 2676 vitia,

961 2689 1108 2735 quomodo
1137 2697 1253 2724 abesset
1282 2694 1426 2729 otiositas,
1450 2701 1589 2729 magnum
1617 2689 1739 2723 malum,
1756 2689 1784 2714 et

960 2731 1114 2772 monachis
1138 2739 1408 2778 perniciosum?Et
1432 2738 1482 2766 ubi
1505 2735 1651 2765 tumultus
1675 2731 1783 2760 multa-

961 2797 1027 2817 rum
1055 2795 1153 2816 rerum
1183 2786 1364 2814 diversarum
1394 2783 1500 2819 (multa
1527 2782 1592 2810 dico
1619 2779 1697 2812 ista,
1728 2783 1782 2804 nec

960 2832 1107 2862 immerito
1142 2831 1249 2860 dicitur
1281 2829 1472 2865 multitudo),
1506 2834 1565 2863 qua
1597 2822 1708 2852 ratione
1741 2820 1782 2849 ibi

961 2878 1056 2908 aderit
1069 2885 1143 2914 opus
1158 2873 1335 2905 monachicae
1349 2873 1413 2903 vita
1437 2875 1540 2910 aptum
1549 2869 1564 2898 ?
1577 2870 1638 2902 Quo
1653 2864 1703 2903 qui
1718 2867 1784 2903 eget
