  <div class='ocr_page' id='page_1' title='image "/cluster/home/n/w/nwhite01/storage/ocr_20150623/135/njp.32101077773107/399.png"; bbox 0 0 2030 3167; ppageno 0'>
   <div class='ocr_carea' id='block_1_1' title="bbox 230 171 288 201">
    <p class='ocr_par' dir='ltr' id='par_1_1' title="bbox 230 171 288 201">
     <span class='ocr_line' id='line_1_1' title="bbox 230 171 288 201; baseline -0.034 0"><span class='ocrx_word' id='word_1_1' title='bbox 230 171 288 201; x_wconf 82' lang='lat'>767</span> 
     </span>
    </p>
   </div>
   <div class='ocr_carea' id='block_1_2' title="bbox 613 166 1547 202">
    <p class='ocr_par' dir='ltr' id='par_1_2' title="bbox 613 166 1547 202">
     <span class='ocr_line' id='line_1_2' title="bbox 613 166 1547 202; baseline -0.004 -2"><span class='ocrx_word' id='word_1_2' title='bbox 613 171 827 202; x_wconf 85' lang='lat' dir='ltr'>EUSTATHll</span> <span class='ocrx_word' id='word_1_3' title='bbox 849 167 1231 199; x_wconf 80' lang='lat' dir='ltr'>THESSALONICENSIS</span> <span class='ocrx_word' id='word_1_4' title='bbox 1254 166 1547 197; x_wconf 65' lang='lat' dir='ltr'>METROPOLITE</span> 
     </span>
    </p>
   </div>
   <div class='ocr_carea' id='block_1_3' title="bbox 1881 165 1954 194">
    <p class='ocr_par' dir='ltr' id='par_1_3' title="bbox 1881 165 1954 194">
     <span class='ocr_line' id='line_1_3' title="bbox 1881 165 1954 194; baseline 0.014 -1"><span class='ocrx_word' id='word_1_5' title='bbox 1881 165 1954 194; x_wconf 82' lang='lat'>1&#39;68</span> 
     </span>
    </p>
   </div>
   <div class='ocr_carea' id='block_1_4' title="bbox 229 226 1057 273">
    <p class='ocr_par' dir='ltr' id='par_1_4' title="bbox 229 235 1052 273">
     <span class='ocr_line' id='line_1_4' title="bbox 229 235 1052 273; baseline -0.002 -8"><span class='ocrx_word' id='word_1_6' title='bbox 229 244 354 273; x_wconf 82' lang='lat' dir='ltr'>magnus</span> <span class='ocrx_word' id='word_1_7' title='bbox 369 237 531 265; x_wconf 77' lang='lat' dir='ltr'>monachus</span> <span class='ocrx_word' id='word_1_8' title='bbox 556 239 691 265; x_wconf 87' lang='lat' dir='ltr'>mortuus</span> <span class='ocrx_word' id='word_1_9' title='bbox 708 239 762 271; x_wconf 87' lang='lat' dir='ltr'>est,</span> <span class='ocrx_word' id='word_1_10' title='bbox 778 237 873 273; x_wconf 87' lang='lat' dir='ltr'>quoad</span> <span class='ocrx_word' id='word_1_11' title='bbox 893 243 982 272; x_wconf 86' lang='lat' dir='ltr'>opera</span> <span class='ocrx_word' id='word_1_12' title='bbox 995 235 1052 264; x_wconf 86' lang='lat' dir='ltr'>Deo</span> 
     </span>
    </p>
   </div>
   <div class='ocr_carea' id='block_1_5' title="bbox 1115 226 1950 273">
    <p class='ocr_par' dir='ltr' id='par_1_5' title="bbox 1115 226 1950 270">
     <span class='ocr_line' id='line_1_5' title="bbox 1115 226 1950 270; baseline -0.006 -9"><span class='ocrx_word' id='word_1_13' title='bbox 1115 233 1153 261; x_wconf 80' lang='grc' dir='ltr'>ιαὶ</span> <span class='ocrx_word' id='word_1_14' title='bbox 1170 234 1202 261; x_wconf 85' lang='grc' dir='ltr'>οὑ</span> <span class='ocrx_word' id='word_1_15' title='bbox 1219 231 1353 270; x_wconf 79' lang='grc' dir='ltr'>ψεύδομαι</span> <span class='ocrx_word' id='word_1_16' title='bbox 1377 233 1427 267; x_wconf 81' lang='grc' dir='ltr'>τήν</span> <span class='ocrx_word' id='word_1_17' title='bbox 1450 231 1580 268; x_wconf 77' lang='grc' dir='ltr'>πληθὺν),</span> <span class='ocrx_word' id='word_1_18' title='bbox 1606 233 1661 258; x_wconf 80' lang='grc' dir='ltr'>ποῦ</span> <span class='ocrx_word' id='word_1_19' title='bbox 1686 240 1755 258; x_wconf 82' lang='grc' dir='ltr'>ποτε</span> <span class='ocrx_word' id='word_1_20' title='bbox 1780 229 1839 257; x_wconf 73' lang='grc' dir='ltr'>ἐκεῖ</span> <span class='ocrx_word' id='word_1_21' title='bbox 1861 226 1950 268; x_wconf 74' lang='grc' dir='ltr'>ἔργον</span> 
     </span>
    </p>
   </div>
   <div class='ocr_carea' id='block_1_6' title="bbox 228 281 657 318">
    <p class='ocr_par' dir='ltr' id='par_1_6' title="bbox 228 281 657 318">
     <span class='ocr_line' id='line_1_6' title="bbox 228 281 657 318; baseline 0.002 -9"><span class='ocrx_word' id='word_1_22' title='bbox 228 283 322 317; x_wconf 84' lang='lat' dir='ltr'>grata,</span> <span class='ocrx_word' id='word_1_23' title='bbox 339 284 368 309; x_wconf 88' lang='lat' dir='ltr'>et</span> <span class='ocrx_word' id='word_1_24' title='bbox 383 281 508 318; x_wconf 83' lang='lat' dir='ltr'>otiosus,</span> <span class='ocrx_word' id='word_1_25' title='bbox 524 284 553 310; x_wconf 87' lang='lat' dir='ltr'>et</span> <span class='ocrx_word' id='word_1_26' title='bbox 568 281 657 310; x_wconf 88' lang='lat' dir='ltr'>iners.</span> 
     </span>
    </p>
   </div>
   <div class='ocr_carea' id='block_1_7' title="bbox 264 414 1055 451">
    <p class='ocr_par' dir='ltr' id='par_1_7' title="bbox 264 414 1055 451">
     <span class='ocr_line' id='line_1_7' title="bbox 264 414 1055 451; baseline 0 -9"><span class='ocrx_word' id='word_1_27' title='bbox 264 416 309 442; x_wconf 71' lang='grc'>46.</span> <span class='ocrx_word' id='word_1_28' title='bbox 333 417 367 443; x_wconf 89' lang='lat' dir='ltr'>Et</span> <span class='ocrx_word' id='word_1_29' title='bbox 390 415 585 451; x_wconf 74' lang='lat' dir='ltr'>interrogatus</span> <span class='ocrx_word' id='word_1_30' title='bbox 609 417 726 450; x_wconf 88' lang='lat' dir='ltr'>iterum,</span> <span class='ocrx_word' id='word_1_31' title='bbox 751 425 767 444; x_wconf 94' lang='grc' dir='ltr'>ο</span> <span class='ocrx_word' id='word_1_32' title='bbox 798 417 896 449; x_wconf 77' lang='lat' dir='ltr'>frater,</span> <span class='ocrx_word' id='word_1_33' title='bbox 927 414 1055 443; x_wconf 75' lang='lat' dir='ltr'>libertati</span> 
     </span>
    </p>
   </div>
   <div class='ocr_carea' id='block_1_8' title="bbox 228 458 1054 496">
    <p class='ocr_par' dir='ltr' id='par_1_8' title="bbox 228 458 1054 496">
     <span class='ocr_line' id='line_1_8' title="bbox 228 458 1054 496; baseline 0.001 -11"><span class='ocrx_word' id='word_1_34' title='bbox 228 458 368 494; x_wconf 81' lang='lat' dir='ltr'>loquendi</span> <span class='ocrx_word' id='word_1_35' title='bbox 393 460 578 495; x_wconf 77' lang='lat' dir='ltr'>renuntiasti,</span> <span class='ocrx_word' id='word_1_36' title='bbox 592 461 786 496; x_wconf 77' lang='lat' dir='ltr'>incongruam</span> <span class='ocrx_word' id='word_1_37' title='bbox 802 461 867 488; x_wconf 87' lang='lat' dir='ltr'>dico</span> <span class='ocrx_word' id='word_1_38' title='bbox 889 460 1054 488; x_wconf 85' lang='lat' dir='ltr'>libertatem</span> 
     </span>
    </p>
   </div>
   <div class='ocr_carea' id='block_1_9' title="bbox 229 503 1054 540">
    <p class='ocr_par' dir='ltr' id='par_1_9' title="bbox 229 503 1054 540">
     <span class='ocr_line' id='line_1_9' title="bbox 229 503 1054 540; baseline 0.001 -10"><span class='ocrx_word' id='word_1_39' title='bbox 229 503 439 540; x_wconf 80' lang='lat' dir='ltr'>inconsultam,</span> <span class='ocrx_word' id='word_1_40' title='bbox 455 513 506 532; x_wconf 88' lang='lat' dir='ltr'>seu</span> <span class='ocrx_word' id='word_1_41' title='bbox 531 506 609 540; x_wconf 88' lang='lat' dir='ltr'>quod</span> <span class='ocrx_word' id='word_1_42' title='bbox 634 505 710 533; x_wconf 89' lang='lat' dir='ltr'>idem</span> <span class='ocrx_word' id='word_1_43' title='bbox 736 508 790 538; x_wconf 88' lang='lat' dir='ltr'>est,</span> <span class='ocrx_word' id='word_1_44' title='bbox 805 514 862 533; x_wconf 93' lang='lat' dir='ltr'>non</span> <span class='ocrx_word' id='word_1_45' title='bbox 885 505 1054 538; x_wconf 88' lang='lat' dir='ltr'>discretam,</span> 
     </span>
    </p>
   </div>
   <div class='ocr_carea' id='block_1_10' title="bbox 232 546 1053 585">
    <p class='ocr_par' dir='ltr' id='par_1_10' title="bbox 232 546 1053 585">
     <span class='ocr_line' id='line_1_10' title="bbox 232 546 1053 585; baseline 0.001 -10"><span class='ocrx_word' id='word_1_46' title='bbox 232 556 321 585; x_wconf 89' lang='lat' dir='ltr'>quam</span> <span class='ocrx_word' id='word_1_47' title='bbox 337 549 484 584; x_wconf 78' lang='lat' dir='ltr'>sapientes</span> <span class='ocrx_word' id='word_1_48' title='bbox 500 550 536 578; x_wconf 90' lang='lat' dir='ltr'>de</span> <span class='ocrx_word' id='word_1_49' title='bbox 551 559 585 578; x_wconf 80' lang='lat' dir='ltr'>ea</span> <span class='ocrx_word' id='word_1_50' title='bbox 599 551 760 578; x_wconf 77' lang='lat' dir='ltr'>tractantes</span> <span class='ocrx_word' id='word_1_51' title='bbox 773 550 920 579; x_wconf 82' lang='lat' dir='ltr'>licentiam</span> <span class='ocrx_word' id='word_1_52' title='bbox 939 546 1053 577; x_wconf 79' lang='lat' dir='ltr'>vocant.</span> 
     </span>
    </p>
   </div>
   <div class='ocr_carea' id='block_1_11' title="bbox 233 594 1054 633">
    <p class='ocr_par' dir='ltr' id='par_1_11' title="bbox 233 594 1054 633">
     <span class='ocr_line' id='line_1_11' title="bbox 233 594 1054 633; baseline 0.002 -13"><span class='ocrx_word' id='word_1_53' title='bbox 233 594 360 622; x_wconf 84' lang='lat' dir='ltr'>Libertas</span> <span class='ocrx_word' id='word_1_54' title='bbox 376 595 454 622; x_wconf 85' lang='lat' dir='ltr'>enim</span> <span class='ocrx_word' id='word_1_55' title='bbox 469 595 586 632; x_wconf 86' lang='lat' dir='ltr'>proprie</span> <span class='ocrx_word' id='word_1_56' title='bbox 600 598 655 629; x_wconf 88' lang='lat' dir='ltr'>est,</span> <span class='ocrx_word' id='word_1_57' title='bbox 671 605 734 632; x_wconf 67' lang='lat' dir='ltr'>quae</span> <span class='ocrx_word' id='word_1_58' title='bbox 748 596 899 633; x_wconf 87' lang='lat' dir='ltr'>quodlibet</span> <span class='ocrx_word' id='word_1_59' title='bbox 923 595 1054 630; x_wconf 85' lang='lat' dir='ltr'>verbum,</span> 
     </span>
    </p>
   </div>
   <div class='ocr_carea' id='block_1_12' title="bbox 231 638 1054 675">
    <p class='ocr_par' dir='ltr' id='par_1_12' title="bbox 231 638 1054 675">
     <span class='ocr_line' id='line_1_12' title="bbox 231 638 1054 675; baseline 0.002 -9"><span class='ocrx_word' id='word_1_60' title='bbox 231 638 354 666; x_wconf 80' lang='lat' dir='ltr'>cuilibet</span> <span class='ocrx_word' id='word_1_61' title='bbox 380 639 503 674; x_wconf 82' lang='lat' dir='ltr'>homini,</span> <span class='ocrx_word' id='word_1_62' title='bbox 520 641 634 668; x_wconf 82' lang='lat' dir='ltr'>fortiter</span> <span class='ocrx_word' id='word_1_63' title='bbox 660 642 749 668; x_wconf 87' lang='lat' dir='ltr'>audet</span> <span class='ocrx_word' id='word_1_64' title='bbox 768 641 875 675; x_wconf 85' lang='lat' dir='ltr'>dicere,</span> <span class='ocrx_word' id='word_1_65' title='bbox 892 640 1054 668; x_wconf 84' lang='lat' dir='ltr'>secundum</span> 
     </span>
    </p>
   </div>
   <div class='ocr_carea' id='block_1_13' title="bbox 231 682 1055 721">
    <p class='ocr_par' dir='ltr' id='par_1_13' title="bbox 231 682 1055 721">
     <span class='ocr_line' id='line_1_13' title="bbox 231 682 1055 721; baseline 0.004 -12"><span class='ocrx_word' id='word_1_66' title='bbox 231 682 346 710; x_wconf 88' lang='lat' dir='ltr'>virtutis</span> <span class='ocrx_word' id='word_1_67' title='bbox 363 683 452 719; x_wconf 83' lang='lat' dir='ltr'>leges,</span> <span class='ocrx_word' id='word_1_68' title='bbox 469 686 557 721; x_wconf 85' lang='lat' dir='ltr'>atque</span> <span class='ocrx_word' id='word_1_69' title='bbox 583 685 701 713; x_wconf 79' lang='lat' dir='ltr'>moralis</span> <span class='ocrx_word' id='word_1_70' title='bbox 721 685 848 713; x_wconf 77' lang='lat' dir='ltr'>scientiae</span> <span class='ocrx_word' id='word_1_71' title='bbox 874 693 1055 717; x_wconf 82' lang='lat' dir='ltr'>mensuram,</span> 
     </span>
    </p>
   </div>
   <div class='ocr_carea' id='block_1_14' title="bbox 232 728 1055 766">
    <p class='ocr_par' dir='ltr' id='par_1_14' title="bbox 232 728 1055 766">
     <span class='ocr_line' id='line_1_14' title="bbox 232 728 1055 766; baseline 0.002 -12"><span class='ocrx_word' id='word_1_72' title='bbox 232 728 327 762; x_wconf 86' lang='lat' dir='ltr'>quoad</span> <span class='ocrx_word' id='word_1_73' title='bbox 343 730 782 765; x_wconf 84' lang='lat' dir='ltr'>tempus,pereonam,modum,</span> <span class='ocrx_word' id='word_1_74' title='bbox 798 733 827 758; x_wconf 89' lang='lat' dir='ltr'>et</span> <span class='ocrx_word' id='word_1_75' title='bbox 842 730 1055 766; x_wconf 77' lang='lat' dir='ltr'>quantitatem;</span> 
     </span>
    </p>
   </div>
   <div class='ocr_carea' id='block_1_15' title="bbox 232 773 1058 811">
    <p class='ocr_par' dir='ltr' id='par_1_15' title="bbox 232 773 1058 811">
     <span class='ocr_line' id='line_1_15' title="bbox 232 773 1058 811; baseline 0.004 -13"><span class='ocrx_word' id='word_1_76' title='bbox 232 774 265 799; x_wconf 87' lang='lat' dir='ltr'>ut</span> <span class='ocrx_word' id='word_1_77' title='bbox 280 773 530 807; x_wconf 81' lang='lat' dir='ltr'>quemadmodum</span> <span class='ocrx_word' id='word_1_78' title='bbox 557 774 631 802; x_wconf 81' lang='lat' dir='ltr'>beati</span> <span class='ocrx_word' id='word_1_79' title='bbox 647 778 717 803; x_wconf 89' lang='lat' dir='ltr'>sunt</span> <span class='ocrx_word' id='word_1_80' title='bbox 731 775 782 811; x_wconf 92' lang='lat' dir='ltr'>qui</span> <span class='ocrx_word' id='word_1_81' title='bbox 801 775 925 803; x_wconf 89' lang='lat' dir='ltr'>audiunt</span> <span class='ocrx_word' id='word_1_82' title='bbox 941 776 1058 811; x_wconf 85' lang='lat' dir='ltr'>propter</span> 
     </span>
    </p>
   </div>
   <div class='ocr_carea' id='block_1_16' title="bbox 235 817 1057 855">
    <p class='ocr_par' dir='ltr' id='par_1_16' title="bbox 235 817 1057 855">
     <span class='ocr_line' id='line_1_16' title="bbox 235 817 1057 855; baseline 0.002 -11"><span class='ocrx_word' id='word_1_83' title='bbox 235 817 324 844; x_wconf 84' lang='lat' dir='ltr'>Deum</span> <span class='ocrx_word' id='word_1_84' title='bbox 349 826 436 845; x_wconf 87' lang='lat' dir='ltr'>omne</span> <span class='ocrx_word' id='word_1_85' title='bbox 459 820 580 847; x_wconf 85' lang='lat' dir='ltr'>verbum</span> <span class='ocrx_word' id='word_1_86' title='bbox 605 828 749 854; x_wconf 88' lang='lat' dir='ltr'>amarum,</span> <span class='ocrx_word' id='word_1_87' title='bbox 766 821 809 848; x_wconf 88' lang='lat' dir='ltr'>sic</span> <span class='ocrx_word' id='word_1_88' title='bbox 835 821 938 847; x_wconf 86' lang='lat' dir='ltr'>beatus</span> <span class='ocrx_word' id='word_1_89' title='bbox 954 821 993 847; x_wconf 85' lang='lat' dir='ltr'>sit</span> <span class='ocrx_word' id='word_1_90' title='bbox 1007 818 1057 855; x_wconf 89' lang='lat' dir='ltr'>qui</span> 
     </span>
    </p>
   </div>
   <div class='ocr_carea' id='block_1_17' title="bbox 235 861 1058 900">
    <p class='ocr_par' dir='ltr' id='par_1_17' title="bbox 235 861 1058 900">
     <span class='ocr_line' id='line_1_17' title="bbox 235 861 1058 900; baseline 0.004 -12"><span class='ocrx_word' id='word_1_91' title='bbox 235 861 364 896; x_wconf 86' lang='lat' dir='ltr'>quolibet</span> <span class='ocrx_word' id='word_1_92' title='bbox 378 863 464 891; x_wconf 87' lang='lat' dir='ltr'>verbo</span> <span class='ocrx_word' id='word_1_93' title='bbox 476 872 547 891; x_wconf 89' lang='lat' dir='ltr'>usus</span> <span class='ocrx_word' id='word_1_94' title='bbox 557 865 593 892; x_wconf 88' lang='lat' dir='ltr'>ad</span> <span class='ocrx_word' id='word_1_95' title='bbox 603 865 751 900; x_wconf 85' lang='lat' dir='ltr'>juvandos</span> <span class='ocrx_word' id='word_1_96' title='bbox 767 865 924 900; x_wconf 79' lang='lat' dir='ltr'>auditores,</span> <span class='ocrx_word' id='word_1_97' title='bbox 940 867 966 892; x_wconf 91' lang='lat' dir='ltr'>et</span> <span class='ocrx_word' id='word_1_98' title='bbox 982 863 1058 892; x_wconf 87' lang='lat' dir='ltr'>nulli</span> 
     </span>
    </p>
   </div>
   <div class='ocr_carea' id='block_1_18' title="bbox 234 905 1056 944">
    <p class='ocr_par' dir='ltr' id='par_1_18' title="bbox 234 905 1056 944">
     <span class='ocr_line' id='line_1_18' title="bbox 234 905 1056 944; baseline 0.005 -12"><span class='ocrx_word' id='word_1_99' title='bbox 234 905 357 934; x_wconf 88' lang='lat' dir='ltr'>honesto</span> <span class='ocrx_word' id='word_1_100' title='bbox 378 908 465 935; x_wconf 89' lang='lat' dir='ltr'>verbo</span> <span class='ocrx_word' id='word_1_101' title='bbox 492 917 624 944; x_wconf 77' lang='lat' dir='ltr'>parcens,</span> <span class='ocrx_word' id='word_1_102' title='bbox 640 910 755 938; x_wconf 84' lang='lat' dir='ltr'>etiamsi</span> <span class='ocrx_word' id='word_1_103' title='bbox 780 919 914 938; x_wconf 87' lang='lat' dir='ltr'>amarum</span> <span class='ocrx_word' id='word_1_104' title='bbox 938 909 1056 944; x_wconf 83' lang='lat' dir='ltr'>aliquod</span> 
     </span>
    </p>
   </div>
   <div class='ocr_carea' id='block_1_19' title="bbox 233 950 1054 989">
    <p class='ocr_par' dir='ltr' id='par_1_19' title="bbox 233 950 1054 989">
     <span class='ocr_line' id='line_1_19' title="bbox 233 950 1054 989; baseline 0.005 -12"><span class='ocrx_word' id='word_1_105' title='bbox 233 950 372 985; x_wconf 73' lang='lat' dir='ltr'>proferat,</span> <span class='ocrx_word' id='word_1_106' title='bbox 389 955 485 988; x_wconf 85' lang='lat' dir='ltr'>potest</span> <span class='ocrx_word' id='word_1_107' title='bbox 499 956 526 980; x_wconf 91' lang='lat' dir='ltr'>et</span> <span class='ocrx_word' id='word_1_108' title='bbox 541 953 603 989; x_wconf 85' lang='lat' dir='ltr'>ipse</span> <span class='ocrx_word' id='word_1_109' title='bbox 618 954 731 982; x_wconf 86' lang='lat' dir='ltr'>dicere:</span> <span class='ocrx_word' id='word_1_110' title='bbox 752 965 763 979; x_wconf 78' lang='grc' dir='ltr'>ι</span> <span class='ocrx_word' id='word_1_111' title='bbox 780 955 809 982; x_wconf 91' lang='lat' dir='ltr'>Si</span> <span class='ocrx_word' id='word_1_112' title='bbox 825 963 882 982; x_wconf 92' lang='lat' dir='ltr'>non</span> <span class='ocrx_word' id='word_1_113' title='bbox 897 954 1054 987; x_wconf 79' lang='lat' dir='ltr'>venissem,</span> 
     </span>
    </p>
   </div>
   <div class='ocr_carea' id='block_1_20' title="bbox 233 994 1055 1035">
    <p class='ocr_par' dir='ltr' id='par_1_20' title="bbox 233 994 1055 1035">
     <span class='ocr_line' id='line_1_20' title="bbox 233 994 1055 1035; baseline 0.006 -13"><span class='ocrx_word' id='word_1_114' title='bbox 233 997 261 1022; x_wconf 87' lang='lat' dir='ltr'>et</span> <span class='ocrx_word' id='word_1_115' title='bbox 275 994 391 1024; x_wconf 86' lang='lat' dir='ltr'>locutus</span> <span class='ocrx_word' id='word_1_116' title='bbox 407 997 528 1026; x_wconf 80' lang='lat' dir='ltr'>fuissem</span> <span class='ocrx_word' id='word_1_117' title='bbox 544 999 596 1031; x_wconf 90' lang='lat' dir='ltr'>eis,</span> <span class='ocrx_word' id='word_1_118' title='bbox 608 1002 759 1035; x_wconf 89' lang='lat' dir='ltr'>peccatum</span> <span class='ocrx_word' id='word_1_119' title='bbox 776 1008 834 1027; x_wconf 88' lang='lat' dir='ltr'>non</span> <span class='ocrx_word' id='word_1_120' title='bbox 851 1000 990 1027; x_wconf 86' lang='lat' dir='ltr'>haberent</span> <span class='ocrx_word' id='word_1_121' title='bbox 1002 999 1023 1034; x_wconf 79' lang='grc'>⁸,</span> <span class='ocrx_word' id='word_1_122' title='bbox 1041 1009 1055 1024; x_wconf 89' lang='grc'><strong>››</strong></span> 
     </span>
    </p>
   </div>
   <div class='ocr_carea' id='block_1_21' title="bbox 234 1040 1058 1079">
    <p class='ocr_par' dir='ltr' id='par_1_21' title="bbox 234 1040 1058 1079">
     <span class='ocr_line' id='line_1_21' title="bbox 234 1040 1058 1079; baseline 0.006 -13"><span class='ocrx_word' id='word_1_123' title='bbox 234 1040 304 1075; x_wconf 85' lang='lat' dir='ltr'>quia</span> <span class='ocrx_word' id='word_1_124' title='bbox 318 1041 379 1076; x_wconf 88' lang='lat' dir='ltr'>pari</span> <span class='ocrx_word' id='word_1_125' title='bbox 393 1041 530 1078; x_wconf 84' lang='lat' dir='ltr'>loquendi</span> <span class='ocrx_word' id='word_1_126' title='bbox 546 1043 679 1072; x_wconf 87' lang='lat' dir='ltr'>libertate</span> <span class='ocrx_word' id='word_1_127' title='bbox 695 1045 731 1072; x_wconf 88' lang='lat' dir='ltr'>ad</span> <span class='ocrx_word' id='word_1_128' title='bbox 748 1047 881 1072; x_wconf 84' lang='lat' dir='ltr'>mutuam</span> <span class='ocrx_word' id='word_1_129' title='bbox 895 1043 1058 1079; x_wconf 87' lang='lat' dir='ltr'>conceptio-</span> 
     </span>
    </p>
   </div>
   <div class='ocr_carea' id='block_1_22' title="bbox 234 1087 1058 1119">
    <p class='ocr_par' dir='ltr' id='par_1_22' title="bbox 234 1087 1058 1119">
     <span class='ocr_line' id='line_1_22' title="bbox 234 1087 1058 1119; baseline 0.004 -7"><span class='ocrx_word' id='word_1_130' title='bbox 234 1093 312 1119; x_wconf 86' lang='lat' dir='ltr'>nem,</span> <span class='ocrx_word' id='word_1_131' title='bbox 329 1089 358 1114; x_wconf 88' lang='lat' dir='ltr'>et</span> <span class='ocrx_word' id='word_1_132' title='bbox 381 1087 417 1114; x_wconf 85' lang='lat' dir='ltr'>ad</span> <span class='ocrx_word' id='word_1_133' title='bbox 444 1089 675 1117; x_wconf 87' lang='lat' dir='ltr'>convincendum</span> <span class='ocrx_word' id='word_1_134' title='bbox 700 1090 831 1117; x_wconf 83' lang='lat' dir='ltr'>doctrina</span> <span class='ocrx_word' id='word_1_135' title='bbox 854 1097 927 1117; x_wconf 85' lang='lat' dir='ltr'>usus</span> <span class='ocrx_word' id='word_1_136' title='bbox 950 1091 1004 1116; x_wconf 88' lang='lat' dir='ltr'>est.</span> <span class='ocrx_word' id='word_1_137' title='bbox 1025 1089 1058 1115; x_wconf 85' lang='lat' dir='ltr'>Et</span> 
     </span>
    </p>
   </div>
   <div class='ocr_carea' id='block_1_23' title="bbox 234 1131 1058 1170">
    <p class='ocr_par' dir='ltr' id='par_1_23' title="bbox 234 1131 1058 1170">
     <span class='ocr_line' id='line_1_23' title="bbox 234 1131 1058 1170; baseline 0.004 -13"><span class='ocrx_word' id='word_1_138' title='bbox 234 1137 360 1165; x_wconf 88' lang='lat' dir='ltr'>magnus</span> <span class='ocrx_word' id='word_1_139' title='bbox 386 1131 463 1160; x_wconf 90' lang='lat' dir='ltr'>Deus</span> <span class='ocrx_word' id='word_1_140' title='bbox 488 1136 588 1161; x_wconf 88' lang='lat' dir='ltr'>noster</span> <span class='ocrx_word' id='word_1_141' title='bbox 611 1134 697 1162; x_wconf 87' lang='lat' dir='ltr'>Jesus</span> <span class='ocrx_word' id='word_1_142' title='bbox 711 1134 857 1170; x_wconf 86' lang='lat' dir='ltr'>Christus,</span> <span class='ocrx_word' id='word_1_143' title='bbox 875 1143 941 1162; x_wconf 89' lang='lat' dir='ltr'>cum</span> <span class='ocrx_word' id='word_1_144' title='bbox 968 1134 1058 1161; x_wconf 87' lang='lat' dir='ltr'>libere</span> 
     </span>
    </p>
   </div>
   <div class='ocr_carea' id='block_1_24' title="bbox 233 1173 1057 1215">
    <p class='ocr_par' dir='ltr' id='par_1_24' title="bbox 233 1173 1057 1215">
     <span class='ocr_line' id='line_1_24' title="bbox 233 1173 1057 1215; baseline 0.006 -14"><span class='ocrx_word' id='word_1_145' title='bbox 233 1173 411 1211; x_wconf 85' lang='lat' dir='ltr'>loqueretur,</span> <span class='ocrx_word' id='word_1_146' title='bbox 429 1185 537 1205; x_wconf 87' lang='lat' dir='ltr'>munus</span> <span class='ocrx_word' id='word_1_147' title='bbox 560 1187 659 1206; x_wconf 88' lang='lat' dir='ltr'>eorum</span> <span class='ocrx_word' id='word_1_148' title='bbox 678 1179 728 1215; x_wconf 91' lang='lat' dir='ltr'>qui</span> <span class='ocrx_word' id='word_1_149' title='bbox 750 1187 817 1208; x_wconf 87' lang='lat' dir='ltr'>eum</span> <span class='ocrx_word' id='word_1_150' title='bbox 833 1180 964 1208; x_wconf 90' lang='lat' dir='ltr'>occidere</span> <span class='ocrx_word' id='word_1_151' title='bbox 978 1178 1057 1206; x_wconf 87' lang='lat' dir='ltr'>vole-</span> 
     </span>
    </p>
   </div>
   <div class='ocr_carea' id='block_1_25' title="bbox 235 1218 1058 1259">
    <p class='ocr_par' dir='ltr' id='par_1_25' title="bbox 235 1218 1058 1259">
     <span class='ocr_line' id='line_1_25' title="bbox 235 1218 1058 1259; baseline 0.004 -13"><span class='ocrx_word' id='word_1_152' title='bbox 235 1218 314 1253; x_wconf 83' lang='lat' dir='ltr'>bant,</span> <span class='ocrx_word' id='word_1_153' title='bbox 330 1221 511 1250; x_wconf 84' lang='lat' dir='ltr'>debilitabat.</span> <span class='ocrx_word' id='word_1_154' title='bbox 528 1225 684 1259; x_wconf 80' lang='lat' dir='ltr'>Propterea</span> <span class='ocrx_word' id='word_1_155' title='bbox 700 1225 892 1257; x_wconf 85' lang='lat' dir='ltr'>confessores,</span> <span class='ocrx_word' id='word_1_156' title='bbox 908 1226 937 1251; x_wconf 84' lang='lat' dir='ltr'>et</span> <span class='ocrx_word' id='word_1_157' title='bbox 953 1223 1058 1258; x_wconf 89' lang='lat' dir='ltr'>reliqui</span> 
     </span>
    </p>
   </div>
   <div class='ocr_carea' id='block_1_26' title="bbox 236 1266 1058 1304">
    <p class='ocr_par' dir='ltr' id='par_1_26' title="bbox 236 1266 1058 1304">
     <span class='ocr_line' id='line_1_26' title="bbox 236 1266 1058 1304; baseline 0.005 -14"><span class='ocrx_word' id='word_1_158' title='bbox 236 1267 378 1301; x_wconf 83' lang='lat' dir='ltr'>martyres</span> <span class='ocrx_word' id='word_1_159' title='bbox 397 1275 413 1294; x_wconf 86' lang='lat' dir='ltr'>a</span> <span class='ocrx_word' id='word_1_160' title='bbox 428 1266 487 1294; x_wconf 89' lang='lat' dir='ltr'>Deo</span> <span class='ocrx_word' id='word_1_161' title='bbox 512 1267 624 1295; x_wconf 83' lang='lat' dir='ltr'>laudati</span> <span class='ocrx_word' id='word_1_162' title='bbox 649 1270 728 1304; x_wconf 86' lang='lat' dir='ltr'>sunt,</span> <span class='ocrx_word' id='word_1_163' title='bbox 745 1269 795 1304; x_wconf 91' lang='lat' dir='ltr'>qui</span> <span class='ocrx_word' id='word_1_164' title='bbox 811 1268 874 1304; x_wconf 84' lang='lat' dir='ltr'>ipse</span> <span class='ocrx_word' id='word_1_165' title='bbox 889 1268 918 1296; x_wconf 93' lang='lat' dir='ltr'>in</span> <span class='ocrx_word' id='word_1_166' title='bbox 935 1267 997 1295; x_wconf 86' lang='lat' dir='ltr'>suis</span> <span class='ocrx_word' id='word_1_167' title='bbox 1013 1267 1058 1294; x_wconf 87' lang='lat' dir='ltr'>ul-</span> 
     </span>
    </p>
   </div>
   <div class='ocr_carea' id='block_1_27' title="bbox 234 1309 949 1349">
    <p class='ocr_par' dir='ltr' id='par_1_27' title="bbox 234 1309 949 1349">
     <span class='ocr_line' id='line_1_27' title="bbox 234 1309 949 1349; baseline 0.008 -14"><span class='ocrx_word' id='word_1_168' title='bbox 234 1309 366 1338; x_wconf 87' lang='lat' dir='ltr'>tionibus</span> <span class='ocrx_word' id='word_1_169' title='bbox 381 1311 460 1347; x_wconf 89' lang='lat' dir='ltr'>apud</span> <span class='ocrx_word' id='word_1_170' title='bbox 477 1311 675 1347; x_wconf 83' lang='lat' dir='ltr'>Psalmistam,</span> <span class='ocrx_word' id='word_1_171' title='bbox 692 1324 706 1338; x_wconf 85' lang='lat'><strong>«</strong></span> <span class='ocrx_word' id='word_1_172' title='bbox 720 1312 811 1341; x_wconf 88' lang='lat' dir='ltr'>libere</span> <span class='ocrx_word' id='word_1_173' title='bbox 828 1313 885 1349; x_wconf 80' lang='lat' dir='ltr'>agit</span> <span class='ocrx_word' id='word_1_174' title='bbox 900 1313 920 1341; x_wconf 81' lang='lat'>°.</span> <span class='ocrx_word' id='word_1_175' title='bbox 939 1324 949 1338; x_wconf 79' lang='grc' dir='ltr'>ι</span> 
     </span>
    </p>
   </div>
   <div class='ocr_carea' id='block_1_28' title="bbox 273 1400 1058 1440">
    <p class='ocr_par' dir='ltr' id='par_1_28' title="bbox 273 1400 1058 1440">
     <span class='ocr_line' id='line_1_28' title="bbox 273 1400 1058 1440; baseline 0.005 -12"><span class='ocrx_word' id='word_1_176' title='bbox 273 1401 317 1428; x_wconf 75' lang='grc'>47.</span> <span class='ocrx_word' id='word_1_177' title='bbox 334 1400 414 1429; x_wconf 89' lang='lat' dir='ltr'>Talis</span> <span class='ocrx_word' id='word_1_178' title='bbox 429 1403 474 1429; x_wconf 87' lang='lat' dir='ltr'>est</span> <span class='ocrx_word' id='word_1_179' title='bbox 488 1401 644 1430; x_wconf 88' lang='lat' dir='ltr'>laudabilis</span> <span class='ocrx_word' id='word_1_180' title='bbox 658 1402 797 1438; x_wconf 87' lang='lat' dir='ltr'>loquendi</span> <span class='ocrx_word' id='word_1_181' title='bbox 821 1403 952 1438; x_wconf 82' lang='lat' dir='ltr'>libertas,</span> <span class='ocrx_word' id='word_1_182' title='bbox 969 1412 1058 1440; x_wconf 87' lang='lat' dir='ltr'>quam</span> 
     </span>
    </p>
   </div>
   <div class='ocr_carea' id='block_1_29' title="bbox 236 1444 1060 1485">
    <p class='ocr_par' dir='ltr' id='par_1_29' title="bbox 236 1444 1060 1485">
     <span class='ocr_line' id='line_1_29' title="bbox 236 1444 1060 1485; baseline 0.006 -13"><span class='ocrx_word' id='word_1_183' title='bbox 236 1444 320 1473; x_wconf 81' lang='lat' dir='ltr'>aliter</span> <span class='ocrx_word' id='word_1_184' title='bbox 332 1447 364 1473; x_wconf 92' lang='lat' dir='ltr'>ut</span> <span class='ocrx_word' id='word_1_185' title='bbox 374 1446 574 1474; x_wconf 76' lang='lat' dir='ltr'>fortitudinem</span> <span class='ocrx_word' id='word_1_186' title='bbox 591 1447 719 1476; x_wconf 86' lang='lat' dir='ltr'>divinam</span> <span class='ocrx_word' id='word_1_187' title='bbox 733 1451 761 1476; x_wconf 86' lang='lat' dir='ltr'>et</span> <span class='ocrx_word' id='word_1_188' title='bbox 775 1449 935 1485; x_wconf 84' lang='lat' dir='ltr'>legitimam</span> <span class='ocrx_word' id='word_1_189' title='bbox 953 1449 1060 1477; x_wconf 89' lang='lat' dir='ltr'>haben-</span> 
     </span>
    </p>
   </div>
   <div class='ocr_carea' id='block_1_30' title="bbox 234 1489 1060 1530">
    <p class='ocr_par' dir='ltr' id='par_1_30' title="bbox 234 1489 1060 1530">
     <span class='ocr_line' id='line_1_30' title="bbox 234 1489 1060 1530; baseline 0.007 -14"><span class='ocrx_word' id='word_1_190' title='bbox 234 1489 302 1516; x_wconf 84' lang='lat' dir='ltr'>dam</span> <span class='ocrx_word' id='word_1_191' title='bbox 318 1491 485 1526; x_wconf 85' lang='lat' dir='ltr'>suppeditat</span> <span class='ocrx_word' id='word_1_192' title='bbox 500 1493 600 1519; x_wconf 84' lang='lat' dir='ltr'>sancta</span> <span class='ocrx_word' id='word_1_193' title='bbox 615 1492 749 1521; x_wconf 85' lang='lat' dir='ltr'>initiatio.</span> <span class='ocrx_word' id='word_1_194' title='bbox 767 1495 902 1521; x_wconf 81' lang='lat' dir='ltr'>Attamen</span> <span class='ocrx_word' id='word_1_195' title='bbox 925 1494 948 1521; x_wconf 89' lang='lat' dir='ltr'>si</span> <span class='ocrx_word' id='word_1_196' title='bbox 965 1494 1060 1530; x_wconf 89' lang='lat' dir='ltr'>quod-</span> 
     </span>
    </p>
   </div>
   <div class='ocr_carea' id='block_1_31' title="bbox 233 1533 1058 1574">
    <p class='ocr_par' dir='ltr' id='par_1_31' title="bbox 233 1533 1058 1574">
     <span class='ocr_line' id='line_1_31' title="bbox 233 1533 1058 1574; baseline 0.007 -13"><span class='ocrx_word' id='word_1_197' title='bbox 233 1533 304 1562; x_wconf 88' lang='lat' dir='ltr'>libet</span> <span class='ocrx_word' id='word_1_198' title='bbox 320 1535 438 1563; x_wconf 89' lang='lat' dir='ltr'>obvium</span> <span class='ocrx_word' id='word_1_199' title='bbox 464 1536 499 1564; x_wconf 92' lang='lat' dir='ltr'>ad</span> <span class='ocrx_word' id='word_1_200' title='bbox 525 1537 672 1572; x_wconf 85' lang='lat' dir='ltr'>quoslibet</span> <span class='ocrx_word' id='word_1_201' title='bbox 696 1538 763 1574; x_wconf 88' lang='lat' dir='ltr'>quis</span> <span class='ocrx_word' id='word_1_202' title='bbox 789 1541 913 1572; x_wconf 86' lang='lat' dir='ltr'>eructat,</span> <span class='ocrx_word' id='word_1_203' title='bbox 929 1538 954 1567; x_wconf 84' lang='lat' dir='ltr'>ei</span> <span class='ocrx_word' id='word_1_204' title='bbox 978 1539 1058 1566; x_wconf 91' lang='lat' dir='ltr'>omni</span> 
     </span>
    </p>
   </div>
   <div class='ocr_carea' id='block_1_32' title="bbox 233 1579 1060 1617">
    <p class='ocr_par' dir='ltr' id='par_1_32' title="bbox 233 1579 1060 1617">
     <span class='ocr_line' id='line_1_32' title="bbox 233 1579 1060 1617; baseline 0.007 -11"><span class='ocrx_word' id='word_1_205' title='bbox 233 1579 320 1607; x_wconf 90' lang='lat' dir='ltr'>verbo</span> <span class='ocrx_word' id='word_1_206' title='bbox 336 1588 368 1607; x_wconf 86' lang='lat' dir='ltr'>os</span> <span class='ocrx_word' id='word_1_207' title='bbox 382 1581 484 1616; x_wconf 89' lang='lat' dir='ltr'>aperit,</span> <span class='ocrx_word' id='word_1_208' title='bbox 501 1582 624 1610; x_wconf 84' lang='lat' dir='ltr'>audacia</span> <span class='ocrx_word' id='word_1_209' title='bbox 638 1582 731 1610; x_wconf 87' lang='lat' dir='ltr'>utitur</span> <span class='ocrx_word' id='word_1_210' title='bbox 745 1583 956 1617; x_wconf 87' lang='lat' dir='ltr'>indomita,nec</span> <span class='ocrx_word' id='word_1_211' title='bbox 971 1584 1060 1612; x_wconf 89' lang='lat' dir='ltr'>habet</span> 
     </span>
    </p>
   </div>
   <div class='ocr_carea' id='block_1_33' title="bbox 233 1616 1095 1664">
    <p class='ocr_par' dir='ltr' id='par_1_33' title="bbox 233 1616 1095 1664">
     <span class='ocr_line' id='line_1_33' title="bbox 233 1616 1095 1664; baseline 0.007 -13"><span class='ocrx_word' id='word_1_212' title='bbox 233 1624 356 1659; x_wconf 86' lang='lat' dir='ltr'>positam</span> <span class='ocrx_word' id='word_1_213' title='bbox 371 1626 535 1654; x_wconf 79' lang='lat' dir='ltr'>custodiam</span> <span class='ocrx_word' id='word_1_214' title='bbox 559 1627 751 1663; x_wconf 86' lang='lat' dir='ltr'>Dominicam,</span> <span class='ocrx_word' id='word_1_215' title='bbox 769 1637 863 1664; x_wconf 83' lang='lat' dir='ltr'>neque</span> <span class='ocrx_word' id='word_1_216' title='bbox 879 1628 986 1656; x_wconf 88' lang='lat' dir='ltr'>ostium</span> <span class='ocrx_word' id='word_1_217' title='bbox 1002 1629 1058 1656; x_wconf 89' lang='lat' dir='ltr'>cir-</span> <span class='ocrx_word' id='word_1_218' title='bbox 1074 1616 1095 1649; x_wconf 65' lang='grc' dir='ltr'>α</span> 
     </span>
    </p>
   </div>
   <div class='ocr_carea' id='block_1_34' title="bbox 233 1670 1057 1709">
    <p class='ocr_par' dir='ltr' id='par_1_34' title="bbox 233 1670 1057 1709">
     <span class='ocr_line' id='line_1_34' title="bbox 233 1670 1057 1709; baseline 0.007 -13"><span class='ocrx_word' id='word_1_219' title='bbox 233 1670 418 1698; x_wconf 67' lang='lat' dir='ltr'>cumstantiaa</span> <span class='ocrx_word' id='word_1_220' title='bbox 444 1670 530 1699; x_wconf 85' lang='lat' dir='ltr'>labiis</span> <span class='ocrx_word' id='word_1_221' title='bbox 553 1672 625 1704; x_wconf 85' lang='lat' dir='ltr'>suis,</span> <span class='ocrx_word' id='word_1_222' title='bbox 650 1672 699 1700; x_wconf 88' lang='lat' dir='ltr'>ille</span> <span class='ocrx_word' id='word_1_223' title='bbox 722 1674 850 1709; x_wconf 80' lang='lat' dir='ltr'>profecto</span> <span class='ocrx_word' id='word_1_224' title='bbox 878 1673 1057 1701; x_wconf 61' lang='lat' dir='ltr'>demonium</span> 
     </span>
    </p>
   </div>
   <div class='ocr_carea' id='block_1_35' title="bbox 233 1713 1057 1754">
    <p class='ocr_par' dir='ltr' id='par_1_35' title="bbox 233 1713 1057 1754">
     <span class='ocr_line' id='line_1_35' title="bbox 233 1713 1057 1754; baseline 0.004 -12"><span class='ocrx_word' id='word_1_225' title='bbox 233 1713 330 1749; x_wconf 86' lang='lat' dir='ltr'>habet,</span> <span class='ocrx_word' id='word_1_226' title='bbox 347 1716 426 1743; x_wconf 92' lang='lat' dir='ltr'>modi</span> <span class='ocrx_word' id='word_1_227' title='bbox 452 1716 608 1745; x_wconf 87' lang='lat' dir='ltr'>immemor</span> <span class='ocrx_word' id='word_1_228' title='bbox 622 1720 798 1754; x_wconf 87' lang='lat' dir='ltr'>est,quando</span> <span class='ocrx_word' id='word_1_229' title='bbox 813 1719 997 1747; x_wconf 83' lang='lat' dir='ltr'>occurrentia</span> <span class='ocrx_word' id='word_1_230' title='bbox 1012 1719 1057 1746; x_wconf 94' lang='lat' dir='ltr'>in-</span> 
     </span>
    </p>
   </div>
   <div class='ocr_carea' id='block_1_36' title="bbox 233 1759 1058 1798">
    <p class='ocr_par' dir='ltr' id='par_1_36' title="bbox 233 1759 1058 1798">
     <span class='ocr_line' id='line_1_36' title="bbox 233 1759 1058 1798; baseline 0.006 -12"><span class='ocrx_word' id='word_1_231' title='bbox 233 1759 366 1787; x_wconf 87' lang='lat' dir='ltr'>consulte</span> <span class='ocrx_word' id='word_1_232' title='bbox 379 1760 535 1796; x_wconf 87' lang='lat' dir='ltr'>eloquitur.</span> <span class='ocrx_word' id='word_1_233' title='bbox 544 1764 614 1789; x_wconf 88' lang='lat' dir='ltr'>Cum</span> <span class='ocrx_word' id='word_1_234' title='bbox 626 1763 770 1798; x_wconf 87' lang='lat' dir='ltr'>reperitur</span> <span class='ocrx_word' id='word_1_235' title='bbox 779 1763 836 1791; x_wconf 87' lang='lat' dir='ltr'>ista</span> <span class='ocrx_word' id='word_1_236' title='bbox 852 1764 928 1791; x_wconf 87' lang='lat' dir='ltr'>mala</span> <span class='ocrx_word' id='word_1_237' title='bbox 939 1763 1058 1791; x_wconf 87' lang='lat' dir='ltr'>libertas</span> 
     </span>
    </p>
   </div>
   <div class='ocr_carea' id='block_1_37' title="bbox 233 1805 1058 1842">
    <p class='ocr_par' dir='ltr' id='par_1_37' title="bbox 233 1805 1058 1842">
     <span class='ocr_line' id='line_1_37' title="bbox 233 1805 1058 1842; baseline 0.007 -11"><span class='ocrx_word' id='word_1_238' title='bbox 233 1805 310 1840; x_wconf 87' lang='lat' dir='ltr'>apud</span> <span class='ocrx_word' id='word_1_239' title='bbox 325 1813 424 1832; x_wconf 86' lang='lat' dir='ltr'>senem</span> <span class='ocrx_word' id='word_1_240' title='bbox 441 1806 518 1833; x_wconf 85' lang='lat' dir='ltr'>hunc</span> <span class='ocrx_word' id='word_1_241' title='bbox 535 1807 841 1842; x_wconf 82' lang='lat' dir='ltr'>magnum,audacem,</span> <span class='ocrx_word' id='word_1_242' title='bbox 854 1808 1058 1837; x_wconf 88' lang='lat' dir='ltr'>irreverentem</span> 
     </span>
    </p>
   </div>
   <div class='ocr_carea' id='block_1_38' title="bbox 232 1850 1057 1890">
    <p class='ocr_par' dir='ltr' id='par_1_38' title="bbox 232 1850 1057 1890">
     <span class='ocr_line' id='line_1_38' title="bbox 232 1850 1057 1890; baseline 0.008 -15"><span class='ocrx_word' id='word_1_243' title='bbox 232 1851 261 1876; x_wconf 85' lang='lat' dir='ltr'>et</span> <span class='ocrx_word' id='word_1_244' title='bbox 289 1853 467 1884; x_wconf 86' lang='lat' dir='ltr'>protervum,</span> <span class='ocrx_word' id='word_1_245' title='bbox 484 1850 551 1886; x_wconf 86' lang='lat' dir='ltr'>quis</span> <span class='ocrx_word' id='word_1_246' title='bbox 573 1852 706 1887; x_wconf 88' lang='lat' dir='ltr'>ejusdem</span> <span class='ocrx_word' id='word_1_247' title='bbox 736 1853 884 1881; x_wconf 87' lang='lat' dir='ltr'>recusabit</span> <span class='ocrx_word' id='word_1_248' title='bbox 911 1862 1057 1890; x_wconf 88' lang='lat' dir='ltr'>murmur,</span> 
     </span>
    </p>
   </div>
   <div class='ocr_carea' id='block_1_39' title="bbox 233 1892 1059 1933">
    <p class='ocr_par' dir='ltr' id='par_1_39' title="bbox 233 1892 1059 1933">
     <span class='ocr_line' id='line_1_39' title="bbox 233 1892 1059 1933; baseline 0.01 -14"><span class='ocrx_word' id='word_1_249' title='bbox 233 1892 378 1928; x_wconf 89' lang='lat' dir='ltr'>querelas,</span> <span class='ocrx_word' id='word_1_250' title='bbox 396 1894 474 1921; x_wconf 86' lang='lat' dir='ltr'>mala</span> <span class='ocrx_word' id='word_1_251' title='bbox 499 1894 623 1930; x_wconf 81' lang='lat' dir='ltr'>minora,</span> <span class='ocrx_word' id='word_1_252' title='bbox 641 1904 806 1933; x_wconf 86' lang='lat' dir='ltr'>causasque</span> <span class='ocrx_word' id='word_1_253' title='bbox 821 1897 1016 1927; x_wconf 84' lang='lat' dir='ltr'>dissensionis</span> <span class='ocrx_word' id='word_1_254' title='bbox 1031 1901 1059 1927; x_wconf 83' lang='lat' dir='ltr'>et</span> 
     </span>
    </p>
   </div>
   <div class='ocr_carea' id='block_1_40' title="bbox 234 1937 1058 1980">
    <p class='ocr_par' dir='ltr' id='par_1_40' title="bbox 234 1937 1058 1980">
     <span class='ocr_line' id='line_1_40' title="bbox 234 1937 1058 1980; baseline 0.011 -17"><span class='ocrx_word' id='word_1_255' title='bbox 234 1937 300 1972; x_wconf 71' lang='lat' dir='ltr'>iraa,</span> <span class='ocrx_word' id='word_1_256' title='bbox 330 1937 434 1966; x_wconf 90' lang='lat' dir='ltr'>horum</span> <span class='ocrx_word' id='word_1_257' title='bbox 465 1939 577 1967; x_wconf 87' lang='lat' dir='ltr'>scilicet</span> <span class='ocrx_word' id='word_1_258' title='bbox 605 1941 749 1969; x_wconf 85' lang='lat' dir='ltr'>malorum</span> <span class='ocrx_word' id='word_1_259' title='bbox 787 1951 850 1978; x_wconf 76' lang='lat' dir='ltr'>quas</span> <span class='ocrx_word' id='word_1_260' title='bbox 879 1943 914 1971; x_wconf 89' lang='lat' dir='ltr'>ad</span> <span class='ocrx_word' id='word_1_261' title='bbox 943 1951 1058 1980; x_wconf 84' lang='lat' dir='ltr'>pugnos</span> 
     </span>
    </p>
   </div>
   <div class='ocr_carea' id='block_1_41' title="bbox 234 1982 1058 2024">
    <p class='ocr_par' dir='ltr' id='par_1_41' title="bbox 234 1982 1058 2024">
     <span class='ocr_line' id='line_1_41' title="bbox 234 1982 1058 2024; baseline 0.011 -16"><span class='ocrx_word' id='word_1_262' title='bbox 234 1982 344 2010; x_wconf 82' lang='lat' dir='ltr'>abeunt</span> <span class='ocrx_word' id='word_1_263' title='bbox 365 1991 373 2017; x_wconf 86' lang='lat'><em>;</em></span> <span class='ocrx_word' id='word_1_264' title='bbox 402 1985 430 2011; x_wconf 85' lang='lat' dir='ltr'>et</span> <span class='ocrx_word' id='word_1_265' title='bbox 460 1992 586 2019; x_wconf 90' lang='lat' dir='ltr'>quorum</span> <span class='ocrx_word' id='word_1_266' title='bbox 613 1985 734 2015; x_wconf 81' lang='lat' dir='ltr'>eﬂ&#39;ectus</span> <span class='ocrx_word' id='word_1_267' title='bbox 763 1986 934 2024; x_wconf 87' lang='lat' dir='ltr'>plerumque</span> <span class='ocrx_word' id='word_1_268' title='bbox 965 1989 1058 2017; x_wconf 70' lang='lat' dir='ltr'>credes</span> 
     </span>
    </p>
   </div>
   <div class='ocr_carea' id='block_1_42' title="bbox 235 2029 290 2055">
    <p class='ocr_par' dir='ltr' id='par_1_42' title="bbox 235 2029 290 2055">
     <span class='ocr_line' id='line_1_42' title="bbox 235 2029 290 2055; baseline 0.018 -1"><span class='ocrx_word' id='word_1_269' title='bbox 235 2029 290 2055; x_wconf 87' lang='lat' dir='ltr'>est.</span> 
     </span>
    </p>
   </div>
   <div class='ocr_carea' id='block_1_43' title="bbox 268 2163 1059 2202">
    <p class='ocr_par' dir='ltr' id='par_1_43' title="bbox 268 2163 1059 2202">
     <span class='ocr_line' id='line_1_43' title="bbox 268 2163 1059 2202; baseline 0.008 -12"><span class='ocrx_word' id='word_1_270' title='bbox 268 2163 312 2190; x_wconf 84' lang='grc'>48.</span> <span class='ocrx_word' id='word_1_271' title='bbox 329 2163 363 2191; x_wconf 85' lang='lat' dir='ltr'>Et</span> <span class='ocrx_word' id='word_1_272' title='bbox 386 2163 545 2194; x_wconf 85' lang='lat' dir='ltr'>amicitiam</span> <span class='ocrx_word' id='word_1_273' title='bbox 571 2166 725 2202; x_wconf 86' lang='lat' dir='ltr'>privatam,</span> <span class='ocrx_word' id='word_1_274' title='bbox 742 2176 758 2195; x_wconf 93' lang='grc' dir='ltr'>ο</span> <span class='ocrx_word' id='word_1_275' title='bbox 774 2168 873 2202; x_wconf 79' lang='lat' dir='ltr'>frater,</span> <span class='ocrx_word' id='word_1_276' title='bbox 890 2168 986 2196; x_wconf 84' lang='lat' dir='ltr'>adhuc</span> <span class='ocrx_word' id='word_1_277' title='bbox 1010 2176 1059 2196; x_wconf 82' lang='lat' dir='ltr'>re-</span> 
     </span>
    </p>
   </div>
   <div class='ocr_carea' id='block_1_44' title="bbox 234 2208 1059 2249">
    <p class='ocr_par' dir='ltr' id='par_1_44' title="bbox 234 2208 1059 2249">
     <span class='ocr_line' id='line_1_44' title="bbox 234 2208 1059 2249; baseline 0.007 -14"><span class='ocrx_word' id='word_1_278' title='bbox 234 2208 337 2242; x_wconf 87' lang='lat' dir='ltr'>nuisti,</span> <span class='ocrx_word' id='word_1_279' title='bbox 355 2211 387 2237; x_wconf 87' lang='lat' dir='ltr'>ut</span> <span class='ocrx_word' id='word_1_280' title='bbox 407 2209 518 2238; x_wconf 88' lang='lat' dir='ltr'>dictum</span> <span class='ocrx_word' id='word_1_281' title='bbox 542 2213 594 2246; x_wconf 87' lang='lat' dir='ltr'>est,</span> <span class='ocrx_word' id='word_1_282' title='bbox 610 2212 727 2247; x_wconf 86' lang='lat' dir='ltr'>quando</span> <span class='ocrx_word' id='word_1_283' title='bbox 754 2212 866 2249; x_wconf 81' lang='lat' dir='ltr'>angelis</span> <span class='ocrx_word' id='word_1_284' title='bbox 892 2213 1059 2249; x_wconf 88' lang='lat' dir='ltr'>adscriptus</span> 
     </span>
    </p>
   </div>
   <div class='ocr_carea' id='block_1_45' title="bbox 233 2255 1057 2292">
    <p class='ocr_par' dir='ltr' id='par_1_45' title="bbox 233 2255 1057 2292">
     <span class='ocr_line' id='line_1_45' title="bbox 233 2255 1057 2292; baseline 0.006 -11"><span class='ocrx_word' id='word_1_285' title='bbox 233 2261 276 2289; x_wconf 84' lang='lat' dir='ltr'>es,</span> <span class='ocrx_word' id='word_1_286' title='bbox 289 2261 463 2282; x_wconf 85' lang='lat' dir='ltr'>accessurus</span> <span class='ocrx_word' id='word_1_287' title='bbox 479 2255 513 2282; x_wconf 89' lang='lat' dir='ltr'>ad</span> <span class='ocrx_word' id='word_1_288' title='bbox 529 2255 621 2283; x_wconf 85' lang='lat' dir='ltr'>Deum</span> <span class='ocrx_word' id='word_1_289' title='bbox 634 2257 684 2292; x_wconf 89' lang='lat' dir='ltr'>qui</span> <span class='ocrx_word' id='word_1_290' title='bbox 700 2257 861 2285; x_wconf 85' lang='lat' dir='ltr'>amicitiam</span> <span class='ocrx_word' id='word_1_291' title='bbox 877 2259 1057 2286; x_wconf 85' lang='lat' dir='ltr'>moderatur.</span> 
     </span>
    </p>
   </div>
   <div class='ocr_carea' id='block_1_46' title="bbox 234 2298 1058 2337">
    <p class='ocr_par' dir='ltr' id='par_1_46' title="bbox 234 2298 1058 2337">
     <span class='ocr_line' id='line_1_46' title="bbox 234 2298 1058 2337; baseline 0.006 -12"><span class='ocrx_word' id='word_1_292' title='bbox 234 2298 392 2326; x_wconf 87' lang='lat' dir='ltr'>Considera</span> <span class='ocrx_word' id='word_1_293' title='bbox 415 2299 506 2335; x_wconf 84' lang='lat' dir='ltr'>igitur</span> <span class='ocrx_word' id='word_1_294' title='bbox 531 2302 641 2328; x_wconf 88' lang='lat' dir='ltr'>attente</span> <span class='ocrx_word' id='word_1_295' title='bbox 668 2301 811 2337; x_wconf 82' lang='lat' dir='ltr'>privatam</span> <span class='ocrx_word' id='word_1_296' title='bbox 841 2302 1001 2330; x_wconf 85' lang='lat' dir='ltr'>amicitiam</span> <span class='ocrx_word' id='word_1_297' title='bbox 1022 2303 1058 2330; x_wconf 90' lang='lat' dir='ltr'>ab</span> 
     </span>
    </p>
   </div>
   <div class='ocr_carea' id='block_1_47' title="bbox 234 2344 1056 2383">
    <p class='ocr_par' dir='ltr' id='par_1_47' title="bbox 234 2344 1056 2383">
     <span class='ocr_line' id='line_1_47' title="bbox 234 2344 1056 2383; baseline 0.006 -13"><span class='ocrx_word' id='word_1_298' title='bbox 234 2344 400 2378; x_wconf 85' lang='lat' dir='ltr'>universali,</span> <span class='ocrx_word' id='word_1_299' title='bbox 418 2347 496 2372; x_wconf 87' lang='lat' dir='ltr'>recto</span> <span class='ocrx_word' id='word_1_300' title='bbox 514 2345 637 2380; x_wconf 80' lang='lat' dir='ltr'>judicio,</span> <span class='ocrx_word' id='word_1_301' title='bbox 654 2346 779 2374; x_wconf 71' lang='lat' dir='ltr'>differre.</span> <span class='ocrx_word' id='word_1_302' title='bbox 802 2347 911 2375; x_wconf 84' lang='lat' dir='ltr'>Forsan</span> <span class='ocrx_word' id='word_1_303' title='bbox 937 2347 1056 2383; x_wconf 86' lang='lat' dir='ltr'>aliquod</span> 
     </span>
    </p>
   </div>
   <div class='ocr_carea' id='block_1_48' title="bbox 233 2389 1056 2426">
    <p class='ocr_par' dir='ltr' id='par_1_48' title="bbox 233 2389 1056 2426">
     <span class='ocr_line' id='line_1_48' title="bbox 233 2389 1056 2426; baseline 0.006 -12"><span class='ocrx_word' id='word_1_304' title='bbox 233 2389 413 2423; x_wconf 80' lang='lat' dir='ltr'>paradoxum</span> <span class='ocrx_word' id='word_1_305' title='bbox 428 2389 480 2416; x_wconf 87' lang='lat' dir='ltr'>tibi</span> <span class='ocrx_word' id='word_1_306' title='bbox 497 2390 583 2417; x_wconf 87' lang='lat' dir='ltr'>modo</span> <span class='ocrx_word' id='word_1_307' title='bbox 597 2390 779 2426; x_wconf 87' lang='lat' dir='ltr'>propositum</span> <span class='ocrx_word' id='word_1_308' title='bbox 792 2391 883 2419; x_wconf 88' lang='lat' dir='ltr'>fuisse</span> <span class='ocrx_word' id='word_1_309' title='bbox 894 2392 1056 2419; x_wconf 88' lang='lat' dir='ltr'>arbitraris.</span> 
     </span>
    </p>
   </div>
   <div class='ocr_carea' id='block_1_49' title="bbox 234 2431 1059 2472">
    <p class='ocr_par' dir='ltr' id='par_1_49' title="bbox 234 2431 1059 2472">
     <span class='ocr_line' id='line_1_49' title="bbox 234 2431 1059 2472; baseline 0.008 -15"><span class='ocrx_word' id='word_1_310' title='bbox 234 2431 264 2458; x_wconf 90' lang='lat' dir='ltr'>Si</span> <span class='ocrx_word' id='word_1_311' title='bbox 280 2432 358 2460; x_wconf 88' lang='lat' dir='ltr'>enim</span> <span class='ocrx_word' id='word_1_312' title='bbox 375 2433 424 2461; x_wconf 90' lang='lat' dir='ltr'>ubi</span> <span class='ocrx_word' id='word_1_313' title='bbox 449 2434 485 2461; x_wconf 85' lang='lat' dir='ltr'>de</span> <span class='ocrx_word' id='word_1_314' title='bbox 501 2433 607 2462; x_wconf 90' lang='lat' dir='ltr'>atomis</span> <span class='ocrx_word' id='word_1_315' title='bbox 629 2434 736 2471; x_wconf 86' lang='lat' dir='ltr'>agitur,</span> <span class='ocrx_word' id='word_1_316' title='bbox 753 2444 886 2471; x_wconf 86' lang='lat' dir='ltr'>parvum,</span> <span class='ocrx_word' id='word_1_317' title='bbox 903 2436 998 2472; x_wconf 88' lang='lat' dir='ltr'>qualis</span> <span class='ocrx_word' id='word_1_318' title='bbox 1013 2439 1059 2464; x_wconf 89' lang='lat' dir='ltr'>est</span> 
     </span>
    </p>
   </div>
   <div class='ocr_carea' id='block_1_50' title="bbox 235 2476 1057 2518">
    <p class='ocr_par' dir='ltr' id='par_1_50' title="bbox 235 2476 1057 2518">
     <span class='ocr_line' id='line_1_50' title="bbox 235 2476 1057 2518; baseline 0.007 -15"><span class='ocrx_word' id='word_1_319' title='bbox 235 2476 391 2512; x_wconf 86' lang='lat' dir='ltr'>peculiaris</span> <span class='ocrx_word' id='word_1_320' title='bbox 416 2478 553 2513; x_wconf 85' lang='lat' dir='ltr'>amicitia,</span> <span class='ocrx_word' id='word_1_321' title='bbox 572 2479 743 2515; x_wconf 81' lang='lat' dir='ltr'>fugiendum</span> <span class='ocrx_word' id='word_1_322' title='bbox 758 2483 813 2513; x_wconf 87' lang='lat' dir='ltr'>est,</span> <span class='ocrx_word' id='word_1_323' title='bbox 831 2483 941 2516; x_wconf 84' lang='lat' dir='ltr'>quanto</span> <span class='ocrx_word' id='word_1_324' title='bbox 963 2481 1057 2518; x_wconf 86' lang='lat' dir='ltr'>magis</span> 
     </span>
    </p>
   </div>
   <div class='ocr_carea' id='block_1_51' title="bbox 234 2520 1057 2561">
    <p class='ocr_par' dir='ltr' id='par_1_51' title="bbox 234 2520 1057 2561">
     <span class='ocr_line' id='line_1_51' title="bbox 234 2520 1057 2561; baseline 0.009 -14"><span class='ocrx_word' id='word_1_325' title='bbox 234 2520 285 2548; x_wconf 91' lang='lat' dir='ltr'>ubi</span> <span class='ocrx_word' id='word_1_326' title='bbox 301 2522 335 2549; x_wconf 88' lang='lat' dir='ltr'>de</span> <span class='ocrx_word' id='word_1_327' title='bbox 350 2522 487 2551; x_wconf 88' lang='lat' dir='ltr'>universo</span> <span class='ocrx_word' id='word_1_328' title='bbox 504 2526 533 2552; x_wconf 87' lang='lat' dir='ltr'>et</span> <span class='ocrx_word' id='word_1_329' title='bbox 547 2525 582 2553; x_wconf 90' lang='lat' dir='ltr'>de</span> <span class='ocrx_word' id='word_1_330' title='bbox 597 2533 703 2561; x_wconf 85' lang='lat' dir='ltr'>genere</span> <span class='ocrx_word' id='word_1_331' title='bbox 718 2526 839 2561; x_wconf 64' lang='lat' dir='ltr'>questio</span> <span class='ocrx_word' id='word_1_332' title='bbox 855 2526 916 2554; x_wconf 88' lang='lat' dir='ltr'>est!</span> <span class='ocrx_word' id='word_1_333' title='bbox 935 2527 991 2554; x_wconf 83' lang='lat' dir='ltr'>Res</span> <span class='ocrx_word' id='word_1_334' title='bbox 1006 2535 1057 2554; x_wconf 89' lang='lat' dir='ltr'>au-</span> 
     </span>
    </p>
   </div>
   <div class='ocr_carea' id='block_1_52' title="bbox 235 2567 1057 2604">
    <p class='ocr_par' dir='ltr' id='par_1_52' title="bbox 235 2567 1057 2604">
     <span class='ocr_line' id='line_1_52' title="bbox 235 2567 1057 2604; baseline 0.006 -11"><span class='ocrx_word' id='word_1_335' title='bbox 235 2567 306 2602; x_wconf 87' lang='lat' dir='ltr'>tem,</span> <span class='ocrx_word' id='word_1_336' title='bbox 320 2567 361 2594; x_wconf 89' lang='lat' dir='ltr'>mi</span> <span class='ocrx_word' id='word_1_337' title='bbox 377 2567 474 2602; x_wconf 84' lang='lat' dir='ltr'>frater,</span> <span class='ocrx_word' id='word_1_338' title='bbox 493 2577 548 2597; x_wconf 91' lang='lat' dir='ltr'>non</span> <span class='ocrx_word' id='word_1_339' title='bbox 566 2570 608 2598; x_wconf 90' lang='lat' dir='ltr'>sic</span> <span class='ocrx_word' id='word_1_340' title='bbox 631 2579 662 2598; x_wconf 89' lang='lat' dir='ltr'>se</span> <span class='ocrx_word' id='word_1_341' title='bbox 677 2570 774 2604; x_wconf 86' lang='lat' dir='ltr'>habet,</span> <span class='ocrx_word' id='word_1_342' title='bbox 791 2571 842 2599; x_wconf 90' lang='lat' dir='ltr'>sed</span> <span class='ocrx_word' id='word_1_343' title='bbox 858 2571 944 2600; x_wconf 86' lang='lat' dir='ltr'>hocce</span> <span class='ocrx_word' id='word_1_344' title='bbox 960 2572 1057 2599; x_wconf 89' lang='lat' dir='ltr'>modo.</span> 
     </span>
    </p>
   </div>
   <div class='ocr_carea' id='block_1_53' title="bbox 269 2667 1058 2707">
    <p class='ocr_par' dir='ltr' id='par_1_53' title="bbox 269 2667 1058 2707">
     <span class='ocr_line' id='line_1_53' title="bbox 269 2667 1058 2707; baseline 0.008 -13"><span class='ocrx_word' id='word_1_345' title='bbox 269 2667 313 2695; x_wconf 83' lang='grc'>49.</span> <span class='ocrx_word' id='word_1_346' title='bbox 328 2667 503 2696; x_wconf 73' lang='lat' dir='ltr'>Difficillime</span> <span class='ocrx_word' id='word_1_347' title='bbox 512 2669 700 2707; x_wconf 80' lang='lat' dir='ltr'>colliguntur,</span> <span class='ocrx_word' id='word_1_348' title='bbox 709 2675 737 2699; x_wconf 85' lang='lat' dir='ltr'>et</span> <span class='ocrx_word' id='word_1_349' title='bbox 744 2671 792 2699; x_wconf 86' lang='lat' dir='ltr'>vix</span> <span class='ocrx_word' id='word_1_350' title='bbox 800 2672 835 2699; x_wconf 84' lang='lat' dir='ltr'>ad</span> <span class='ocrx_word' id='word_1_351' title='bbox 845 2671 995 2700; x_wconf 88' lang='lat' dir='ltr'>oculorum</span> <span class='ocrx_word' id='word_1_352' title='bbox 1007 2672 1058 2700; x_wconf 90' lang='lat' dir='ltr'>oh-</span> 
     </span>
    </p>
   </div>
   <div class='ocr_carea' id='block_1_54' title="bbox 232 2714 1058 2753">
    <p class='ocr_par' dir='ltr' id='par_1_54' title="bbox 232 2714 1058 2753">
     <span class='ocr_line' id='line_1_54' title="bbox 232 2714 1058 2753; baseline 0.005 -12"><span class='ocrx_word' id='word_1_353' title='bbox 232 2714 331 2742; x_wconf 89' lang='lat' dir='ltr'>tutum</span> <span class='ocrx_word' id='word_1_354' title='bbox 341 2715 496 2742; x_wconf 87' lang='lat' dir='ltr'>moventur</span> <span class='ocrx_word' id='word_1_355' title='bbox 505 2714 709 2751; x_wconf 83' lang='lat' dir='ltr'>peculiaria,eo</span> <span class='ocrx_word' id='word_1_356' title='bbox 718 2717 794 2753; x_wconf 91' lang='lat' dir='ltr'>quod</span> <span class='ocrx_word' id='word_1_357' title='bbox 802 2726 860 2745; x_wconf 86' lang='lat' dir='ltr'>non</span> <span class='ocrx_word' id='word_1_358' title='bbox 867 2716 1058 2751; x_wconf 83' lang='lat' dir='ltr'>definiuntur,</span> 
     </span>
    </p>
   </div>
   <div class='ocr_carea' id='block_1_55' title="bbox 235 2758 1059 2798">
    <p class='ocr_par' dir='ltr' id='par_1_55' title="bbox 235 2758 1059 2798">
     <span class='ocr_line' id='line_1_55' title="bbox 235 2758 1059 2798; baseline 0.005 -12"><span class='ocrx_word' id='word_1_359' title='bbox 235 2760 263 2787; x_wconf 80' lang='lat' dir='ltr'>et</span> <span class='ocrx_word' id='word_1_360' title='bbox 277 2758 308 2787; x_wconf 92' lang='lat' dir='ltr'>in</span> <span class='ocrx_word' id='word_1_361' title='bbox 322 2758 402 2788; x_wconf 89' lang='lat' dir='ltr'>mille</span> <span class='ocrx_word' id='word_1_362' title='bbox 428 2758 586 2795; x_wconf 86' lang='lat' dir='ltr'>particulas</span> <span class='ocrx_word' id='word_1_363' title='bbox 610 2761 794 2798; x_wconf 83' lang='lat' dir='ltr'>dividuntur,</span> <span class='ocrx_word' id='word_1_364' title='bbox 810 2762 851 2790; x_wconf 89' lang='lat' dir='ltr'>ita</span> <span class='ocrx_word' id='word_1_365' title='bbox 871 2764 903 2790; x_wconf 87' lang='lat' dir='ltr'>ut</span> <span class='ocrx_word' id='word_1_366' title='bbox 918 2770 1013 2798; x_wconf 85' lang='lat' dir='ltr'>neque</span> <span class='ocrx_word' id='word_1_367' title='bbox 1029 2761 1059 2789; x_wconf 90' lang='lat' dir='ltr'>in</span> 
     </span>
    </p>
   </div>
   <div class='ocr_carea' id='block_1_56' title="bbox 267 2858 799 2898">
    <p class='ocr_par' dir='ltr' id='par_1_56' title="bbox 267 2858 799 2898">
     <span class='ocr_line' id='line_1_56' title="bbox 267 2858 799 2898; baseline 0.004 -10"><span class='ocrx_word' id='word_1_368' title='bbox 267 2858 278 2875; x_wconf 79' lang='grc'><strong>⁸</strong></span> <span class='ocrx_word' id='word_1_369' title='bbox 291 2860 396 2889; x_wconf 83' lang='lat' dir='ltr'>Joann.</span> <span class='ocrx_word' id='word_1_370' title='bbox 413 2870 459 2898; x_wconf 79' lang='lat' dir='ltr'>xv,</span> <span class='ocrx_word' id='word_1_371' title='bbox 476 2863 520 2890; x_wconf 86' lang='lat'>22.</span> <span class='ocrx_word' id='word_1_372' title='bbox 559 2862 570 2881; x_wconf 82' lang='grc'><strong>⁹</strong></span> <span class='ocrx_word' id='word_1_373' title='bbox 581 2862 659 2892; x_wconf 80' lang='lat' dir='ltr'>Psal.</span> <span class='ocrx_word' id='word_1_374' title='bbox 675 2871 756 2898; x_wconf 70' lang='grc' dir='ltr'>κοίη,</span> <span class='ocrx_word' id='word_1_375' title='bbox 774 2863 799 2891; x_wconf 86' lang='grc'>1.</span> 
     </span>
    </p>
   </div>
   <div class='ocr_carea' id='block_1_57' title="bbox 1109 274 1948 315">
    <p class='ocr_par' dir='ltr' id='par_1_57' title="bbox 1109 274 1948 315">
     <span class='ocr_line' id='line_1_57' title="bbox 1109 274 1948 315; baseline -0.005 -10"><span class='ocrx_word' id='word_1_376' title='bbox 1109 279 1247 315; x_wconf 77' lang='grc' dir='ltr'>μοναχικῇ</span> <span class='ocrx_word' id='word_1_377' title='bbox 1277 276 1403 312; x_wconf 78' lang='grc' dir='ltr'>πολιτείᾳ</span> <span class='ocrx_word' id='word_1_378' title='bbox 1429 275 1531 314; x_wconf 75' lang='grc' dir='ltr'>πρέπον</span> <span class='ocrx_word' id='word_1_379' title='bbox 1561 289 1568 312; x_wconf 85' lang='grc'><strong>;</strong></span> <span class='ocrx_word' id='word_1_380' title='bbox 1598 275 1682 314; x_wconf 73' lang='grc' dir='ltr'>οὗπερ</span> <span class='ocrx_word' id='word_1_381' title='bbox 1709 276 1723 303; x_wconf 82' lang='grc' dir='ltr'>ὁ</span> <span class='ocrx_word' id='word_1_382' title='bbox 1755 274 1948 312; x_wconf 68' lang='grc' dir='ltr'>ἐστερημένος</span> 
     </span>
    </p>
   </div>
   <div class='ocr_carea' id='block_1_58' title="bbox 1111 319 1945 361">
    <p class='ocr_par' dir='ltr' id='par_1_58' title="bbox 1111 319 1945 361">
     <span class='ocr_line' id='line_1_58' title="bbox 1111 319 1945 361; baseline -0.004 -11"><span class='ocrx_word' id='word_1_383' title='bbox 1111 324 1193 361; x_wconf 72' lang='grc' dir='ltr'>μέγας</span> <span class='ocrx_word' id='word_1_384' title='bbox 1207 323 1329 360; x_wconf 84' lang='grc' dir='ltr'>μοναχὸς</span> <span class='ocrx_word' id='word_1_385' title='bbox 1343 322 1439 358; x_wconf 83' lang='grc' dir='ltr'>νεκρός</span> <span class='ocrx_word' id='word_1_386' title='bbox 1448 321 1503 349; x_wconf 79' lang='grc' dir='ltr'>ἐστι</span> <span class='ocrx_word' id='word_1_387' title='bbox 1516 321 1549 348; x_wconf 67' lang='grc' dir='ltr'>τὰ</span> <span class='ocrx_word' id='word_1_388' title='bbox 1563 321 1602 352; x_wconf 84' lang='grc' dir='ltr'>εἰς</span> <span class='ocrx_word' id='word_1_389' title='bbox 1615 319 1732 359; x_wconf 75' lang='grc' dir='ltr'>θεοφιλῆ</span> <span class='ocrx_word' id='word_1_390' title='bbox 1747 320 1945 358; x_wconf 67' lang='grc' dir='ltr'>χειρουργίαν,</span> 
     </span>
    </p>
   </div>
   <div class='ocr_carea' id='block_1_59' title="bbox 1107 366 1574 406">
    <p class='ocr_par' dir='ltr' id='par_1_59' title="bbox 1107 366 1574 406">
     <span class='ocr_line' id='line_1_59' title="bbox 1107 366 1574 406; baseline -0.006 -10"><span class='ocrx_word' id='word_1_391' title='bbox 1107 368 1152 396; x_wconf 79' lang='grc' dir='ltr'>καὶ</span> <span class='ocrx_word' id='word_1_392' title='bbox 1169 367 1315 406; x_wconf 74' lang='grc' dir='ltr'>ἄπρακτος,</span> <span class='ocrx_word' id='word_1_393' title='bbox 1331 367 1376 394; x_wconf 79' lang='grc' dir='ltr'>καὶ</span> <span class='ocrx_word' id='word_1_394' title='bbox 1390 366 1574 404; x_wconf 77' lang='grc' dir='ltr'>ἆνενέργητος.</span> 
     </span>
    </p>
   </div>
   <div class='ocr_carea' id='block_1_60' title="bbox 1146 410 1947 450">
    <p class='ocr_par' dir='ltr' id='par_1_60' title="bbox 1146 410 1947 450">
     <span class='ocr_line' id='line_1_60' title="bbox 1146 410 1947 450; baseline -0.006 -8"><span class='ocrx_word' id='word_1_395' title='bbox 1146 416 1199 450; x_wconf 81' lang='grc' dir='ltr'>μς¹.</span> <span class='ocrx_word' id='word_1_396' title='bbox 1229 414 1289 441; x_wconf 80' lang='grc' dir='ltr'>Ἔτι</span> <span class='ocrx_word' id='word_1_397' title='bbox 1313 411 1406 450; x_wconf 65' lang='grc' dir='ltr'>ἔχεις,</span> <span class='ocrx_word' id='word_1_398' title='bbox 1436 412 1458 439; x_wconf 85' lang='grc' dir='ltr'>ὧ</span> <span class='ocrx_word' id='word_1_399' title='bbox 1486 410 1586 450; x_wconf 74' lang='grc' dir='ltr'>ἀδελφὲ</span> <span class='ocrx_word' id='word_1_400' title='bbox 1604 434 1611 446; x_wconf 84' lang='grc'><em>,</em></span> <span class='ocrx_word' id='word_1_401' title='bbox 1639 411 1887 449; x_wconf 73' lang='grc' dir='ltr'>παραιτησάμενος</span> <span class='ocrx_word' id='word_1_402' title='bbox 1917 410 1947 438; x_wconf 71' lang='grc' dir='ltr'>ἐκ</span> 
     </span>
    </p>
   </div>
   <div class='ocr_carea' id='block_1_61' title="bbox 1109 455 1946 496">
    <p class='ocr_par' dir='ltr' id='par_1_61' title="bbox 1109 455 1946 496">
     <span class='ocr_line' id='line_1_61' title="bbox 1109 455 1946 496; baseline -0.004 -11"><span class='ocrx_word' id='word_1_403' title='bbox 1109 457 1290 496; x_wconf 75' lang='grc' dir='ltr'>παραγγελίας</span> <span class='ocrx_word' id='word_1_404' title='bbox 1316 457 1361 485; x_wconf 84' lang='grc' dir='ltr'>καὶ</span> <span class='ocrx_word' id='word_1_405' title='bbox 1387 458 1437 492; x_wconf 83' lang='grc' dir='ltr'>τήν</span> <span class='ocrx_word' id='word_1_406' title='bbox 1463 456 1625 495; x_wconf 71' lang='grc' dir='ltr'>παρρησίαν,</span> <span class='ocrx_word' id='word_1_407' title='bbox 1649 457 1698 491; x_wconf 77' lang='grc' dir='ltr'>τὴν</span> <span class='ocrx_word' id='word_1_408' title='bbox 1729 455 1845 494; x_wconf 68' lang='grc' dir='ltr'>ἄκαιρον</span> <span class='ocrx_word' id='word_1_409' title='bbox 1874 456 1946 483; x_wconf 64' lang='grc' dir='ltr'>πάν-</span> 
     </span>
    </p>
   </div>
   <div class='ocr_carea' id='block_1_62' title="bbox 1108 499 1947 540">
    <p class='ocr_par' dir='ltr' id='par_1_62' title="bbox 1108 499 1947 540">
     <span class='ocr_line' id='line_1_62' title="bbox 1108 499 1947 540; baseline -0.004 -10"><span class='ocrx_word' id='word_1_410' title='bbox 1108 513 1173 539; x_wconf 81' lang='grc' dir='ltr'>τως,</span> <span class='ocrx_word' id='word_1_411' title='bbox 1203 503 1251 538; x_wconf 78' lang='grc' dir='ltr'>τὴν</span> <span class='ocrx_word' id='word_1_412' title='bbox 1278 502 1398 540; x_wconf 78' lang='grc' dir='ltr'>ὀὶκριτον¹</span> <span class='ocrx_word' id='word_1_413' title='bbox 1426 501 1522 529; x_wconf 82' lang='grc' dir='ltr'>ταυτὸν</span> <span class='ocrx_word' id='word_1_414' title='bbox 1553 500 1576 529; x_wconf 80' lang='grc' dir='ltr'>δ’</span> <span class='ocrx_word' id='word_1_415' title='bbox 1606 500 1702 536; x_wconf 73' lang='grc' dir='ltr'>εἰπεῖν,</span> <span class='ocrx_word' id='word_1_416' title='bbox 1726 501 1781 529; x_wconf 82' lang='grc' dir='ltr'>οὐκ</span> <span class='ocrx_word' id='word_1_417' title='bbox 1801 499 1947 538; x_wconf 70' lang='grc' dir='ltr'>ιῦδώιρι-</span> 
     </span>
    </p>
   </div>
   <div class='ocr_carea' id='block_1_63' title="bbox 1108 545 1946 585">
    <p class='ocr_par' dir='ltr' id='par_1_63' title="bbox 1108 545 1946 585">
     <span class='ocr_line' id='line_1_63' title="bbox 1108 545 1946 585; baseline -0.004 -10"><span class='ocrx_word' id='word_1_418' title='bbox 1108 558 1166 575; x_wconf 83' lang='grc' dir='ltr'>τον’</span> <span class='ocrx_word' id='word_1_419' title='bbox 1190 548 1220 582; x_wconf 80' lang='grc' dir='ltr'>ἣν</span> <span class='ocrx_word' id='word_1_420' title='bbox 1256 547 1282 575; x_wconf 73' lang='grc' dir='ltr'>οἱ</span> <span class='ocrx_word' id='word_1_421' title='bbox 1311 547 1389 585; x_wconf 76' lang='grc' dir='ltr'>σοφοὶ</span> <span class='ocrx_word' id='word_1_422' title='bbox 1417 546 1556 577; x_wconf 77' lang='grc' dir='ltr'>συνθέντες</span> <span class='ocrx_word' id='word_1_423' title='bbox 1584 545 1840 584; x_wconf 72' lang='grc' dir='ltr'>ἀκαιροπαρῥησίαν</span> <span class='ocrx_word' id='word_1_424' title='bbox 1867 546 1946 584; x_wconf 58' lang='grc' dir='ltr'>φατέ.</span> 
     </span>
    </p>
   </div>
   <div class='ocr_carea' id='block_1_64' title="bbox 1110 590 1945 630">
    <p class='ocr_par' dir='ltr' id='par_1_64' title="bbox 1110 590 1945 630">
     <span class='ocr_line' id='line_1_64' title="bbox 1110 590 1945 630; baseline -0.005 -10"><span class='ocrx_word' id='word_1_425' title='bbox 1110 591 1251 630; x_wconf 65' lang='grc' dir='ltr'>Παρρησία</span> <span class='ocrx_word' id='word_1_426' title='bbox 1281 592 1329 629; x_wconf 79' lang='grc' dir='ltr'>μὶν</span> <span class='ocrx_word' id='word_1_427' title='bbox 1352 591 1404 629; x_wconf 72' lang='grc' dir='ltr'>γὰρ</span> <span class='ocrx_word' id='word_1_428' title='bbox 1435 593 1452 626; x_wconf 85' lang='grc' dir='ltr'><strong>ἡ</strong></span> <span class='ocrx_word' id='word_1_429' title='bbox 1482 591 1583 628; x_wconf 82' lang='grc' dir='ltr'>κυρίως</span> <span class='ocrx_word' id='word_1_430' title='bbox 1612 590 1681 618; x_wconf 70' lang='grc' dir='ltr'>ἐστὶν</span> <span class='ocrx_word' id='word_1_431' title='bbox 1712 590 1740 618; x_wconf 78' lang='grc' dir='ltr'>ἐν</span> <span class='ocrx_word' id='word_1_432' title='bbox 1760 592 1806 626; x_wconf 75' lang='grc' dir='ltr'>¹τῷ</span> <span class='ocrx_word' id='word_1_433' title='bbox 1831 590 1945 628; x_wconf 60' lang='grc' dir='ltr'>θαρρεῖν</span> 
     </span>
    </p>
   </div>
   <div class='ocr_carea' id='block_1_65' title="bbox 1109 634 1945 675">
    <p class='ocr_par' dir='ltr' id='par_1_65' title="bbox 1109 634 1945 675">
     <span class='ocr_line' id='line_1_65' title="bbox 1109 634 1945 675; baseline -0.004 -10"><span class='ocrx_word' id='word_1_434' title='bbox 1109 640 1161 665; x_wconf 81' lang='grc' dir='ltr'>πᾶν</span> <span class='ocrx_word' id='word_1_435' title='bbox 1180 637 1255 675; x_wconf 76' lang='grc' dir='ltr'>ῥῆμα</span> <span class='ocrx_word' id='word_1_436' title='bbox 1270 637 1315 664; x_wconf 81' lang='grc' dir='ltr'>καὶ</span> <span class='ocrx_word' id='word_1_437' title='bbox 1334 637 1402 675; x_wconf 84' lang='grc' dir='ltr'>πρὸς</span> <span class='ocrx_word' id='word_1_438' title='bbox 1415 637 1502 664; x_wconf 81' lang='grc' dir='ltr'>πάντα</span> <span class='ocrx_word' id='word_1_439' title='bbox 1517 635 1658 674; x_wconf 76' lang='grc' dir='ltr'>ἄνθρωπον</span> <span class='ocrx_word' id='word_1_440' title='bbox 1675 634 1771 663; x_wconf 83' lang='grc' dir='ltr'>λαλεῖν</span> <span class='ocrx_word' id='word_1_441' title='bbox 1794 635 1945 671; x_wconf 75' lang='grc' dir='ltr'>εὐτόλμως</span> 
     </span>
    </p>
   </div>
   <div class='ocr_carea' id='block_1_66' title="bbox 1111 680 1942 720">
    <p class='ocr_par' dir='ltr' id='par_1_66' title="bbox 1111 680 1942 720">
     <span class='ocr_line' id='line_1_66' title="bbox 1111 680 1942 720; baseline -0.004 -10"><span class='ocrx_word' id='word_1_442' title='bbox 1111 683 1208 720; x_wconf 76' lang='grc' dir='ltr'>ἀρετῆς</span> <span class='ocrx_word' id='word_1_443' title='bbox 1236 682 1328 709; x_wconf 78' lang='grc' dir='ltr'>κανόνι</span> <span class='ocrx_word' id='word_1_444' title='bbox 1357 681 1401 709; x_wconf 80' lang='grc' dir='ltr'>καὶ</span> <span class='ocrx_word' id='word_1_445' title='bbox 1427 681 1495 718; x_wconf 83' lang='grc' dir='ltr'>πρὸς</span> <span class='ocrx_word' id='word_1_446' title='bbox 1522 680 1618 718; x_wconf 74' lang='grc' dir='ltr'>μέτρον</span> <span class='ocrx_word' id='word_1_447' title='bbox 1643 681 1741 716; x_wconf 69' lang='grc' dir='ltr'>ἠθικῆς</span> <span class='ocrx_word' id='word_1_448' title='bbox 1770 680 1942 716; x_wconf 57' lang='grc' dir='ltr'>ἐπιστήμηςῖ</span> 
     </span>
    </p>
   </div>
   <div class='ocr_carea' id='block_1_67' title="bbox 1109 725 1942 764">
    <p class='ocr_par' dir='ltr' id='par_1_67' title="bbox 1109 725 1942 764">
     <span class='ocr_line' id='line_1_67' title="bbox 1109 725 1942 764; baseline -0.004 -10"><span class='ocrx_word' id='word_1_449' title='bbox 1109 727 1141 754; x_wconf 86' lang='grc' dir='ltr'>τὸ</span> <span class='ocrx_word' id='word_1_450' title='bbox 1162 727 1229 754; x_wconf 69' lang='grc' dir='ltr'>κατὰ</span> <span class='ocrx_word' id='word_1_451' title='bbox 1250 726 1361 764; x_wconf 82' lang='grc' dir='ltr'>χρόνον,</span> <span class='ocrx_word' id='word_1_452' title='bbox 1379 726 1411 753; x_wconf 89' lang='grc' dir='ltr'>τὸ</span> <span class='ocrx_word' id='word_1_453' title='bbox 1436 725 1624 763; x_wconf 77' lang='grc' dir='ltr'>προσωπικὸν,</span> <span class='ocrx_word' id='word_1_454' title='bbox 1638 725 1670 753; x_wconf 85' lang='grc' dir='ltr'>τὸ</span> <span class='ocrx_word' id='word_1_455' title='bbox 1691 725 1761 752; x_wconf 81' lang='grc' dir='ltr'>κατᾶ</span> <span class='ocrx_word' id='word_1_456' title='bbox 1775 725 1895 757; x_wconf 73' lang='grc' dir='ltr'>τρόπον,</span> <span class='ocrx_word' id='word_1_457' title='bbox 1912 726 1942 751; x_wconf 79' lang='grc' dir='ltr'>τὸ</span> 
     </span>
    </p>
   </div>
   <div class='ocr_carea' id='block_1_68' title="bbox 1111 769 1942 809">
    <p class='ocr_par' dir='ltr' id='par_1_68' title="bbox 1111 769 1942 809">
     <span class='ocr_line' id='line_1_68' title="bbox 1111 769 1942 809; baseline -0.004 -9"><span class='ocrx_word' id='word_1_458' title='bbox 1111 772 1136 800; x_wconf 76' lang='grc' dir='ltr'>ἐν</span> <span class='ocrx_word' id='word_1_459' title='bbox 1163 771 1308 807; x_wconf 79' lang='grc' dir='ltr'>ποσότητι’</span> <span class='ocrx_word' id='word_1_460' title='bbox 1332 770 1378 798; x_wconf 68' lang='grc' dir='ltr'>’ίνα</span> <span class='ocrx_word' id='word_1_461' title='bbox 1395 793 1402 806; x_wconf 88' lang='lat'>,</span> <span class='ocrx_word' id='word_1_462' title='bbox 1430 771 1519 809; x_wconf 81' lang='grc' dir='ltr'>ὥσπερ</span> <span class='ocrx_word' id='word_1_463' title='bbox 1549 771 1574 798; x_wconf 70' lang='grc' dir='ltr'>οἱ</span> <span class='ocrx_word' id='word_1_464' title='bbox 1602 769 1744 802; x_wconf 75' lang='grc' dir='ltr'>ἀκούοντες</span> <span class='ocrx_word' id='word_1_465' title='bbox 1776 772 1832 797; x_wconf 75' lang='grc' dir='ltr'>πᾶν</span> <span class='ocrx_word' id='word_1_466' title='bbox 1867 770 1942 807; x_wconf 74' lang='grc' dir='ltr'>ῥῆμα</span> 
     </span>
    </p>
   </div>
   <div class='ocr_carea' id='block_1_69' title="bbox 1111 814 1940 855">
    <p class='ocr_par' dir='ltr' id='par_1_69' title="bbox 1111 814 1940 855">
     <span class='ocr_line' id='line_1_69' title="bbox 1111 814 1940 855; baseline -0.004 -11"><span class='ocrx_word' id='word_1_467' title='bbox 1111 817 1231 855; x_wconf 84' lang='grc' dir='ltr'>πονηρὸν</span> <span class='ocrx_word' id='word_1_468' title='bbox 1260 814 1346 844; x_wconf 69' lang='grc' dir='ltr'>ἕνεκεν</span> <span class='ocrx_word' id='word_1_469' title='bbox 1371 818 1422 843; x_wconf 79' lang='grc' dir='ltr'>τοῦ</span> <span class='ocrx_word' id='word_1_470' title='bbox 1442 817 1510 845; x_wconf 84' lang='grc' dir='ltr'>Οεοῦ</span> <span class='ocrx_word' id='word_1_471' title='bbox 1536 815 1728 853; x_wconf 79' lang='grc' dir='ltr'>μακαρίζονται</span> <span class='ocrx_word' id='word_1_472' title='bbox 1743 839 1752 852; x_wconf 74' lang='lat'>,</span> <span class='ocrx_word' id='word_1_473' title='bbox 1778 814 1870 845; x_wconf 70' lang='grc' dir='ltr'>οὕτως</span> <span class='ocrx_word' id='word_1_474' title='bbox 1899 814 1940 849; x_wconf 63' lang='lat' dir='ltr'>az&#39;r,</span> 
     </span>
    </p>
   </div>
   <div class='ocr_carea' id='block_1_70' title="bbox 1114 858 1943 900">
    <p class='ocr_par' dir='ltr' id='par_1_70' title="bbox 1114 858 1943 900">
     <span class='ocr_line' id='line_1_70' title="bbox 1114 858 1943 900; baseline -0.005 -10"><span class='ocrx_word' id='word_1_475' title='bbox 1114 863 1246 900; x_wconf 81' lang='grc' dir='ltr'>μακάριος</span> <span class='ocrx_word' id='word_1_476' title='bbox 1260 861 1305 889; x_wconf 87' lang='grc' dir='ltr'>καὶ</span> <span class='ocrx_word' id='word_1_477' title='bbox 1321 862 1335 888; x_wconf 79' lang='grc' dir='ltr'>ὁ</span> <span class='ocrx_word' id='word_1_478' title='bbox 1351 861 1431 888; x_wconf 81' lang='grc' dir='ltr'>παντῖ</span> <span class='ocrx_word' id='word_1_479' title='bbox 1459 860 1562 898; x_wconf 79' lang='grc' dir='ltr'>ῥήματι</span> <span class='ocrx_word' id='word_1_480' title='bbox 1587 860 1733 898; x_wconf 87' lang='grc' dir='ltr'>χρώμενος</span> <span class='ocrx_word' id='word_1_481' title='bbox 1760 859 1803 887; x_wconf 77' lang='grc' dir='ltr'>ἐπ’</span> <span class='ocrx_word' id='word_1_482' title='bbox 1821 858 1943 897; x_wconf 66' lang='grc' dir='ltr'>ὠφελείᾳ</span> 
     </span>
    </p>
   </div>
   <div class='ocr_carea' id='block_1_71' title="bbox 1110 903 1940 944">
    <p class='ocr_par' dir='ltr' id='par_1_71' title="bbox 1110 903 1940 944">
     <span class='ocr_line' id='line_1_71' title="bbox 1110 903 1940 944; baseline -0.005 -10"><span class='ocrx_word' id='word_1_483' title='bbox 1110 909 1164 934; x_wconf 82' lang='grc' dir='ltr'>τῶν</span> <span class='ocrx_word' id='word_1_484' title='bbox 1195 906 1374 944; x_wconf 69' lang='grc' dir='ltr'>ἀκροωμένων</span> <span class='ocrx_word' id='word_1_485' title='bbox 1392 928 1399 942; x_wconf 85' lang='lat'>,</span> <span class='ocrx_word' id='word_1_486' title='bbox 1429 905 1473 932; x_wconf 81' lang='grc' dir='ltr'>καὶ</span> <span class='ocrx_word' id='word_1_487' title='bbox 1506 903 1589 942; x_wconf 67' lang='grc' dir='ltr'>μηδὲν</span> <span class='ocrx_word' id='word_1_488' title='bbox 1628 915 1655 932; x_wconf 90' lang='grc' dir='ltr'>τι</span> <span class='ocrx_word' id='word_1_489' title='bbox 1683 904 1861 932; x_wconf 73' lang='grc' dir='ltr'>καταλείπων</span> <span class='ocrx_word' id='word_1_490' title='bbox 1888 906 1940 931; x_wconf 69' lang='grc' dir='ltr'>τῶν</span> 
     </span>
    </p>
   </div>
   <div class='ocr_carea' id='block_1_72' title="bbox 1112 949 1941 989">
    <p class='ocr_par' dir='ltr' id='par_1_72' title="bbox 1112 949 1941 989">
     <span class='ocr_line' id='line_1_72' title="bbox 1112 949 1941 989; baseline 0.004 -11"><span class='ocrx_word' id='word_1_491' title='bbox 1112 950 1227 979; x_wconf 70' lang='grc' dir='ltr'>δεόντων</span> <span class='ocrx_word' id='word_1_492' title='bbox 1258 951 1396 989; x_wconf 76' lang='grc' dir='ltr'>ῥηθῆναι,</span> <span class='ocrx_word' id='word_1_493' title='bbox 1423 953 1445 980; x_wconf 84' lang='grc' dir='ltr'>εἱ</span> <span class='ocrx_word' id='word_1_494' title='bbox 1475 949 1520 979; x_wconf 81' lang='grc' dir='ltr'>καὶ</span> <span class='ocrx_word' id='word_1_495' title='bbox 1549 949 1670 987; x_wconf 75' lang='grc' dir='ltr'>ὂακνηρά</span> <span class='ocrx_word' id='word_1_496' title='bbox 1698 960 1760 978; x_wconf 71' lang='grc' dir='ltr'>τινα</span> <span class='ocrx_word' id='word_1_497' title='bbox 1786 949 1941 988; x_wconf 64' lang='grc' dir='ltr'>φθέγγεται·</span> 
     </span>
    </p>
   </div>
   <div class='ocr_carea' id='block_1_73' title="bbox 1106 990 1942 1033">
    <p class='ocr_par' dir='ltr' id='par_1_73' title="bbox 1106 990 1942 1033">
     <span class='ocr_line' id='line_1_73' title="bbox 1106 990 1942 1033; baseline -0.005 -9"><span class='ocrx_word' id='word_1_498' title='bbox 1106 990 1154 1024; x_wconf 59' lang='grc' dir='ltr'>ἵνα</span> <span class='ocrx_word' id='word_1_499' title='bbox 1171 995 1235 1033; x_wconf 65' lang='grc' dir='ltr'>λέγῃ</span> <span class='ocrx_word' id='word_1_500' title='bbox 1250 997 1295 1025; x_wconf 83' lang='grc' dir='ltr'>καὶ</span> <span class='ocrx_word' id='word_1_501' title='bbox 1312 997 1391 1029; x_wconf 72' lang='grc' dir='ltr'>αὐτὸς</span> <span class='ocrx_word' id='word_1_502' title='bbox 1415 999 1457 1025; x_wconf 85' lang='grc' dir='ltr'>τό-</span> <span class='ocrx_word' id='word_1_503' title='bbox 1475 1010 1490 1024; x_wconf 88' lang='grc'>((</span> <span class='ocrx_word' id='word_1_504' title='bbox 1517 996 1548 1024; x_wconf 85' lang='grc' dir='ltr'>Εὶ</span> <span class='ocrx_word' id='word_1_505' title='bbox 1575 996 1613 1032; x_wconf 79' lang='grc' dir='ltr'>μή</span> <span class='ocrx_word' id='word_1_506' title='bbox 1637 994 1724 1030; x_wconf 77' lang='grc' dir='ltr'>ἦλθον</span> <span class='ocrx_word' id='word_1_507' title='bbox 1749 995 1797 1022; x_wconf 79' lang='grc' dir='ltr'>καὶ</span> <span class='ocrx_word' id='word_1_508' title='bbox 1819 992 1942 1028; x_wconf 70' lang='grc' dir='ltr'>ἐλάλησα</span> 
     </span>
    </p>
   </div>
   <div class='ocr_carea' id='block_1_74' title="bbox 1111 1039 1940 1080">
    <p class='ocr_par' dir='ltr' id='par_1_74' title="bbox 1111 1039 1940 1080">
     <span class='ocr_line' id='line_1_74' title="bbox 1111 1039 1940 1080; baseline -0.006 -11"><span class='ocrx_word' id='word_1_509' title='bbox 1111 1042 1215 1078; x_wconf 78' lang='grc' dir='ltr'>αὐτοῖς,</span> <span class='ocrx_word' id='word_1_510' title='bbox 1241 1041 1375 1080; x_wconf 78' lang='grc' dir='ltr'>ἁμαρτίαν</span> <span class='ocrx_word' id='word_1_511' title='bbox 1398 1042 1449 1070; x_wconf 76' lang='grc' dir='ltr'>οὐκ</span> <span class='ocrx_word' id='word_1_512' title='bbox 1477 1042 1552 1079; x_wconf 80' lang='grc' dir='ltr'>εἶχον</span> <span class='ocrx_word' id='word_1_513' title='bbox 1579 1053 1594 1067; x_wconf 75' lang='lat' dir='ltr'>n</span> <span class='ocrx_word' id='word_1_514' title='bbox 1619 1040 1690 1068; x_wconf 70' lang='grc' dir='ltr'>οὕτω</span> <span class='ocrx_word' id='word_1_515' title='bbox 1713 1039 1940 1077; x_wconf 71' lang='grc' dir='ltr'>παρῤησιειζὸμε-</span> 
     </span>
    </p>
   </div>
   <div class='ocr_carea' id='block_1_75' title="bbox 1111 1081 1939 1124">
    <p class='ocr_par' dir='ltr' id='par_1_75' title="bbox 1111 1081 1939 1124">
     <span class='ocr_line' id='line_1_75' title="bbox 1111 1081 1939 1124; baseline -0.007 -10"><span class='ocrx_word' id='word_1_516' title='bbox 1111 1097 1156 1118; x_wconf 90' lang='grc' dir='ltr'>νος</span> <span class='ocrx_word' id='word_1_517' title='bbox 1174 1086 1199 1114; x_wconf 79' lang='grc' dir='ltr'>ἐν</span> <span class='ocrx_word' id='word_1_518' title='bbox 1217 1085 1395 1124; x_wconf 76' lang='grc' dir='ltr'>ἀλληλουχίᾳ</span> <span class='ocrx_word' id='word_1_519' title='bbox 1410 1088 1443 1123; x_wconf 78' lang='grc' dir='ltr'>τῇ</span> <span class='ocrx_word' id='word_1_520' title='bbox 1467 1085 1534 1113; x_wconf 81' lang='grc' dir='ltr'>κατὰ</span> <span class='ocrx_word' id='word_1_521' title='bbox 1559 1082 1734 1112; x_wconf 78' lang='grc' dir='ltr'>διδασκαλίαν</span> <span class='ocrx_word' id='word_1_522' title='bbox 1749 1082 1797 1110; x_wconf 88' lang='grc' dir='ltr'>καὶ</span> <span class='ocrx_word' id='word_1_523' title='bbox 1813 1081 1939 1119; x_wconf 60' lang='grc' dir='ltr'>ἔλεγχον.</span> 
     </span>
    </p>
   </div>
   <div class='ocr_carea' id='block_1_76' title="bbox 1113 1127 1940 1170">
    <p class='ocr_par' dir='ltr' id='par_1_76' title="bbox 1113 1127 1940 1170">
     <span class='ocr_line' id='line_1_76' title="bbox 1113 1127 1940 1170; baseline -0.005 -10"><span class='ocrx_word' id='word_1_524' title='bbox 1113 1134 1161 1160; x_wconf 78' lang='grc' dir='ltr'>Καὶ</span> <span class='ocrx_word' id='word_1_525' title='bbox 1192 1133 1205 1160; x_wconf 86' lang='grc' dir='ltr'><strong>ὁ</strong></span> <span class='ocrx_word' id='word_1_526' title='bbox 1234 1133 1318 1170; x_wconf 70' lang='grc' dir='ltr'>μέγας</span> <span class='ocrx_word' id='word_1_527' title='bbox 1353 1132 1417 1164; x_wconf 84' lang='grc' dir='ltr'>Θεὸς</span> <span class='ocrx_word' id='word_1_528' title='bbox 1446 1133 1551 1168; x_wconf 80' lang='grc' dir='ltr'>ἡμῶν,</span> <span class='ocrx_word' id='word_1_529' title='bbox 1580 1131 1687 1166; x_wconf 77' lang='grc' dir='ltr'>Ἰησοῦς</span> <span class='ocrx_word' id='word_1_530' title='bbox 1724 1129 1845 1167; x_wconf 80' lang='grc' dir='ltr'>Χριστὸς</span> <span class='ocrx_word' id='word_1_531' title='bbox 1865 1151 1872 1163; x_wconf 88' lang='lat'>,</span> <span class='ocrx_word' id='word_1_532' title='bbox 1901 1127 1940 1154; x_wconf 74' lang='grc' dir='ltr'>ὅτε</span> 
     </span>
    </p>
   </div>
   <div class='ocr_carea' id='block_1_77' title="bbox 1112 1172 1940 1216">
    <p class='ocr_par' dir='ltr' id='par_1_77' title="bbox 1112 1172 1940 1216">
     <span class='ocr_line' id='line_1_77' title="bbox 1112 1172 1940 1216; baseline -0.007 -11"><span class='ocrx_word' id='word_1_533' title='bbox 1112 1177 1250 1216; x_wconf 70' lang='grc' dir='ltr'>παρρησίᾳ</span> <span class='ocrx_word' id='word_1_534' title='bbox 1278 1175 1396 1212; x_wconf 78' lang='grc' dir='ltr'>ἐλάλει,</span> <span class='ocrx_word' id='word_1_535' title='bbox 1423 1175 1569 1214; x_wconf 76' lang='grc' dir='ltr'>ὲξενεύριζε</span> <span class='ocrx_word' id='word_1_536' title='bbox 1595 1176 1643 1206; x_wconf 73' lang='grc' dir='ltr'>τὰς</span> <span class='ocrx_word' id='word_1_537' title='bbox 1673 1177 1770 1212; x_wconf 73' lang='grc' dir='ltr'>χεῖρας</span> <span class='ocrx_word' id='word_1_538' title='bbox 1799 1176 1859 1200; x_wconf 82' lang='grc' dir='ltr'>τῶν</span> <span class='ocrx_word' id='word_1_539' title='bbox 1888 1172 1940 1204; x_wconf 72' lang='grc' dir='ltr'>ἑθε-</span> 
     </span>
    </p>
   </div>
   <div class='ocr_carea' id='block_1_78' title="bbox 1113 1216 1938 1259">
    <p class='ocr_par' dir='ltr' id='par_1_78' title="bbox 1113 1216 1938 1259">
     <span class='ocr_line' id='line_1_78' title="bbox 1113 1216 1938 1259; baseline -0.007 -9"><span class='ocrx_word' id='word_1_540' title='bbox 1113 1223 1216 1250; x_wconf 85' lang='grc' dir='ltr'>λόντων</span> <span class='ocrx_word' id='word_1_541' title='bbox 1239 1221 1426 1259; x_wconf 81' lang='grc' dir='ltr'>καταμάλετᾷν</span> <span class='ocrx_word' id='word_1_542' title='bbox 1450 1221 1543 1248; x_wconf 74' lang='grc' dir='ltr'>αὑτοῦ.</span> <span class='ocrx_word' id='word_1_543' title='bbox 1560 1220 1599 1247; x_wconf 85' lang='grc' dir='ltr'>Δι’</span> <span class='ocrx_word' id='word_1_544' title='bbox 1622 1219 1706 1254; x_wconf 76' lang='grc' dir='ltr'>αὐτῆς</span> <span class='ocrx_word' id='word_1_545' title='bbox 1722 1218 1768 1246; x_wconf 86' lang='grc' dir='ltr'>καὶ</span> <span class='ocrx_word' id='word_1_546' title='bbox 1785 1219 1811 1245; x_wconf 83' lang='lat' dir='ltr'>ol</span> <span class='ocrx_word' id='word_1_547' title='bbox 1835 1216 1938 1254; x_wconf 71' lang='grc' dir='ltr'>ὁμολο‹</span> 
     </span>
    </p>
   </div>
   <div class='ocr_carea' id='block_1_79' title="bbox 1112 1263 1938 1306">
    <p class='ocr_par' dir='ltr' id='par_1_79' title="bbox 1112 1263 1938 1306">
     <span class='ocr_line' id='line_1_79' title="bbox 1112 1263 1938 1306; baseline -0.005 -11"><span class='ocrx_word' id='word_1_548' title='bbox 1112 1267 1193 1306; x_wconf 76' lang='grc' dir='ltr'>γηταὶ</span> <span class='ocrx_word' id='word_1_549' title='bbox 1221 1267 1265 1295; x_wconf 79' lang='grc' dir='ltr'>καὶ</span> <span class='ocrx_word' id='word_1_550' title='bbox 1294 1267 1320 1294; x_wconf 75' lang='grc' dir='ltr'>οἱ</span> <span class='ocrx_word' id='word_1_551' title='bbox 1351 1265 1445 1294; x_wconf 80' lang='grc' dir='ltr'>λοιποὶ</span> <span class='ocrx_word' id='word_1_552' title='bbox 1473 1265 1501 1293; x_wconf 70' lang='grc' dir='ltr'>δὲ</span> <span class='ocrx_word' id='word_1_553' title='bbox 1527 1265 1774 1301; x_wconf 70' lang='grc' dir='ltr'>ἐθαυμαστώθησαν</span> <span class='ocrx_word' id='word_1_554' title='bbox 1805 1263 1938 1300; x_wconf 44' lang='lat' dir='ltr'>pip/alca:</span> 
     </span>
    </p>
   </div>
   <div class='ocr_carea' id='block_1_80' title="bbox 1114 1308 1937 1347">
    <p class='ocr_par' dir='ltr' id='par_1_80' title="bbox 1114 1308 1937 1347">
     <span class='ocr_line' id='line_1_80' title="bbox 1114 1308 1937 1347; baseline -0.007 -8"><span class='ocrx_word' id='word_1_555' title='bbox 1114 1312 1165 1339; x_wconf 85' lang='grc' dir='ltr'>ὑπὸ</span> <span class='ocrx_word' id='word_1_556' title='bbox 1180 1314 1230 1339; x_wconf 79' lang='grc' dir='ltr'>τοῦ</span> <span class='ocrx_word' id='word_1_557' title='bbox 1246 1313 1323 1346; x_wconf 78' lang='grc' dir='ltr'>Θεοῦ,</span> <span class='ocrx_word' id='word_1_558' title='bbox 1337 1313 1385 1339; x_wconf 74' lang='grc' dir='ltr'>τοῦ</span> <span class='ocrx_word' id='word_1_559' title='bbox 1411 1310 1455 1338; x_wconf 74' lang='grc' dir='ltr'>καί</span> <span class='ocrx_word' id='word_1_560' title='bbox 1472 1310 1497 1338; x_wconf 77' lang='grc' dir='ltr'>ἐν</span> <span class='ocrx_word' id='word_1_561' title='bbox 1514 1309 1666 1345; x_wconf 71' lang='grc' dir='ltr'>ἐκδικήσεσι</span> <span class='ocrx_word' id='word_1_562' title='bbox 1681 1308 1937 1347; x_wconf 70' lang='grc' dir='ltr'>παρῤησιαζομὲνου</span> 
     </span>
    </p>
   </div>
   <div class='ocr_carea' id='block_1_81' title="bbox 1113 1356 1271 1394">
    <p class='ocr_par' dir='ltr' id='par_1_81' title="bbox 1113 1356 1271 1394">
     <span class='ocr_line' id='line_1_81' title="bbox 1113 1356 1271 1394; baseline 0.006 -10"><span class='ocrx_word' id='word_1_563' title='bbox 1113 1356 1168 1394; x_wconf 77' lang='grc' dir='ltr'>ψαλ</span> <span class='ocrx_word' id='word_1_564' title='bbox 1174 1359 1260 1394; x_wconf 83' lang='grc' dir='ltr'>μικῶς</span> <span class='ocrx_word' id='word_1_565' title='bbox 1265 1378 1271 1385; x_wconf 97' lang='grc'>.</span> 
     </span>
    </p>
   </div>
   <div class='ocr_carea' id='block_1_82' title="bbox 1151 1397 1936 1439">
    <p class='ocr_par' dir='ltr' id='par_1_82' title="bbox 1151 1397 1936 1439">
     <span class='ocr_line' id='line_1_82' title="bbox 1151 1397 1936 1439; baseline -0.009 -9"><span class='ocrx_word' id='word_1_566' title='bbox 1151 1403 1203 1439; x_wconf 59' lang='grc' dir='ltr'>μέ.</span> <span class='ocrx_word' id='word_1_567' title='bbox 1222 1401 1270 1430; x_wconf 70' lang='grc' dir='ltr'>Καί</span> <span class='ocrx_word' id='word_1_568' title='bbox 1293 1400 1385 1430; x_wconf 82' lang='grc' dir='ltr'>τοιάδε</span> <span class='ocrx_word' id='word_1_569' title='bbox 1411 1401 1458 1438; x_wconf 73' lang='grc' dir='ltr'>μὶν</span> <span class='ocrx_word' id='word_1_570' title='bbox 1484 1402 1502 1436; x_wconf 76' lang='grc' dir='ltr'>ἡ</span> <span class='ocrx_word' id='word_1_571' title='bbox 1527 1399 1709 1436; x_wconf 69' lang='grc' dir='ltr'>ἐπαινουμένη</span> <span class='ocrx_word' id='word_1_572' title='bbox 1735 1397 1892 1436; x_wconf 70' lang='grc' dir='ltr'>παρρησία,</span> <span class='ocrx_word' id='word_1_573' title='bbox 1910 1398 1936 1431; x_wconf 74' lang='grc' dir='ltr'>ἦν</span> 
     </span>
    </p>
   </div>
   <div class='ocr_carea' id='block_1_83' title="bbox 1113 1443 1937 1485">
    <p class='ocr_par' dir='ltr' id='par_1_83' title="bbox 1113 1443 1937 1485">
     <span class='ocr_line' id='line_1_83' title="bbox 1113 1443 1937 1485; baseline -0.007 -10"><span class='ocrx_word' id='word_1_574' title='bbox 1113 1447 1158 1474; x_wconf 84' lang='grc' dir='ltr'>καὶ</span> <span class='ocrx_word' id='word_1_575' title='bbox 1188 1446 1281 1478; x_wconf 69' lang='grc' dir='ltr'>ἄλλως</span> <span class='ocrx_word' id='word_1_576' title='bbox 1310 1448 1328 1481; x_wconf 78' lang='grc' dir='ltr'><strong>ἡ</strong></span> <span class='ocrx_word' id='word_1_577' title='bbox 1358 1445 1491 1485; x_wconf 79' lang='grc' dir='ltr'>ἱερωτάτη</span> <span class='ocrx_word' id='word_1_578' title='bbox 1524 1444 1703 1483; x_wconf 85' lang='grc' dir='ltr'>μοσταγωγία</span> <span class='ocrx_word' id='word_1_579' title='bbox 1728 1443 1840 1480; x_wconf 82' lang='grc' dir='ltr'>τόλμαν</span> <span class='ocrx_word' id='word_1_580' title='bbox 1871 1443 1937 1470; x_wconf 71' lang='grc' dir='ltr'>Θεία-ν</span> 
     </span>
    </p>
   </div>
   <div class='ocr_carea' id='block_1_84' title="bbox 1115 1488 1936 1529">
    <p class='ocr_par' dir='ltr' id='par_1_84' title="bbox 1115 1488 1936 1529">
     <span class='ocr_line' id='line_1_84' title="bbox 1115 1488 1936 1529; baseline -0.007 -9"><span class='ocrx_word' id='word_1_581' title='bbox 1115 1492 1292 1529; x_wconf 74' lang='grc' dir='ltr'>ἀκατάκριτον</span> <span class='ocrx_word' id='word_1_582' title='bbox 1323 1489 1474 1519; x_wconf 78' lang='grc' dir='ltr'>ὑποϐάλλει</span> <span class='ocrx_word' id='word_1_583' title='bbox 1503 1493 1574 1518; x_wconf 79' lang='grc' dir='ltr'>νοεῖν</span> <span class='ocrx_word' id='word_1_584' title='bbox 1592 1512 1598 1518; x_wconf 93' lang='grc'>.</span> <span class='ocrx_word' id='word_1_585' title='bbox 1628 1489 1661 1518; x_wconf 65' lang='grc' dir='ltr'>Εἴ</span> <span class='ocrx_word' id='word_1_586' title='bbox 1701 1488 1795 1525; x_wconf 75' lang='grc' dir='ltr'>μέντοι</span> <span class='ocrx_word' id='word_1_587' title='bbox 1829 1491 1884 1515; x_wconf 74' lang='grc' dir='ltr'>πᾶν</span> <span class='ocrx_word' id='word_1_588' title='bbox 1911 1488 1936 1515; x_wconf 66' lang='grc' dir='ltr'>τὸ</span> 
     </span>
    </p>
   </div>
   <div class='ocr_carea' id='block_1_85' title="bbox 1114 1533 1936 1574">
    <p class='ocr_par' dir='ltr' id='par_1_85' title="bbox 1114 1533 1936 1574">
     <span class='ocr_line' id='line_1_85' title="bbox 1114 1533 1936 1574; baseline -0.007 -9"><span class='ocrx_word' id='word_1_589' title='bbox 1114 1537 1228 1569; x_wconf 71' lang='grc' dir='ltr'>ἐπελθὸν</span> <span class='ocrx_word' id='word_1_590' title='bbox 1257 1536 1301 1564; x_wconf 83' lang='grc' dir='ltr'>καὶ</span> <span class='ocrx_word' id='word_1_591' title='bbox 1329 1536 1397 1574; x_wconf 85' lang='grc' dir='ltr'>πρὸς</span> <span class='ocrx_word' id='word_1_592' title='bbox 1423 1536 1526 1566; x_wconf 83' lang='grc' dir='ltr'>πάντας</span> <span class='ocrx_word' id='word_1_593' title='bbox 1555 1533 1785 1572; x_wconf 79' lang='grc' dir='ltr'>ἐξερεύγεταίτις,</span> <span class='ocrx_word' id='word_1_594' title='bbox 1801 1533 1848 1561; x_wconf 72' lang='grc' dir='ltr'>καὶ</span> <span class='ocrx_word' id='word_1_595' title='bbox 1863 1533 1936 1560; x_wconf 63' lang='grc' dir='ltr'>παντί</span> 
     </span>
    </p>
   </div>
   <div class='ocr_carea' id='block_1_86' title="bbox 1115 1577 1935 1620">
    <p class='ocr_par' dir='ltr' id='par_1_86' title="bbox 1115 1577 1935 1620">
     <span class='ocr_line' id='line_1_86' title="bbox 1115 1577 1935 1620; baseline -0.006 -11"><span class='ocrx_word' id='word_1_596' title='bbox 1115 1582 1217 1620; x_wconf 70' lang='grc' dir='ltr'>ῥήματι</span> <span class='ocrx_word' id='word_1_597' title='bbox 1247 1581 1417 1609; x_wconf 74' lang='grc' dir='ltr'>ἐκπετάννυσι</span> <span class='ocrx_word' id='word_1_598' title='bbox 1447 1580 1479 1608; x_wconf 83' lang='grc' dir='ltr'>τὸ</span> <span class='ocrx_word' id='word_1_599' title='bbox 1508 1580 1605 1616; x_wconf 81' lang='grc' dir='ltr'>στόμα,</span> <span class='ocrx_word' id='word_1_600' title='bbox 1632 1581 1746 1615; x_wconf 86' lang='grc' dir='ltr'>τοΛμῶν</span> <span class='ocrx_word' id='word_1_601' title='bbox 1771 1578 1826 1606; x_wconf 72' lang='grc' dir='ltr'>οὐκ</span> <span class='ocrx_word' id='word_1_602' title='bbox 1850 1577 1935 1605; x_wconf 72' lang='grc' dir='ltr'>εὐπαί-</span> 
     </span>
    </p>
   </div>
   <div class='ocr_carea' id='block_1_87' title="bbox 1115 1622 1934 1664">
    <p class='ocr_par' dir='ltr' id='par_1_87' title="bbox 1115 1622 1934 1664">
     <span class='ocr_line' id='line_1_87' title="bbox 1115 1622 1934 1664; baseline -0.006 -10"><span class='ocrx_word' id='word_1_603' title='bbox 1115 1626 1194 1654; x_wconf 84' lang='grc' dir='ltr'>δευτα</span> <span class='ocrx_word' id='word_1_604' title='bbox 1211 1648 1218 1661; x_wconf 97' lang='lat'>,</span> <span class='ocrx_word' id='word_1_605' title='bbox 1250 1625 1320 1663; x_wconf 78' lang='grc' dir='ltr'>μηδὲ</span> <span class='ocrx_word' id='word_1_606' title='bbox 1357 1623 1428 1664; x_wconf 75' lang='grc' dir='ltr'>ἔχων</span> <span class='ocrx_word' id='word_1_607' title='bbox 1459 1623 1582 1664; x_wconf 80' lang='grc' dir='ltr'>φυλακὴν</span> <span class='ocrx_word' id='word_1_608' title='bbox 1613 1624 1683 1655; x_wconf 77' lang='grc' dir='ltr'>θείαν</span> <span class='ocrx_word' id='word_1_609' title='bbox 1709 1622 1934 1659; x_wconf 73' lang='grc' dir='ltr'>ἐπιτεθειμένην,</span> 
     </span>
    </p>
   </div>
   <div class='ocr_carea' id='block_1_88' title="bbox 1115 1666 1935 1709">
    <p class='ocr_par' dir='ltr' id='par_1_88' title="bbox 1115 1666 1935 1709">
     <span class='ocr_line' id='line_1_88' title="bbox 1115 1666 1935 1709; baseline -0.006 -10"><span class='ocrx_word' id='word_1_610' title='bbox 1115 1671 1185 1709; x_wconf 69' lang='grc' dir='ltr'>μηδὲ</span> <span class='ocrx_word' id='word_1_611' title='bbox 1199 1673 1281 1708; x_wconf 83' lang='grc' dir='ltr'>Θυραν</span> <span class='ocrx_word' id='word_1_612' title='bbox 1307 1673 1444 1709; x_wconf 81' lang='grc' dir='ltr'>περιοχῆς</span> <span class='ocrx_word' id='word_1_613' title='bbox 1457 1669 1519 1707; x_wconf 87' lang='grc' dir='ltr'>περὶ</span> <span class='ocrx_word' id='word_1_614' title='bbox 1547 1669 1581 1696; x_wconf 78' lang='grc' dir='ltr'>τὰ</span> <span class='ocrx_word' id='word_1_615' title='bbox 1604 1667 1688 1707; x_wconf 83' lang='grc' dir='ltr'>χείλη</span> <span class='ocrx_word' id='word_1_616' title='bbox 1711 1668 1807 1703; x_wconf 78' lang='grc' dir='ltr'>αὐτοῦ,</span> <span class='ocrx_word' id='word_1_617' title='bbox 1824 1666 1935 1704; x_wconf 76' lang='grc' dir='ltr'>δαιμονᾷ</span> 
     </span>
    </p>
   </div>
   <div class='ocr_carea' id='block_1_89' title="bbox 1113 1713 1933 1754">
    <p class='ocr_par' dir='ltr' id='par_1_89' title="bbox 1113 1713 1933 1754">
     <span class='ocr_line' id='line_1_89' title="bbox 1113 1713 1933 1754; baseline -0.007 -9"><span class='ocrx_word' id='word_1_618' title='bbox 1113 1718 1127 1745; x_wconf 88' lang='grc' dir='ltr'>ὁ</span> <span class='ocrx_word' id='word_1_619' title='bbox 1157 1719 1279 1748; x_wconf 78' lang='grc' dir='ltr'>τοιοῦτος</span> <span class='ocrx_word' id='word_1_620' title='bbox 1309 1716 1445 1754; x_wconf 68' lang='grc' dir='ltr'>ἐιντικρυς1</span> <span class='ocrx_word' id='word_1_621' title='bbox 1471 1715 1515 1743; x_wconf 77' lang='grc' dir='ltr'>καὶ</span> <span class='ocrx_word' id='word_1_622' title='bbox 1541 1715 1591 1742; x_wconf 78' lang='grc' dir='ltr'>οὐκ</span> <span class='ocrx_word' id='word_1_623' title='bbox 1617 1714 1643 1742; x_wconf 69' lang='grc' dir='ltr'>ἐν</span> <span class='ocrx_word' id='word_1_624' title='bbox 1677 1716 1828 1746; x_wconf 77' lang='grc' dir='ltr'>καθεστῶτι</span> <span class='ocrx_word' id='word_1_625' title='bbox 1858 1713 1933 1749; x_wconf 66' lang='grc' dir='ltr'>μένει,</span> 
     </span>
    </p>
   </div>
   <div class='ocr_carea' id='block_1_90' title="bbox 1113 1757 1933 1799">
    <p class='ocr_par' dir='ltr' id='par_1_90' title="bbox 1113 1757 1933 1799">
     <span class='ocr_line' id='line_1_90' title="bbox 1113 1757 1933 1799; baseline -0.006 -9"><span class='ocrx_word' id='word_1_626' title='bbox 1113 1763 1151 1795; x_wconf 87' lang='grc' dir='ltr'>ὡς</span> <span class='ocrx_word' id='word_1_627' title='bbox 1179 1761 1342 1799; x_wconf 78' lang='grc' dir='ltr'>ἀδιακρίτως</span> <span class='ocrx_word' id='word_1_628' title='bbox 1365 1761 1399 1789; x_wconf 80' lang='grc' dir='ltr'>τὰ</span> <span class='ocrx_word' id='word_1_629' title='bbox 1422 1760 1533 1788; x_wconf 79' lang='grc' dir='ltr'>ἐπιόντα</span> <span class='ocrx_word' id='word_1_630' title='bbox 1557 1759 1749 1799; x_wconf 78' lang='grc' dir='ltr'>φθεγγόμενος.</span> <span class='ocrx_word' id='word_1_631' title='bbox 1779 1758 1876 1794; x_wconf 57' lang='grc' dir='ltr'>Οὔσης</span> <span class='ocrx_word' id='word_1_632' title='bbox 1905 1757 1933 1793; x_wconf 64' lang='grc' dir='ltr'>δή</span> 
     </span>
    </p>
   </div>
   <div class='ocr_carea' id='block_1_91' title="bbox 1113 1803 1935 1846">
    <p class='ocr_par' dir='ltr' id='par_1_91' title="bbox 1113 1803 1935 1846">
     <span class='ocr_line' id='line_1_91' title="bbox 1113 1803 1935 1846; baseline -0.006 -11"><span class='ocrx_word' id='word_1_633' title='bbox 1113 1808 1158 1835; x_wconf 83' lang='grc' dir='ltr'>καὶ</span> <span class='ocrx_word' id='word_1_634' title='bbox 1187 1807 1338 1846; x_wconf 71' lang='grc' dir='ltr'>παρρησίας</span> <span class='ocrx_word' id='word_1_635' title='bbox 1363 1809 1414 1841; x_wconf 82' lang='grc' dir='ltr'>τῆς</span> <span class='ocrx_word' id='word_1_636' title='bbox 1444 1805 1631 1843; x_wconf 74' lang='grc' dir='ltr'>ἁπειρημὲνης</span> <span class='ocrx_word' id='word_1_637' title='bbox 1657 1804 1729 1843; x_wconf 86' lang='grc' dir='ltr'>παρὰ</span> <span class='ocrx_word' id='word_1_638' title='bbox 1755 1806 1796 1840; x_wconf 80' lang='grc' dir='ltr'>τῷ</span> <span class='ocrx_word' id='word_1_639' title='bbox 1821 1803 1935 1839; x_wconf 68' lang='grc' dir='ltr'>τοιούτῳ</span> 
     </span>
    </p>
   </div>
   <div class='ocr_carea' id='block_1_92' title="bbox 1115 1847 1935 1890">
    <p class='ocr_par' dir='ltr' id='par_1_92' title="bbox 1115 1847 1935 1890">
     <span class='ocr_line' id='line_1_92' title="bbox 1115 1847 1935 1890; baseline -0.006 -10"><span class='ocrx_word' id='word_1_640' title='bbox 1115 1851 1238 1890; x_wconf 82' lang='grc' dir='ltr'>μεγάλῳ,</span> <span class='ocrx_word' id='word_1_641' title='bbox 1267 1851 1409 1890; x_wconf 76' lang='grc' dir='ltr'>καλογὶρῳ</span> <span class='ocrx_word' id='word_1_642' title='bbox 1426 1874 1433 1887; x_wconf 82' lang='grc'>,</span> <span class='ocrx_word' id='word_1_643' title='bbox 1462 1851 1520 1878; x_wconf 80' lang='grc' dir='ltr'>καθ’</span> <span class='ocrx_word' id='word_1_644' title='bbox 1548 1851 1578 1885; x_wconf 79' lang='grc' dir='ltr'>ἢν</span> <span class='ocrx_word' id='word_1_645' title='bbox 1607 1849 1675 1887; x_wconf 85' lang='grc' dir='ltr'>πρὸς</span> <span class='ocrx_word' id='word_1_646' title='bbox 1704 1847 1843 1876; x_wconf 74' lang='grc' dir='ltr'>ἀναίδειαν</span> <span class='ocrx_word' id='word_1_647' title='bbox 1877 1847 1935 1875; x_wconf 79' lang='grc' dir='ltr'>τολ-</span> 
     </span>
    </p>
   </div>
   <div class='ocr_carea' id='block_1_93' title="bbox 1115 1893 1934 1935">
    <p class='ocr_par' dir='ltr' id='par_1_93' title="bbox 1115 1893 1934 1935">
     <span class='ocr_line' id='line_1_93' title="bbox 1115 1893 1934 1935; baseline -0.006 -10"><span class='ocrx_word' id='word_1_648' title='bbox 1115 1900 1172 1934; x_wconf 82' lang='grc' dir='ltr'>μῖυν</span> <span class='ocrx_word' id='word_1_649' title='bbox 1210 1897 1393 1935; x_wconf 81' lang='grc' dir='ltr'>θρασύνεται,</span> <span class='ocrx_word' id='word_1_650' title='bbox 1420 1895 1460 1926; x_wconf 81' lang='grc' dir='ltr'>τίς</span> <span class='ocrx_word' id='word_1_651' title='bbox 1503 1893 1533 1922; x_wconf 84' lang='grc' dir='ltr'>ἂν</span> <span class='ocrx_word' id='word_1_652' title='bbox 1570 1895 1699 1933; x_wconf 80' lang='grc' dir='ltr'>ἀποφήσῃ</span> <span class='ocrx_word' id='word_1_653' title='bbox 1728 1896 1776 1921; x_wconf 83' lang='grc' dir='ltr'>τοῦ</span> <span class='ocrx_word' id='word_1_654' title='bbox 1812 1893 1934 1921; x_wconf 61' lang='grc' dir='ltr'>τοιοῦτον</span> 
     </span>
    </p>
   </div>
   <div class='ocr_carea' id='block_1_94' title="bbox 1113 1937 1935 1980">
    <p class='ocr_par' dir='ltr' id='par_1_94' title="bbox 1113 1937 1935 1980">
     <span class='ocr_line' id='line_1_94' title="bbox 1113 1937 1935 1980; baseline -0.006 -10"><span class='ocrx_word' id='word_1_655' title='bbox 1113 1943 1157 1970; x_wconf 76' lang='grc' dir='ltr'>καὶ</span> <span class='ocrx_word' id='word_1_656' title='bbox 1191 1942 1239 1969; x_wconf 85' lang='grc' dir='ltr'>τὸν</span> <span class='ocrx_word' id='word_1_657' title='bbox 1281 1941 1437 1980; x_wconf 84' lang='grc' dir='ltr'>γογγυσμὸν</span> <span class='ocrx_word' id='word_1_658' title='bbox 1474 1939 1518 1968; x_wconf 81' lang='grc' dir='ltr'>καὶ</span> <span class='ocrx_word' id='word_1_659' title='bbox 1546 1939 1578 1967; x_wconf 84' lang='grc' dir='ltr'>τὸ</span> <span class='ocrx_word' id='word_1_660' title='bbox 1611 1939 1743 1978; x_wconf 75' lang='grc' dir='ltr'>φίθυρον,</span> <span class='ocrx_word' id='word_1_661' title='bbox 1772 1939 1807 1965; x_wconf 73' lang='grc' dir='ltr'>τὰ</span> <span class='ocrx_word' id='word_1_662' title='bbox 1835 1937 1935 1966; x_wconf 72' lang='grc' dir='ltr'>ἐλάττω</span> 
     </span>
    </p>
   </div>
   <div class='ocr_carea' id='block_1_95' title="bbox 1113 1985 1934 2024">
    <p class='ocr_par' dir='ltr' id='par_1_95' title="bbox 1113 1985 1934 2024">
     <span class='ocr_line' id='line_1_95' title="bbox 1113 1985 1934 2024; baseline -0.006 -9"><span class='ocrx_word' id='word_1_663' title='bbox 1113 1987 1191 2021; x_wconf 75' lang='grc' dir='ltr'>κακὰ,</span> <span class='ocrx_word' id='word_1_664' title='bbox 1218 1986 1262 2014; x_wconf 86' lang='grc' dir='ltr'>καὶ</span> <span class='ocrx_word' id='word_1_665' title='bbox 1291 1986 1447 2024; x_wconf 83' lang='grc' dir='ltr'>προάγοντα</span> <span class='ocrx_word' id='word_1_666' title='bbox 1472 1985 1536 2016; x_wconf 83' lang='grc' dir='ltr'>τοὺς</span> <span class='ocrx_word' id='word_1_667' title='bbox 1565 1985 1602 2015; x_wconf 85' lang='grc' dir='ltr'>ὡς</span> <span class='ocrx_word' id='word_1_668' title='bbox 1631 1985 1690 2011; x_wconf 83' lang='grc' dir='ltr'>οἷον</span> <span class='ocrx_word' id='word_1_669' title='bbox 1710 1986 1876 2021; x_wconf 79' lang='grc' dir='ltr'>προαγῶνας</span> <span class='ocrx_word' id='word_1_670' title='bbox 1891 1987 1934 2017; x_wconf 77' lang='grc' dir='ltr'>τῆς</span> 
     </span>
    </p>
   </div>
   <div class='ocr_carea' id='block_1_96' title="bbox 1111 2027 1935 2070">
    <p class='ocr_par' dir='ltr' id='par_1_96' title="bbox 1111 2027 1935 2070">
     <span class='ocr_line' id='line_1_96' title="bbox 1111 2027 1935 2070; baseline -0.006 -11"><span class='ocrx_word' id='word_1_671' title='bbox 1111 2043 1141 2060; x_wconf 86' lang='grc' dir='ltr'>τε</span> <span class='ocrx_word' id='word_1_672' title='bbox 1170 2029 1259 2070; x_wconf 75' lang='grc' dir='ltr'>ἔριδος</span> <span class='ocrx_word' id='word_1_673' title='bbox 1301 2031 1346 2058; x_wconf 86' lang='grc' dir='ltr'>καὶ</span> <span class='ocrx_word' id='word_1_674' title='bbox 1373 2033 1422 2058; x_wconf 81' lang='grc' dir='ltr'>τοῦ</span> <span class='ocrx_word' id='word_1_675' title='bbox 1464 2031 1552 2066; x_wconf 81' lang='grc' dir='ltr'>θυμοῦ</span> <span class='ocrx_word' id='word_1_676' title='bbox 1571 2053 1578 2066; x_wconf 86' lang='grc'><strong>,</strong></span> <span class='ocrx_word' id='word_1_677' title='bbox 1606 2030 1661 2056; x_wconf 82' lang='grc' dir='ltr'>τῶν</span> <span class='ocrx_word' id='word_1_678' title='bbox 1690 2027 1935 2067; x_wconf 48' lang='grc' dir='ltr'>προεκτεθειμηῆων</span> 
     </span>
    </p>
   </div>
   <div class='ocr_carea' id='block_1_97' title="bbox 1113 2071 1935 2115">
    <p class='ocr_par' dir='ltr' id='par_1_97' title="bbox 1113 2071 1935 2115">
     <span class='ocr_line' id='line_1_97' title="bbox 1113 2071 1935 2115; baseline -0.006 -10"><span class='ocrx_word' id='word_1_679' title='bbox 1113 2076 1264 2115; x_wconf 80' lang='grc' dir='ltr'>ἐναγωνίων</span> <span class='ocrx_word' id='word_1_680' title='bbox 1291 2078 1381 2104; x_wconf 79' lang='grc' dir='ltr'>κακῶν</span> <span class='ocrx_word' id='word_1_681' title='bbox 1398 2089 1406 2112; x_wconf 77' lang='lat'><strong>;</strong></span> <span class='ocrx_word' id='word_1_682' title='bbox 1422 2075 1458 2103; x_wconf 83' lang='grc' dir='ltr'>ὧν</span> <span class='ocrx_word' id='word_1_683' title='bbox 1486 2074 1531 2102; x_wconf 85' lang='grc' dir='ltr'>καὶ</span> <span class='ocrx_word' id='word_1_684' title='bbox 1556 2073 1633 2113; x_wconf 88' lang='grc' dir='ltr'>φόνοι</span> <span class='ocrx_word' id='word_1_685' title='bbox 1662 2071 1812 2111; x_wconf 80' lang='grc' dir='ltr'>πολλαχοῦ</span> <span class='ocrx_word' id='word_1_686' title='bbox 1842 2072 1935 2100; x_wconf 72' lang='grc' dir='ltr'>ἀποτέ-</span> 
     </span>
    </p>
   </div>
   <div class='ocr_carea' id='block_1_98' title="bbox 1114 2121 1212 2159">
    <p class='ocr_par' dir='ltr' id='par_1_98' title="bbox 1114 2121 1212 2159">
     <span class='ocr_line' id='line_1_98' title="bbox 1114 2121 1212 2159; baseline 0 -10"><span class='ocrx_word' id='word_1_687' title='bbox 1114 2121 1212 2159; x_wconf 81' lang='grc' dir='ltr'>λεσμα.</span> 
     </span>
    </p>
   </div>
   <div class='ocr_carea' id='block_1_99' title="bbox 1151 2162 1933 2204">
    <p class='ocr_par' dir='ltr' id='par_1_99' title="bbox 1151 2162 1933 2204">
     <span class='ocr_line' id='line_1_99' title="bbox 1151 2162 1933 2204; baseline -0.006 -10"><span class='ocrx_word' id='word_1_688' title='bbox 1151 2170 1206 2204; x_wconf 90' lang='grc' dir='ltr'>μη’.</span> <span class='ocrx_word' id='word_1_689' title='bbox 1224 2167 1283 2195; x_wconf 83' lang='grc' dir='ltr'>Ἔτι</span> <span class='ocrx_word' id='word_1_690' title='bbox 1301 2166 1426 2200; x_wconf 77' lang='grc' dir='ltr'>ἀπεῖπας,</span> <span class='ocrx_word' id='word_1_691' title='bbox 1443 2165 1466 2192; x_wconf 82' lang='grc' dir='ltr'>ὧ</span> <span class='ocrx_word' id='word_1_692' title='bbox 1489 2163 1599 2203; x_wconf 75' lang='grc' dir='ltr'>ἀδελφὲ,</span> <span class='ocrx_word' id='word_1_693' title='bbox 1614 2163 1659 2191; x_wconf 85' lang='grc' dir='ltr'>καὶ</span> <span class='ocrx_word' id='word_1_694' title='bbox 1683 2163 1745 2198; x_wconf 78' lang='grc' dir='ltr'>τήν,</span> <span class='ocrx_word' id='word_1_695' title='bbox 1762 2162 1800 2194; x_wconf 84' lang='grc' dir='ltr'>ὠς</span> <span class='ocrx_word' id='word_1_696' title='bbox 1822 2162 1933 2199; x_wconf 70' lang='grc' dir='ltr'>εἴρηται,</span> 
     </span>
    </p>
   </div>
   <div class='ocr_carea' id='block_1_100' title="bbox 1116 2207 1933 2250">
    <p class='ocr_par' dir='ltr' id='par_1_100' title="bbox 1116 2207 1933 2250">
     <span class='ocr_line' id='line_1_100' title="bbox 1116 2207 1933 2250; baseline -0.006 -11"><span class='ocrx_word' id='word_1_697' title='bbox 1116 2212 1229 2249; x_wconf 84' lang='grc' dir='ltr'>μερικὴν</span> <span class='ocrx_word' id='word_1_698' title='bbox 1255 2210 1364 2250; x_wconf 83' lang='grc' dir='ltr'>φιλίαν,</span> <span class='ocrx_word' id='word_1_699' title='bbox 1394 2210 1439 2238; x_wconf 78' lang='grc' dir='ltr'>ὅτε</span> <span class='ocrx_word' id='word_1_700' title='bbox 1465 2212 1523 2241; x_wconf 85' lang='grc' dir='ltr'>τοῖς</span> <span class='ocrx_word' id='word_1_701' title='bbox 1552 2208 1679 2247; x_wconf 70' lang='grc' dir='ltr'>ἀγγέλοις</span> <span class='ocrx_word' id='word_1_702' title='bbox 1710 2207 1871 2246; x_wconf 70' lang='grc' dir='ltr'>ἰνεγρεὶφου,</span> <span class='ocrx_word' id='word_1_703' title='bbox 1900 2207 1933 2237; x_wconf 82' lang='grc' dir='ltr'>ὡς</span> 
     </span>
    </p>
   </div>
   <div class='ocr_carea' id='block_1_101' title="bbox 1113 2252 1932 2294">
    <p class='ocr_par' dir='ltr' id='par_1_101' title="bbox 1113 2252 1932 2294">
     <span class='ocr_line' id='line_1_101' title="bbox 1113 2252 1932 2294; baseline -0.006 -10"><span class='ocrx_word' id='word_1_704' title='bbox 1113 2255 1354 2294; x_wconf 77' lang='grc' dir='ltr'>παραστησόμενος</span> <span class='ocrx_word' id='word_1_705' title='bbox 1388 2257 1428 2291; x_wconf 82' lang='grc' dir='ltr'>τῷ</span> <span class='ocrx_word' id='word_1_706' title='bbox 1462 2253 1506 2282; x_wconf 85' lang='grc' dir='ltr'>καὶ</span> <span class='ocrx_word' id='word_1_707' title='bbox 1539 2256 1589 2287; x_wconf 82' lang='grc' dir='ltr'>τῆς</span> <span class='ocrx_word' id='word_1_708' title='bbox 1616 2252 1709 2293; x_wconf 82' lang='grc' dir='ltr'>φιλίας</span> <span class='ocrx_word' id='word_1_709' title='bbox 1739 2252 1831 2291; x_wconf 77' lang='grc' dir='ltr'>ἐφόρῳ</span> <span class='ocrx_word' id='word_1_710' title='bbox 1859 2254 1932 2288; x_wconf 79' lang='grc' dir='ltr'>Θεῷ.</span> 
     </span>
    </p>
   </div>
   <div class='ocr_carea' id='block_1_102' title="bbox 1113 2295 1932 2339">
    <p class='ocr_par' dir='ltr' id='par_1_102' title="bbox 1113 2295 1932 2339">
     <span class='ocr_line' id='line_1_102' title="bbox 1113 2295 1932 2339; baseline -0.007 -10"><span class='ocrx_word' id='word_1_711' title='bbox 1113 2302 1213 2339; x_wconf 83' lang='grc' dir='ltr'>Θεώρει</span> <span class='ocrx_word' id='word_1_712' title='bbox 1244 2301 1333 2328; x_wconf 88' lang='grc' dir='ltr'>τοίνυν</span> <span class='ocrx_word' id='word_1_713' title='bbox 1370 2299 1566 2336; x_wconf 82' lang='grc' dir='ltr'>ὰναπεμπάζων</span> <span class='ocrx_word' id='word_1_714' title='bbox 1603 2299 1653 2333; x_wconf 80' lang='grc' dir='ltr'>τὴν</span> <span class='ocrx_word' id='word_1_715' title='bbox 1693 2297 1808 2335; x_wconf 75' lang='grc' dir='ltr'>μερικὴν</span> <span class='ocrx_word' id='word_1_716' title='bbox 1848 2295 1932 2334; x_wconf 72' lang='grc' dir='ltr'>φιλίαν</span> 
     </span>
    </p>
   </div>
   <div class='ocr_carea' id='block_1_103' title="bbox 1114 2341 1930 2383">
    <p class='ocr_par' dir='ltr' id='par_1_103' title="bbox 1114 2341 1930 2383">
     <span class='ocr_line' id='line_1_103' title="bbox 1114 2341 1930 2383; baseline -0.007 -9"><span class='ocrx_word' id='word_1_717' title='bbox 1114 2345 1345 2383; x_wconf 72' lang='grc' dir='ltr'>διαπελλομένην</span> <span class='ocrx_word' id='word_1_718' title='bbox 1372 2344 1454 2383; x_wconf 81' lang='grc' dir='ltr'>σοφίᾳ</span> <span class='ocrx_word' id='word_1_719' title='bbox 1483 2345 1637 2381; x_wconf 77' lang='grc' dir='ltr'>θεωρητικῇ</span> <span class='ocrx_word' id='word_1_720' title='bbox 1666 2343 1735 2381; x_wconf 82' lang='grc' dir='ltr'>πρὸς</span> <span class='ocrx_word' id='word_1_721' title='bbox 1757 2342 1809 2377; x_wconf 71' lang='grc' dir='ltr'>τὴν</span> <span class='ocrx_word' id='word_1_722' title='bbox 1825 2341 1930 2374; x_wconf 79' lang='grc' dir='ltr'>καθολι-</span> 
     </span>
    </p>
   </div>
   <div class='ocr_carea' id='block_1_104' title="bbox 1111 2385 1931 2428">
    <p class='ocr_par' dir='ltr' id='par_1_104' title="bbox 1111 2385 1931 2428">
     <span class='ocr_line' id='line_1_104' title="bbox 1111 2385 1931 2428; baseline -0.006 -10"><span class='ocrx_word' id='word_1_723' title='bbox 1111 2392 1173 2426; x_wconf 73' lang='grc' dir='ltr'>κήνι</span> <span class='ocrx_word' id='word_1_724' title='bbox 1191 2391 1236 2418; x_wconf 77' lang='grc' dir='ltr'>καὶ</span> <span class='ocrx_word' id='word_1_725' title='bbox 1251 2390 1323 2428; x_wconf 83' lang='grc' dir='ltr'>τάχα</span> <span class='ocrx_word' id='word_1_726' title='bbox 1340 2390 1386 2427; x_wconf 75' lang='grc' dir='ltr'>μὲν</span> <span class='ocrx_word' id='word_1_727' title='bbox 1411 2386 1561 2420; x_wconf 79' lang='grc' dir='ltr'>ὑπολάϐοις</span> <span class='ocrx_word' id='word_1_728' title='bbox 1584 2387 1615 2416; x_wconf 71' lang='grc' dir='ltr'>ἂν</span> <span class='ocrx_word' id='word_1_729' title='bbox 1631 2385 1782 2426; x_wconf 84' lang='grc' dir='ltr'>παράδοξόν</span> <span class='ocrx_word' id='word_1_730' title='bbox 1798 2397 1825 2414; x_wconf 84' lang='grc' dir='ltr'>τι</span> <span class='ocrx_word' id='word_1_731' title='bbox 1856 2396 1931 2422; x_wconf 86' lang='grc' dir='ltr'>νομο-</span> 
     </span>
    </p>
   </div>
   <div class='ocr_carea' id='block_1_105' title="bbox 1112 2431 1929 2472">
    <p class='ocr_par' dir='ltr' id='par_1_105' title="bbox 1112 2431 1929 2472">
     <span class='ocr_line' id='line_1_105' title="bbox 1112 2431 1929 2472; baseline -0.009 -8"><span class='ocrx_word' id='word_1_732' title='bbox 1112 2437 1246 2464; x_wconf 80' lang='grc' dir='ltr'>Θετεῖσθαι</span> <span class='ocrx_word' id='word_1_733' title='bbox 1273 2446 1314 2463; x_wconf 83' lang='grc' dir='ltr'>σοι</span> <span class='ocrx_word' id='word_1_734' title='bbox 1343 2435 1464 2463; x_wconf 67' lang='grc' dir='ltr'>ἐνταῦθα.</span> <span class='ocrx_word' id='word_1_735' title='bbox 1481 2433 1513 2462; x_wconf 76' lang='grc' dir='ltr'>Εἴ</span> <span class='ocrx_word' id='word_1_736' title='bbox 1529 2433 1579 2472; x_wconf 86' lang='grc' dir='ltr'>γὰρ</span> <span class='ocrx_word' id='word_1_737' title='bbox 1595 2434 1626 2460; x_wconf 84' lang='grc' dir='ltr'>τὸ</span> <span class='ocrx_word' id='word_1_738' title='bbox 1656 2432 1682 2460; x_wconf 80' lang='grc' dir='ltr'>ἐν</span> <span class='ocrx_word' id='word_1_739' title='bbox 1709 2432 1824 2468; x_wconf 82' lang='grc' dir='ltr'>ἀτόμοις</span> <span class='ocrx_word' id='word_1_740' title='bbox 1842 2431 1929 2469; x_wconf 80' lang='grc' dir='ltr'>μικρὸν</span> 
     </span>
    </p>
   </div>
   <div class='ocr_carea' id='block_1_106' title="bbox 1113 2476 1931 2520">
    <p class='ocr_par' dir='ltr' id='par_1_106' title="bbox 1113 2476 1931 2520">
     <span class='ocr_line' id='line_1_106' title="bbox 1113 2476 1931 2520; baseline -0.006 -12"><span class='ocrx_word' id='word_1_741' title='bbox 1113 2481 1254 2518; x_wconf 73' lang='grc' dir='ltr'>λογιστέον</span> <span class='ocrx_word' id='word_1_742' title='bbox 1284 2481 1408 2520; x_wconf 80' lang='grc' dir='ltr'>φευκτὸν,</span> <span class='ocrx_word' id='word_1_743' title='bbox 1433 2480 1527 2507; x_wconf 85' lang='grc' dir='ltr'>ὁποῖον</span> <span class='ocrx_word' id='word_1_744' title='bbox 1557 2479 1602 2506; x_wconf 81' lang='grc' dir='ltr'>καὶ</span> <span class='ocrx_word' id='word_1_745' title='bbox 1629 2478 1661 2505; x_wconf 86' lang='grc' dir='ltr'>τὸ</span> <span class='ocrx_word' id='word_1_746' title='bbox 1686 2476 1776 2516; x_wconf 85' lang='grc' dir='ltr'>φιλεῖν</span> <span class='ocrx_word' id='word_1_747' title='bbox 1807 2479 1931 2515; x_wconf 78' lang='grc' dir='ltr'>μερικῶς,</span> 
     </span>
    </p>
   </div>
   <div class='ocr_carea' id='block_1_107' title="bbox 1112 2521 1932 2562">
    <p class='ocr_par' dir='ltr' id='par_1_107' title="bbox 1112 2521 1932 2562">
     <span class='ocr_line' id='line_1_107' title="bbox 1112 2521 1932 2562; baseline -0.006 -9"><span class='ocrx_word' id='word_1_748' title='bbox 1112 2525 1212 2562; x_wconf 84' lang='grc' dir='ltr'>πολλῷ</span> <span class='ocrx_word' id='word_1_749' title='bbox 1238 2524 1271 2560; x_wconf 82' lang='grc' dir='ltr'>δή</span> <span class='ocrx_word' id='word_1_750' title='bbox 1298 2524 1382 2553; x_wconf 87' lang='grc' dir='ltr'>πλὲον</span> <span class='ocrx_word' id='word_1_751' title='bbox 1399 2525 1431 2553; x_wconf 83' lang='grc' dir='ltr'>τὸ</span> <span class='ocrx_word' id='word_1_752' title='bbox 1450 2524 1477 2552; x_wconf 81' lang='grc' dir='ltr'>ἐν</span> <span class='ocrx_word' id='word_1_753' title='bbox 1495 2526 1536 2560; x_wconf 83' lang='grc' dir='ltr'>τῷ</span> <span class='ocrx_word' id='word_1_754' title='bbox 1561 2521 1680 2551; x_wconf 76' lang='grc' dir='ltr'>καθόλου</span> <span class='ocrx_word' id='word_1_755' title='bbox 1695 2523 1740 2550; x_wconf 79' lang='grc' dir='ltr'>καὶ</span> <span class='ocrx_word' id='word_1_756' title='bbox 1755 2524 1882 2560; x_wconf 80' lang='grc' dir='ltr'>γενικῶς.</span> <span class='ocrx_word' id='word_1_757' title='bbox 1897 2521 1932 2550; x_wconf 83' lang='grc' dir='ltr'>Τὸ</span> 
     </span>
    </p>
   </div>
   <div class='ocr_carea' id='block_1_108' title="bbox 1114 2563 1931 2609">
    <p class='ocr_par' dir='ltr' id='par_1_108' title="bbox 1114 2563 1931 2609">
     <span class='ocr_line' id='line_1_108' title="bbox 1114 2563 1931 2609; baseline -0.006 -11"><span class='ocrx_word' id='word_1_758' title='bbox 1114 2570 1142 2599; x_wconf 78' lang='grc' dir='ltr'><strong>δέ</strong></span> <span class='ocrx_word' id='word_1_759' title='bbox 1157 2570 1239 2605; x_wconf 77' lang='grc' dir='ltr'>ἐστιν,</span> <span class='ocrx_word' id='word_1_760' title='bbox 1266 2570 1288 2598; x_wconf 84' lang='grc' dir='ltr'>ὦ</span> <span class='ocrx_word' id='word_1_761' title='bbox 1313 2569 1413 2609; x_wconf 72' lang='grc' dir='ltr'>ἀδελφὶ</span> <span class='ocrx_word' id='word_1_762' title='bbox 1428 2593 1434 2606; x_wconf 84' lang='lat'>,</span> <span class='ocrx_word' id='word_1_763' title='bbox 1451 2569 1502 2608; x_wconf 75' lang='grc' dir='ltr'>οὗγ</span> <span class='ocrx_word' id='word_1_764' title='bbox 1519 2568 1590 2597; x_wconf 68' lang='grc' dir='ltr'>οὕτω</span> <span class='ocrx_word' id='word_1_765' title='bbox 1607 2567 1784 2605; x_wconf 77' lang='grc' dir='ltr'>διακείμενον,</span> <span class='ocrx_word' id='word_1_766' title='bbox 1800 2566 1865 2595; x_wconf 84' lang='grc' dir='ltr'>ἀλλ’</span> <span class='ocrx_word' id='word_1_767' title='bbox 1879 2563 1931 2605; x_wconf 81' lang='grc' dir='ltr'>ἔχει</span> 
     </span>
    </p>
   </div>
   <div class='ocr_carea' id='block_1_109' title="bbox 1114 2615 1251 2647">
    <p class='ocr_par' dir='ltr' id='par_1_109' title="bbox 1114 2615 1251 2647">
     <span class='ocr_line' id='line_1_109' title="bbox 1114 2615 1251 2647; baseline 0 -4"><span class='ocrx_word' id='word_1_768' title='bbox 1114 2615 1167 2644; x_wconf 73' lang='grc' dir='ltr'>ὧδὲ</span> <span class='ocrx_word' id='word_1_769' title='bbox 1182 2626 1251 2647; x_wconf 91' lang='grc' dir='ltr'>πως.</span> 
     </span>
    </p>
   </div>
   <div class='ocr_carea' id='block_1_110' title="bbox 1151 2663 1931 2707">
    <p class='ocr_par' dir='ltr' id='par_1_110' title="bbox 1151 2663 1931 2707">
     <span class='ocr_line' id='line_1_110' title="bbox 1151 2663 1931 2707; baseline -0.008 -10"><span class='ocrx_word' id='word_1_770' title='bbox 1151 2673 1203 2707; x_wconf 84' lang='grc' dir='ltr'>μθ¹.</span> <span class='ocrx_word' id='word_1_771' title='bbox 1230 2670 1268 2696; x_wconf 83' lang='grc' dir='ltr'>Τὰ</span> <span class='ocrx_word' id='word_1_772' title='bbox 1295 2667 1392 2707; x_wconf 83' lang='grc' dir='ltr'>μερικὰ</span> <span class='ocrx_word' id='word_1_773' title='bbox 1416 2666 1622 2706; x_wconf 72' lang='grc' dir='ltr'>δυσπερίληπτα</span> <span class='ocrx_word' id='word_1_774' title='bbox 1652 2666 1703 2694; x_wconf 72' lang='grc' dir='ltr'>εΐσι</span> <span class='ocrx_word' id='word_1_775' title='bbox 1732 2667 1840 2696; x_wconf 83' lang='grc' dir='ltr'>πάντως</span> <span class='ocrx_word' id='word_1_776' title='bbox 1857 2687 1865 2700; x_wconf 83' lang='grc'>,</span> <span class='ocrx_word' id='word_1_777' title='bbox 1891 2663 1931 2691; x_wconf 79' lang='grc' dir='ltr'>καὶ</span> 
     </span>
    </p>
   </div>
   <div class='ocr_carea' id='block_1_111' title="bbox 1114 2709 1931 2752">
    <p class='ocr_par' dir='ltr' id='par_1_111' title="bbox 1114 2709 1931 2752">
     <span class='ocr_line' id='line_1_111' title="bbox 1114 2709 1931 2752; baseline -0.007 -10"><span class='ocrx_word' id='word_1_778' title='bbox 1114 2713 1178 2742; x_wconf 69' lang='grc' dir='ltr'>οὐδὲ</span> <span class='ocrx_word' id='word_1_779' title='bbox 1192 2713 1290 2752; x_wconf 77' lang='grc' dir='ltr'>ῥᾳδίως</span> <span class='ocrx_word' id='word_1_780' title='bbox 1315 2713 1352 2745; x_wconf 83' lang='grc' dir='ltr'>εἱς</span> <span class='ocrx_word' id='word_1_781' title='bbox 1380 2712 1519 2741; x_wconf 75' lang='grc' dir='ltr'>ἐπέλευσιν</span> <span class='ocrx_word' id='word_1_782' title='bbox 1546 2712 1700 2749; x_wconf 80' lang='grc' dir='ltr'>ὶκνούμενα,</span> <span class='ocrx_word' id='word_1_783' title='bbox 1717 2709 1762 2738; x_wconf 77' lang='grc' dir='ltr'>διὰ</span> <span class='ocrx_word' id='word_1_784' title='bbox 1783 2710 1834 2745; x_wconf 76' lang='grc' dir='ltr'>τὴν</span> <span class='ocrx_word' id='word_1_785' title='bbox 1850 2709 1874 2737; x_wconf 78' lang='grc' dir='ltr'>ἐν</span> <span class='ocrx_word' id='word_1_786' title='bbox 1892 2709 1931 2736; x_wconf 78' lang='grc' dir='ltr'>αὖ·</span> 
     </span>
    </p>
   </div>
   <div class='ocr_carea' id='block_1_112' title="bbox 1112 2754 1929 2798">
    <p class='ocr_par' dir='ltr' id='par_1_112' title="bbox 1112 2754 1929 2798">
     <span class='ocr_line' id='line_1_112' title="bbox 1112 2754 1929 2798; baseline -0.009 -10"><span class='ocrx_word' id='word_1_787' title='bbox 1112 2762 1170 2791; x_wconf 84' lang='grc' dir='ltr'>τοῖς</span> <span class='ocrx_word' id='word_1_788' title='bbox 1185 2758 1307 2798; x_wconf 85' lang='grc' dir='ltr'>ἀπειρίαν</span> <span class='ocrx_word' id='word_1_789' title='bbox 1333 2759 1378 2786; x_wconf 83' lang='grc' dir='ltr'>καὶ</span> <span class='ocrx_word' id='word_1_790' title='bbox 1406 2758 1437 2786; x_wconf 85' lang='grc' dir='ltr'>τὸ</span> <span class='ocrx_word' id='word_1_791' title='bbox 1465 2757 1582 2791; x_wconf 59' lang='lat' dir='ltr'>ivre?)st</span> <span class='ocrx_word' id='word_1_792' title='bbox 1610 2754 1797 2795; x_wconf 76' lang='grc' dir='ltr'>μυριοσχιδὲς,</span> <span class='ocrx_word' id='word_1_793' title='bbox 1817 2754 1864 2782; x_wconf 80' lang='grc' dir='ltr'>καὶ</span> <span class='ocrx_word' id='word_1_794' title='bbox 1879 2755 1929 2783; x_wconf 80' lang='grc' dir='ltr'>οἷον</span> 
     </span>
    </p>
   </div>
  </div>
