2002 3158
78 196 136 225 769

585 195 635 224 DE
656 194 903 225 EMENDANDA
924 195 1017 226 Vl'l‘A
1045 196 1285 227 MONACHICA.

1727 205 1789 235 770

79 263 148 299 μήτε
177 261 218 294 εἷς
245 262 345 300 γνῶσιν
386 259 484 294 ἐλθεῖν,
512 260 581 297 μήτε
607 259 799 297 μεθοδευθῆναι
836 261 905 298 πρὸς

973 263 1158 298 :ognitionem
1173 263 1301 300 veniant,
1318 272 1410 300 neque
1424 267 1502 294 certa
1526 267 1589 303 lege
1612 271 1712 298 exacte
1736 271 1785 300 in-

76 304 229 345 ἀκρίϐιιαν,
263 306 331 341 μήτε
355 304 394 338 εἰς
417 305 571 342 ἐπιστήμην
595 307 801 344 προενεχθῆναι.
822 306 854 334 Ἡ
880 304 908 333 δὲ

77 352 215 386 καθολικὴ
247 350 384 388 σύλληψις
410 350 535 389 ὥρισται,
565 350 610 378 καὶ
640 350 674 377 δι’
704 351 770 378 αὐτὸ
797 350 842 378 καὶ
873 350 911 382 εἰς

79 398 164 436 ῥᾴονα
192 399 292 435 γνῶσιν
317 395 389 431 ἥκει,
405 395 451 423 καὶ
483 394 724 432 μεθοδεύεται,καὶ
753 397 912 434 τεχνοῦται,

76 443 121 470 καὶ
137 442 227 473 οὕτως
252 441 290 472 sic
318 440 454 479 βιωφελὶς
478 438 631 478 προϐαίνει.
647 440 694 467 Διὰ
718 440 807 467 τοίνυν
829 442 913 468 ταῦτα

75 488 120 515 καῖ
151 487 311 524 ἀπῃτήθης,
334 486 378 513 καὶ
409 484 522 512 συνέθου
553 485 669 512 ἐνώπιον
698 485 743 513 καὶ
773 487 839 512 Θεοῦ
867 484 913 512 καὶ

77 532 214 571 ἀγγέλων,
243 542 280 568 μη
307 532 341 567 τῇ
373 532 471 568 μερικῇ
498 530 679 568 προσανέχειν
706 529 794 569 φιλίᾳ,
823 532 858 568 τῇ
885 529 912 561 ἐς

77 577 204 615 ἀπειρίαν
242 574 438 612 διεκπιπτούσῃ
479 574 688 613 ἀπερίληπτον,
716 574 762 602 ’ίνα
806 576 844 612 μὴ
881 574 914 602 τὰ

76 622 200 660 ἀκίχητα
225 620 345 657 διώκων,
360 620 398 651 είς
427 620 514 657 μάτην
541 622 641 656 πονῇς,
657 619 730 648 ἀλλὰ
755 622 789 657 τῇ
820 631 913 648 συνεσ-

75 667 241 706 πειραμένῃ,
257 665 302 693 καὶ
326 664 364 697 ιῖ¹ς
387 675 412 692 τι
436 664 464 692 ἓν
490 665 670 704 σφιγγομένῃ,
694 665 740 692 καὶ
762 663 914 703 στρογγυλ-

77 711 182 749 λομὲνῃ
199 712 268 749 πρὸς
285 709 405 745 ὁλότητα
420 709 494 746 μίαν.
507 711 560 737 Καὶ
582 709 613 736 οὗ
643 708 716 747 λέγω
740 710 842 745 ταύτην
864 721 911 749 γε·-

76 755 225 793 νικὴν,’ίνα
252 756 290 793 μὴ
317 755 362 782 καὶ
393 754 432 786 εἰς
455 752 586 782 ἀδύνατον
614 754 779 791 ἐκπεσοῦμαι
808 755 913 792 παράγ-

76 802 180 840 γελμα,
195 799 420 839 προκαλούμενός
449 809 477 826 σε
505 799 605 829 πάντας
630 799 791 836 ἀνθρώπους
816 798 915 830 ἁπλῶς

78 847 149 875 οὕτω
175 846 222 874 καὶ
249 844 432 875 ἀνεπιστάτως
462 843 551 883 φιλεῖν
570 855 576 861 ·
594 843 659 881 ὅπερ
686 843 742 872 οὐδ’
769 843 834 871 αὐτὸ
862 843 913 882 ῥᾴ-

78 891 207 925 διον,ὅτι
238 890 276 927 μὴ
305 890 349 917 καὶ
377 888 495 925 μᾶλλον,
510 892 560 924 τῆς
576 892 690 927 μερικῆς
719 888 764 916 καὶ
789 889 814 916 ἐν
843 889 914 916 ἀτό-

80 948 141 974 μοις
181 935 275 975 φιλίας
313 933 620 972 δυσκατεργαστότερον.
654 932 762 962 Οὔκουν
810 933 913 972 θαῤῥῶ,

76 962 193 1020 γενιαήνι
206 962 308 1014 tinem,
325 978 398 1007 ἀλλὰ
428 962 547 1016 μάλιστα
564 962 678 1014 ’ὁλικήψ
696 962 822 1014 Τοιαύτη*
928 962 952 995 Β

76 1029 124 1055 τοῦ
154 1027 233 1062 Θεοῦ,
260 1025 278 1059 ἡ
308 1024 376 1062 πρὸς
406 1023 452 1051 τὸν
482 1023 556 1058 Θεὸν,
585 1024 603 1058 ἡ
632 1023 699 1050 κατὰ
729 1024 805 1059 Θεὸν,
835 1025 852 1058 ἡ
884 1023 909 1050 ὲν

77 1071 152 1108 αὖτῷ
175 1072 244 1106 Θιῷ-
266 1069 294 1096 ’ὀν
317 1066 392 1106 εἷ’τιερ
416 1067 517 1105 φιλεῖς,
534 1067 584 1095 οὐκ
609 1066 683 1105 ἔχεις
708 1066 802 1107 φιλίαν
833 1078 910 1106 μερι-

77 1117 140 1151 κὴν,
171 1114 236 1143 οὗ)δέ
266 1115 319 1151 μὴν
354 1114 405 1148 τήν
443 1112 615 1150 (σεμνότερον
657 1113 748 1152 φάναι)
788 1114 911 1151 γενικὴν,

79 1161 151 1189 ἀλλὰ
177 1159 355 1198 καιριώτερον
379 1158 581 1196 ἀποφήνασθαι,
597 1158 647 1192 τὴν
679 1157 787 1193 ὁλικήν.
806 1158 837 1187 El
861 1159 912 1196 γὰρ

77 1207 107 1234 τὸ
131 1205 234 1244 κυρίως
261 1204 325 1232 ὅλον
351 1204 364 1230 ὁ
387 1203 462 1237 Θεὸς,
488 1201 523 1230 δι’
539 1203 570 1230 οὗ
587 1202 716 1239 ξύμπασα
736 1202 837 1238 ὁλότης
863 1203 912 1230 πι-

79 1249 205 1291 φηνεν,ἥ
234 1259 264 1276 τι
288 1248 354 1276 κατὰ
377 1247 479 1284 κόσμον
504 1247 550 1275 καὶ
575 1249 592 1282 ἡ
611 1247 810 1285 ὑπερκόσμιος,
828 1247 911 1282 ὁλική

78 1296 186 1326 πάντως
216 1293 300 1328 ἆοτὶν,
329 1293 418 1328 ὥσπερ
448 1293 465 1327 ἡ
495 1291 577 1319 αὐτοῦ
606 1293 676 1330 πρὸς
709 1293 811 1322 πάντας
839 1293 915 1328 ἡμᾶς

79 1340 157 1380 φιλία
184 1340 226 1376 (ὂς
252 1338 318 1370 τοὺς
358 1337 440 1364 αὐτοῦ
474 1336 639 1375 θεράποντας
677 1337 766 1365 οὐκετι
798 1335 915 1368 δούλους

78 1385 166 1420 καλεῖ,
183 1383 247 1412 ἀλλ’
264 1383 302 1413 εἷς
332 1381 429 1420 φίλους
444 1381 583 1420 ἐγκρίνει),
599 1380 672 1409 οὕτω
687 1382 731 1409 καὶ
763 1382 780 1416 ἠ
800 1381 915 1409 ἑκάστου

77 1434 131 1459 τῶν
148 1429 234 1457 αὐτοῦ
260 1427 432 1465 θεραπόντων
455 1426 523 1464 πρὸς
550 1425 628 1454 αὐτὸν
654 1426 746 1464 ἀγάπη
778 1426 914 1465 φιλοθὲως

79 1474 303 1512 ἀνακάμπτουσα,
320 1471 400 1506 ὁλική
419 1471 474 1499 ἔστι
491 1469 535 1498 διὰ
553 1471 584 1498 τὸ
610 1471 667 1498 κατ’
682 1470 766 1506 αὐτὴν
791 1470 914 1506 ὁλόκλη-

88 1530 145 1559 ρον,
161 1519 208 1547 καὶ
223 1517 250 1545 ἐν
267 1516 435 1555 ἐκεραιότητι
451 1514 569 1547 ἐντελὲς.

121 1565 153 1592 ν’.
170 1565 203 1592 Ὀ
216 1564 282 1601 γοῦν
300 1560 522 1599 μεγαλοσχήμων
543 1562 591 1588 τοῦ
617 1561 684 1588 Θεοῦ
713 1559 788 1592 ὅσιος
813 1559 914 1587 ἐκεῖνον

87 1608 177 1648 φιλῶν
208 1607 323 1641 ὁλικῶς,
339 1606 438 1642 καὶτῷ
452 1605 546 1643 τρόπῳ
570 1604 658 1641 τούτῳ
684 1605 733 1638 τήν
763 1604 831 1638 πρὸς
852 1603 916 1636 τοὺς

969 307 1159 344 vestigentur,
1176 317 1228 336 nec
1243 309 1273 336 in
1289 309 1440 338 scientiam
1456 312 1688 342 introducantur.
1718 316 1788 344 Uni-

967 361 1051 380 versa
1067 355 1164 381 autem
1181 354 1260 381 notio
1276 355 1397 383 deﬁnita
1412 358 1466 390 est,
1482 359 1510 384 et
1538 357 1566 385 in
1588 360 1782 394 cognitionem

969 397 1083 425 facilem
1108 398 1196 433 venit,
1226 399 1362 427 methodo
1391 400 1592 437 investigatur,
1618 404 1786 441 meditatur,

969 444 998 470 et
1011 445 1056 470 est
1071 443 1163 471 utilis.
1179 443 1245 471 Ideo
1273 444 1469 480 interrogatus
1498 454 1539 480 es,
1564 449 1592 474 et
1616 450 1788 484 promisisti,

969 487 999 514 in
1015 490 1170 524 conspectu
1190 489 1237 516 Dei
1252 491 1280 516 et
1295 489 1466 524 angelorum
1481 491 1657 526 peculiarem
1688 495 1788 522 amici-

968 532 1038 560 tiam
1056 541 1114 560 non
1131 533 1246 569 sectari,
1262 542 1325 569 quas
1340 535 1434 562 tendit
1449 535 1478 563 in
1495 536 1658 571 indeﬁnite,
1675 541 1703 566 et
1730 547 1788 567 non

969 577 1200 614 circumscripta,
1219 586 1254 606 ne
1278 579 1407 607 inacessa
1424 588 1603 616 persequens
1614 583 1746 619 fatigeris
1759 585 1788 612 in

968 630 1095 657 vanum;
1114 623 1206 659 magis
1222 625 1320 651 autem
1336 625 1468 652 charitati
1485 626 1604 653 studeas
1629 635 1692 662 quas
1717 630 1789 657 defi-

969 665 1031 694 nita
1041 670 1096 700 est,
1111 675 1174 703 quas
1185 668 1354 696 convenitin
1367 669 1476 705 aliquid
1489 673 1624 703 unum,et
1634 672 1710 700 circa
1722 675 1789 701 uni-

967 711 1135 740 versitatem
1151 712 1268 741 unicam
1284 716 1427 741 versatur.
1439 714 1496 742 Nec
1510 716 1675 751 generalem
1696 718 1790 746 chari-

969 758 1058 784 tatem
1074 757 1150 792 dico,
1167 758 1332 793 nejubeam
1347 758 1539 794 impossibile,
1556 769 1621 788 cum
1635 762 1670 789 ad
1687 771 1790 790 aman-

969 801 1022 828 dos
1051 809 1153 829 omnes
1173 802 1307 830 homines
1335 804 1362 830 te
1392 803 1566 840 simpliciter
1594 808 1623 833 et
1653 806 1786 836 absolute

969 845 1078 880 hortor,
1096 847 1173 882 quod
1192 855 1249 874 non
1265 849 1310 875 est
1326 847 1450 882 facilius,
1479 849 1536 877 imo
1565 850 1715 879 difﬁcilius
1744 855 1790 880 est

970 899 1058 927 quam
1075 891 1229 927 peculiaris
1258 892 1384 928 partium
1412 894 1551 921 amicitia.
1578 895 1698 924 Minime
1720 906 1788 934 ergo

969 936 1062 963 audeo
1075 936 1240 971 generalem
1256 937 1362 972 dicere,
1379 938 1429 965 sed
1455 939 1581 967 maxime
1605 941 1735 970 totalem.
1764 944 1790 971 Is

965 982 1010 1008 est
1024 989 1106 1008 amor
1121 980 1180 1015 Dei,
1198 989 1279 1009 amor
1295 982 1330 1009 ad
1348 985 1448 1016 Deum,
1464 985 1627 1013 secundum
1646 987 1735 1014 Deum
1760 990 1789 1015 et

966 1024 995 1052 in
1011 1025 1088 1059 Deo;
1106 1033 1193 1061 quem
1210 1025 1234 1054 si
1251 1027 1405 1062 amaveris,
1422 1036 1481 1055 non
1509 1029 1686 1064 peculiarem
1710 1040 1791 1059 amo-

967 1077 1038 1103 rem,
1055 1077 1108 1097 nec
1123 1070 1213 1106 (quod
1244 1070 1410 1099 mirabilius
1439 1072 1593 1107 videbitur)
1621 1075 1787 1109 generalem

966 1113 1100 1147 habebis,
1112 1115 1162 1142 sed
1178 1115 1274 1142 verius
1289 1115 1419 1144 totalem.
1436 1116 1465 1144 Si
1482 1117 1559 1144 enim
1577 1119 1692 1155 proprie
1713 1123 1789 1149 Deus

967 1161 1012 1186 est
1039 1161 1145 1193 totum,
1175 1167 1228 1195 per
1256 1167 1342 1195 quem
1371 1162 1451 1189 totus
1478 1161 1642 1199 universus,
1672 1165 1731 1192 sive
1760 1166 1789 1193 in

969 1204 1089 1236 mundo,
1106 1203 1166 1231 sive
1177 1212 1267 1240 supra
1281 1205 1437 1241 mundum,
1449 1207 1595 1242 apparuit,
1608 1208 1709 1237 totalis
1727 1218 1790 1238 om-

968 1248 1037 1275 nino
1053 1250 1105 1283 est,
1122 1249 1199 1276 sicut
1214 1249 1264 1276 Dei
1281 1257 1363 1277 amor
1377 1251 1413 1278 ad
1430 1259 1484 1279 nos
1498 1260 1600 1280 omnes
1617 1253 1676 1289 (qui
1689 1254 1790 1284 fideles

969 1301 1039 1320 suos
1051 1293 1114 1328 jam
1131 1301 1189 1321 non
1204 1302 1302 1322 servos
1317 1297 1410 1331 vocat,
1435 1296 1485 1323 sed
1513 1297 1616 1325 amicis
1635 1302 1791 1334 accenset),

970 1337 1012 1365 sic
1029 1338 1262 1374 uniuscujusque
1278 1339 1408 1367 fidelium
1425 1349 1507 1368 amor
1522 1341 1551 1369 in
1567 1350 1634 1370 eum
1658 1344 1790 1380 reﬂexus,

969 1382 1070 1410 totalis
1085 1385 1138 1417 est,
1155 1383 1225 1419 quia
1240 1384 1387 1420 integrum
1403 1385 1550 1421 objectum
1570 1387 1645 1423 ejus,
1671 1390 1700 1416 et
1725 1398 1790 1425 per-

971 1426 1045 1455 fecta
1061 1428 1183 1463 puritas.

1005 1607 1048 1634 50.
1066 1607 1191 1634 Sanctus
1206 1615 1274 1642 ergo
1290 1615 1415 1643 magnus
1442 1609 1604 1638 monachus
1632 1610 1682 1638 Dei
1707 1611 1791 1640 illum

87 1643 246 1693 όμοφόλους
275 1650 366 1689 φιλίαν
391 1647 463 1688 ἔχων
489 1649 598 1685 ὁλικὴν,
614 1648 709 1676 αὐτίκα
735 1649 803 1676 κατὰ
834 1648 914 1685 μετά-

973 1653 1033 1680 toto
1048 1652 1134 1679 corde
1161 1651 1297 1687 diligens,
1323 1652 1425 1686 sicque
1449 1653 1569 1681 totalem
1593 1663 1662 1691 erga
1689 1655 1793 1684 fratres

87 1692 163 1726 ϐασιν
193 1696 319 1725 εὔτακτον
348 1696 384 1726 ὡς
411 1695 519 1733 γενικὴν
549 1693 631 1728 αὐτὴν
656 1692 779 1730 πλουτεῖ,
796 1693 827 1721 οὔ
858 1694 911 1730 μὴν

88 1743 212 1781 μιρικήν.
229 1741 312 1770 Παντὶ
337 1740 388 1778 γὰρ
410 1739 547 1777 ἀνθρώπῳ
572 1738 733 1778 φιλουμένῳ
764 1738 809 1766 ὑπ’
833 1738 914 1766 αὐτοῦ

86 1788 249 1824 ἰπικάμπτει
278 1786 325 1814 τὸν
354 1785 430 1819 Θεὸν,
460 1784 496 1815 ὡς
534 1781 680 1820 λαμϐάνων
720 1782 818 1811 ἐκεῖθεν
852 1785 915 1819 πᾶν,

87 1833 152 1870 ὅπερ
182 1831 221 1862 ἃν,
239 1831 358 1866 αἰτῆται.
376 1829 426 1858 Καὶ
452 1828 523 1856 οὕτω
540 1827 636 1856 λοιπὸν
664 1828 713 1856 οὑκ
728 1828 915 1866 ἐστενοχωρη-

89 1879 173 1915 μινην
209 1876 254 1904 καὶ
291 1875 404 1913 μερικὴν
439 1873 531 1914 φιλίαν
566 1873 636 1911 ἔχει,
661 1875 827 1911 προσπαθῶς
854 1872 916 1909 περὶ

89 1921 172 1959 μόνον
199 1923 295 1949 τοῦτον
316 1920 334 1955 ἢ
359 1919 459 1947 ἐκεῖνον
487 1917 698 1954 διατεθειμένος·
724 1918 786 1946 ἀλλ’
812 1917 917 1955 ἐμπλα-

88 1968 193 1995 τύνεται
218 1966 278 1994 κατ’
293 1965 374 1993 αὐτὸν
397 1967 463 1992 πᾶσι
487 1966 545 1995 τοῖς
571 1965 621 1991 τοῦ
637 1965 714 1998 Θεοῦ,
730 1966 790 1994 τοῖς
815 1963 842 1991 ἐν
869 1962 919 1990 πό-

90 2013 158 2049 λεσι,
174 2014 236 2042 τοῖς
248 2010 274 2038 ἐν
289 2010 408 2047 κώμαις,
423 2011 482 2041 τοῖς
505 2008 530 2036 ἐν
558 2008 665 2046 ἀγροῖς,
692 2010 751 2039 τοῖς
780 2007 842 2045 περὶ
872 2008 920 2043 νή-

89 2068 162 2093 σους,
179 2057 265 2085 εἰπεῖν
289 2055 423 2089 συνόλως,
448 2056 507 2084 τοῖς
537 2051 677 2091 πανταχοῦ
704 2056 766 2090 γῆς,
793 2051 861 2080 ὅπου
891 2051 920 2080 ἃν

88 2099 287 2140 ἐπινεύσῃ-Ἵνα
312 2101 382 2128 θέσει
407 2099 451 2127 καὶ
476 2098 555 2130 αὐτὸς
582 2098 647 2129 Θεὸς
669 2097 716 2133 ὢν,
734 2096 844 2124 δύναιτο
876 2108 922 2133 φι-

89 2148 143 2176 λεῖν
174 2147 244 2184 πρὸς
273 2148 340 2174 Θεοῦ
371 2144 530 2182 ἐξομοίωσιν
553 2142 667 2177 όλικῶς,
682 2142 777 2170 αὐτίκα
808 2140 836 2169 δὲ
862 2145 925 2169 πως

89 2193 132 2221 καὶ
166 2194 296 2230 γενικῶς,
325 2191 383 2218 καθ’
409 2185 609 2217 ὑποκατάϐασιν
644 2186 673 2215 δὲ
704 2187 759 2223 ἤδη
793 2198 846 2215 που
879 2186 925 2215 καὶ

90 2240 230 2276 μερικῶς·
258 2236 281 2272 ᾧ
311 2234 344 2270 δὴ
372 2234 447 2274 λόγῳ
471 2233 516 2262 καὶ
539 2234 553 2261 ὁ
577 2233 677 2264 πάντας
707 2232 795 2273 φιλῶν
826 2232 924 2271 Κύριος

91 2282 177 2320 ἰφίλει
204 2282 248 2309 καὶ
274 2282 407 2314 τοπικῶς,
434 2278 507 2307 ἀλλά
535 2278 580 2306 καὶ
610 2277 740 2310 ἑνιαίως·
772 2277 810 2309 ὡς
839 2277 883 2305 καὶ
911 2280 925 2305 ὁ

970 1704 1098 1724 amorem
1114 1695 1236 1731 habens,
1253 1696 1353 1724 statim
1369 1699 1435 1732 post
1451 1697 1618 1733 ingressum
1635 1700 1793 1735 perfectam

971 1741 1057 1769 habet
1073 1740 1245 1775 amicitiam,
1273 1742 1373 1776 utpote
1401 1742 1578 1777 generalem,
1607 1752 1665 1772 non
1695 1747 1794 1772 autem

971 1785 1161 1822 peculiarem.
1181 1785 1223 1812 Ad
1254 1794 1371 1813 omnem
1401 1786 1579 1816 hominema
1594 1797 1625 1816 se
1654 1790 1794 1818 dilectum

971 1831 1063 1858 Deum
1073 1830 1205 1863 inclinat,
1222 1830 1271 1865 qui
1284 1830 1348 1858 fons
1360 1833 1404 1858 est
1416 1831 1575 1867 cujuslibet
1583 1833 1651 1862 doni
1662 1835 1793 1871 expetiti.

973 1876 1078 1912 Sicque
1096 1883 1153 1902 non
1169 1877 1325 1911 angustam
1341 1877 1369 1903 et
1385 1876 1527 1912 privatam
1537 1877 1624 1906 habet
1634 1880 1796 1908 amicitiam

974 1921 1047 1948 bene
1063 1928 1132 1956 erga
1147 1920 1226 1948 hunc
1242 1929 1333 1948 unum
1349 1923 1401 1948 aut
1416 1921 1506 1949 istum
1523 1922 1703 1959 dispositus;
1722 1926 1750 1953 in
1767 1934 1799 1954 se

975 1967 1073 1993 autem
1089 1964 1212 1993 includit
1228 1973 1330 1993 omnes
1345 1965 1421 1994 filios
1437 1967 1495 1999 Dei,
1521 1969 1584 1995 tum
1609 1968 1639 1996 in
1665 1969 1799 2004 urbibus,

975 2009 1084 2037 tumin
1108 2009 1191 2043 vicis,
1222 2009 1267 2037 vel
1291 2010 1321 2037 in
1351 2011 1440 2047 agris,
1469 2011 1512 2039 vel
1538 2012 1569 2039 in
1596 2013 1713 2048 insulis,
1743 2024 1801 2043 uno

978 2055 1064 2082 verbo
1080 2054 1190 2090 ubique
1205 2056 1349 2082 terrarum
1376 2063 1549 2092 quocunque
1578 2066 1609 2085 se
1631 2061 1743 2093 vertat;
1768 2061 1802 2087 ut

979 2098 1127 2135 proposito
1143 2098 1261 2126 habitus
1276 2098 1354 2126 sicut
1369 2099 1456 2133 Deus,
1473 2101 1567 2136 possit
1582 2101 1617 2128 ad
1633 2102 1801 2138 exemplum

980 2144 1030 2171 Dei
1046 2143 1231 2171 dilectionem
1249 2143 1381 2177 totalem,
1397 2152 1466 2171 mox
1480 2144 1568 2172 etiam
1584 2146 1750 2181 generalem
1762 2150 1803 2175 at-

981 2197 1037 2226 que
1052 2188 1140 2216 etiam
1152 2187 1328 2223 peculiarem
1348 2188 1377 2215 in
1400 2189 1544 2218 descensu
1561 2190 1665 2219 habere
1678 2200 1685 2225 ;
1700 2193 1802 2220 eadem

981 2233 1092 2262 ratione
1103 2241 1162 2269 qua
1171 2241 1273 2260 amans
1285 2241 1386 2261 omnes
1398 2234 1549 2269 Dominus,
1567 2239 1668 2272 gentes
1675 2239 1702 2264 et
1715 2237 1802 2265 etiam

982 2277 1114 2314 singulos
1130 2277 1264 2305 homines
1280 2278 1399 2306 amabat
1413 2280 1446 2306 ut
1461 2279 1556 2307 videre
1586 2282 1630 2308 est
1654 2281 1682 2308 in
1707 2281 1804 2318 Moyse

91 2327 271 2367 παμφίλητος
295 2327 415 2360 Μωϋσης
438 2322 612 2359 διαδείκνυσι,
632 2323 677 2350 καὶ
703 2323 717 2350 ὁ
742 2320 853 2361 ἔγγιστα
883 2329 918 2367 0e-

982 2323 1183 2356 dileclissimo;
1196 2322 1226 2350 in
1236 2323 1297 2350 viro
1309 2323 1439 2359 proxime
1452 2326 1507 2352 Deo
1518 2325 1806 2362 assimilatoproptcr

93 2364 219 2411 ραπεύων
250 2371 313 2399 Θεὸν
336 2373 386 2405 τῆς
408 2367 550 2408 καρτερίας
577 2368 657 2406 ἀνὴρ,
674 2369 687 2395 ό
703 2367 822 2403 Αὐσίτης
850 2364 923 2396 Ἱώϐ.

92 2418 144 2449 Οὓς
160 2417 208 2445 καὶ
225 2417 346 2454 μερικῶς
371 2414 444 2452 ὀρθῷ
458 2413 535 2452 λόγῳ
550 2413 639 2453 φιλεῖν
665 2411 776 2450 λὲγοιτο
792 2411 821 2440 ἂν
839 2413 852 2440 ὁ
869 2412 922 2441 Κύ-

93 2473 160 2501 ριος,
179 2460 230 2490 εἴτ’
250 2460 295 2488 οὖν
326 2457 446 2498 ἀκριϐῶς
475 2459 571 2493 εἰπεῖν,
587 2458 654 2486 κατὰ
681 2456 737 2485 ἕνα·
755 2458 851 2489 ὁποῖος
880 2457 924 2485 καὶ

93 2508 107 2536 ὁ
137 2508 178 2547 ἰφ¹
204 2507 328 2544 ἅρματος
372 2503 502 2543 ἀρπαγεῖς
548 2503 631 2540 μόνος
656 2501 760 2536 Ἠλίας,
789 2503 834 2530 καὶ
863 2503 877 2530 ὁ
900 2502 925 2539 ιε

94 2552 222 2580 ἁπάντων
255 2552 306 2586 εἷς,
331 2550 344 2578 ὁ
374 2549 411 2581 ὡς
439 2548 520 2580 αὐτὸς
546 2547 628 2585 μόνος
656 2548 754 2585 μείζων
783 2547 808 2575 ἐν
830 2558 925 2585 γεννη-

93 2600 151 2628 τοῖς
181 2597 335 2635 γυναικῶν,
365 2593 410 2622 καὶ
437 2594 452 2621 ὁ
480 2594 537 2621 κατ’
566 2591 700 2631 ἐξαίρετον
729 2592 926 2630 ἠγαπημένος,

96 2641 170 2671 ἀλλά
197 2651 229 2679 γε
256 2640 301 2668 καὶ
318 2637 544 2676 συνηγαπημένος
564 2637 643 2664 παντὶ
661 2639 779 2675 μερικῶς
796 2636 926 2673 ἐκλεκτῷ.

97 2687 134 2715 0‘3
163 2686 216 2724 γὰρ
241 2686 275 2721 τῇ
301 2685 399 2721 μιρικῇ
424 2681 504 2722 φιλίᾳ
525 2681 671 2718 δήπουθεν,
686 2683 720 2718 τῇ
743 2682 801 2714 καθ’
817 2680 928 2709 ἕκαστον

97 2729 235 2764 τοιοῦτον,
261 2726 425 2764 ξκϐἐϐληται
447 2729 464 2763 ἡ
490 2729 589 2759 κοινῶς
612 2725 705 2763 ὁλική.
731 2727 798 2756 Elui
823 2725 855 2762 δή
882 2737 927 2763 μοι

97 2775 142 2803 καὶ
165 2775 210 2811 σὺ,
226 2775 250 2803 ὧ
273 2774 333 2802 καθ’
349 2773 429 2810 ὴμῶν
452 2774 506 2801 τῶν
530 2771 658 2801 τιλωνῶν
684 2774 815 2811 Φαρισαῖε
845 2782 929 2810 μιγα-

141 2885 167 2905 “
182 2883 289 2915 Matth.
304 2891 345 2920 ιι,
360 2883 406 2913 li.

979 2368 1164 2405 patientiam,
1180 2367 1234 2395 Job
1250 2367 1284 2395 de
1295 2369 1373 2395 terra
1388 2368 1467 2403 Hus;
1485 2377 1559 2404 quos
1574 2377 1640 2397 vere
1664 2370 1806 2406 peculiari

980 2421 1089 2447 amore,
1107 2413 1167 2440 sive
1182 2413 1280 2440 verius
1290 2412 1435 2449 singulari
1451 2414 1597 2442 amavisse
1612 2415 1689 2443 Deus
1704 2416 1806 2444 dicen-

981 2459 1036 2486 dus
1051 2457 1207 2486 estzTalis
1219 2457 1308 2485 etiam
1325 2460 1353 2485 et
1382 2457 1460 2486 Elius
1490 2461 1563 2492 erat,
1592 2463 1695 2496 raptus
1724 2461 1806 2490 solus

981 2504 1010 2531 in
1027 2511 1135 2531 curru:
1152 2501 1241 2531 etille
1257 2511 1345 2538 super
1374 2511 1476 2531 omnes
1506 2504 1555 2540 qui
1581 2505 1727 2534 maximus
1753 2506 1807 2534 fuit

982 2548 1088 2575 «inter
1108 2549 1192 2576 natos
1218 2547 1375 2575 mulierum
1392 2548 1424 2581 η,
1442 2550 1501 2576 net
1524 2549 1574 2585 qui
1603 2549 1670 2586 plus
1694 2551 1806 2579 caeteris

982 2592 1170 2629 diligebatur,
1187 2594 1216 2620 et
1230 2601 1289 2620 una
1313 2600 1380 2620 cum
1396 2593 1508 2622 cmteris
1533 2595 1720 2631 peculiariter
1748 2596 1806 2624 ele-

982 2638 1037 2666 ctis
1067 2638 1230 2666 amabatur.
1261 2638 1321 2666 Ista
1361 2638 1438 2666 enim
1479 2639 1635 2675 peculiaris
1677 2641 1807 2669 amicitia

982 2691 1051 2720 erga
1066 2682 1234 2717 nonnullos,
1251 2691 1437 2712 communem
1461 2693 1531 2722 erga
1559 2685 1710 2714 universos
1741 2693 1807 2721 pro-

983 2728 1056 2756 fecto
1073 2736 1131 2755 non
1147 2727 1328 2755 excludehat.
1357 2728 1407 2756 Dic
1430 2729 1513 2764 mihi,
1531 2739 1547 2758 ο
1563 2731 1715 2764 Pharisee,
1741 2729 1807 2757 ﬁmo

983 2774 1062 2803 brios
1077 2772 1204 2802 maxime
1221 2772 1414 2810 magniﬁcans
1429 2777 1530 2804 contra
1545 2784 1599 2804 nos
1622 2774 1806 2812 publicanos,
