2002 3158
91 183 150 213 ’173

596 182 648 212 DE
669 180 917 212 EMENDANDA
939 180 1031 210 VITA
1053 179 1294 210 MONAGHICA.

1740 184 1800 214 774

91 248 210 287 ἀγάπης,
241 248 273 276 τὸ
289 247 328 285 δὶ,
354 245 396 275 ὅτι
421 247 467 274 τὸν
495 246 580 284 μέγαν
601 246 646 274 καὶ
675 248 783 285 πρῶτον
813 245 919 284 Πατέρα

990 253 1042 273 lem
1058 245 1087 274 in
1113 248 1170 274 Deo
1196 254 1345 281 amorem;
1373 248 1544 282 secundum,
1571 249 1640 284 quia
1655 257 1796 287 maguum

91 293 268 330 κοινο’3μεθα”
282 293 314 321 τὸ
331 292 360 320 δὲ
373 291 474 330 τρίτον,
499 292 540 319 ὅτι
570 290 713 326 ἀλλήλους
736 291 920 329 ἀναγεννῶμεν

91 339 123 366 τὰ
145 340 217 373 Θεῖα,
235 339 258 366 αἱ
273 338 318 365 τὸν
333 339 381 365 τοῦ
397 339 463 365 Θεοῦ
483 334 567 375 φόϐον
595 333 835 373 συλλαμϐάνοντες
858 333 922 362 ὠδί-

92 394 187 420 νομεν,
214 382 260 410 καὶ
288 382 415 419 τίκτομεν
445 381 582 418 σωτηρίας
608 383 725 418 πνεῦμα,
752 378 864 411 ἕκαστος
876 380 921 407 τὸν

90 428 211 464 πλησίον
238 427 453 467 ἒπωφελοῦντες·
477 427 522 454 ὅτε
544 425 619 453 καὶὸ
636 426 683 462 μὲν
698 424 813 464 ὠφελῶν
842 423 923 463 φίλος

90 473 181 510 πατὴρ
205 472 236 499 71v
262 471 402 509 λογίζοιτο
431 469 476 498 διὰ
499 470 530 498 τὸ
552 471 609 498 κατ’
630 470 726 508 ἀρετὴν
739 467 893 508 πρεσϐεῖον,
910 469 924 495 ὁ

90 517 118 546 δὲ
132 517 331 557 ὠφελούμενος
349 516 388 548 εἷς
401 517 493 544 τὲκνον
509 515 646 543 tinnire.

126 608 176 646 νγ’.
206 608 301 644 Ἔχεις
316 605 376 633 ῗδοὺ
395 605 440 633 καὶ
463 604 596 643 δευτέραν,
623 605 645 632 ὧ
671 603 781 642 ἀδελφὲ,
810 606 859 638 τῆς
878 613 925 639 με·

93 654 172 690 ρικῆς
202 651 296 691 φιλίας
322 650 482 686 ἀνάπτυξιν·
508 649 553 677 καὶ
583 649 689 687 γένοιτό
724 659 766 676 σοι
796 647 826 676 ἔκ
859 649 925 675 Θεοῦ

93 697 223 725 ἰπίπνοια
242 720 249 732 ,
294 696 526 732 καταπράττεσθαι
563 694 593 722 τὸ
632 694 720 725 οὕτως
760 691 926 730 ὁλοκλήρως

91 742 214 781 φιλικόν.
248 739 377 779 Εἷίχομαι
395 739 423 768 δὲ
437 742 518 767 τοῦτο
534 739 583 766 οὐκ
599 739 637 770 είς
668 739 767 775 μάτην,
795 736 859 765 ἀλλ’
885 736 926 764 ὅτι

95 786 191 825 eum
207 786 256 817 τὰς
285 786 310 813 ἐν
334 788 393 816 τοῖς
418 785 485 812 κατὰ
502 784 530 811 σε
545 783 731 823 ἀδελφότητας
759 782 926 822 φιλουμὲνας

91 832 160 860 κατᾶ
175 832 271 869 μέρος·
296 830 340 858 καὶ
357 829 421 856 αὐτὸ
448 828 511 866 οὐχὶ
540 827 698 866 ἀδρομερὲς,
729 826 798 854 me
829 828 927 865 μικροῦ

96 877 205 914 ἀμερὲς.
235 875 271 902 Τὸ
305 873 334 902 δὲ
367 873 465 908 αἶ’τιον,
500 873 540 900 ὅτι
572 871 714 909 δυσμελῶς
744 872 866 908 ἁρμόττῃ
897 871 927 898 τὸ

97 921 247 960 σῦμφωνον
263 921 311 947 τοῦ
326 917 467 957 τριαδικοῦ
491 919 539 952 τῆς
564 919 666 955 ψυχῆς,
695 919 742 944 τοῦ
759 927 788 943 τε
816 915 842 943 ἐν
873 915 926 950 σοὶ,

95 966 206 993 καὶτοῦ
230 965 300 992 κατὰ
313 964 363 998 τὴν
388 962 569 1002 ἀδελφότητα
586 961 632 989 καὶ
647 960 709 989 οὔτε
731 960 794 991 τοὺς
824 960 928 996 θυμοὺς

101 1012 222 1048 μετρεῖς,
239 1010 277 1040 ὡς
302 1008 429 1045 ἀνωτέρω
456 1007 599 1044 ἐλέγομεν,
626 1005 687 1033 οὕτε
715 1009 763 1036 τὰς
788 1004 930 1041 ἰπιθυμίας

102 1052 296 1092 συμϐιϐάζεις,
324 1053 361 1084 ὡς
386 1053 400 1080 ὁ
423 1052 512 1079 κανὼν
544 1051 682 1089 βούλεταί·
710 1050 755 1078 καὶ
780 1050 810 1077 τὸ
839 1049 929 1077 κοινὸν

100 1099 128 1127 δὶ
143 1099 259 1137 λογικὸν
277 1097 303 1125 ἐν
319 1099 387 1134 ἡμῖν
402 1097 572 1135 τετάρακται·
598 1095 643 1123 καὶ
670 1095 701 1122 οὐ
728 1095 865 1132 κατέχεις,
889 1094 930 1121 ὅτι

101 1145 150 1173 οὐκ
165 1143 238 1171 ἔστιν
263 1141 325 1170 οὔτε
350 1141 513 1179 ἀδελφότης,
548 1139 610 1168 οὔτε
635 1139 723 1179 φιλία,
753 1138 814 1167 οὔτε
841 1149 931 1167 κοινο-

102 1187 229 1227 ϐιαρχία,
247 1185 310 1215 οὔτε
325 1185 397 1222 ἄλλη
414 1197 455 1217 τις
468 1185 595 1213 κοινωνία
611 1184 666 1222 (καὶ
689 1185 721 1211 οὐ
747 1183 817 1222 λέγω
848 1181 929 1220 μὸνον

100 1235 148 1268 τὴν
184 1232 384 1269 πνευματικὴν,
419 1229 492 1258 ἀλλᾶ
519 1229 563 1257 καὶ
592 1231 677 1256 πᾶσαν
706 1227 836 1265 ἓτεροίαν)
857 1227 882 1255 ἐν

102 1279 150 1306 οὐκ
165 1277 238 1305 ἔστιν
272 1276 364 1311 ἰσότης
392 1275 518 1312 ἕλλογος,
549 1274 594 1301 καὶ
620 1275 638 1308 ἡ
654 1273 771 1301 ἐντεῦθεν
792 1272 930 1310 ΐσηγορία.

102 1324 138 1352 Τὸ
153 1323 207 1361 γὰρ
238 1321 368 1358 ἀνόμοιον
392 1320 438 1348 καὶ
467 1320 556 1347 ἄνισον
586 1318 749 1356 συγχυτικὸν
779 1319 930 1355 πανταχοῦ,

103 1369 147 1396 ὅτε
173 1368 213 1404 μή
238 1366 308 1394 κατὰ
320 1364 402 1402 λόγον
432 1363 616 1398 ἀποτελεῖται,
646 1363 675 1390 ὃν
693 1361 802 1390 δύναται
822 1361 867 1399 μέν
891 1373 933 1394 τις

103 1413 147 1441 καὶ
172 1411 357 1450 γεωμετρικὸν
383 1410 479 1444 είπεῖν,
510 1409 539 1440 ὃς
567 1408 592 1435 ἔν
617 1407 759 1444 ἀνομοίοις
782 1406 933 1443 ὁμοιότητα

104 1457 246 1495 φυλάττιι·
278 1455 396 1492 μάλιστα
423 1453 451 1481 δὲ
472 1453 564 1484 καλῶς
589 1451 618 1480 ἂν
638 1451 709 1480 εἷ’ποι
738 1451 931 1488 πνευματικὸν,

104 1502 144 1530 ὅτι
159 1501 206 1529 καὶ
223 1499 418 1532 ἀποστολικὸν,
434 1498 464 1525 οὗ
480 1498 581 1535 θεωρία
606 1497 652 1524 καὶ
678 1494 720 1523 τό·
739 1507 753 1523 ‹‹
774 1496 820 1530 Μὴ
838 1496 932 1526 πάντες

103 1545 265 1580 ἀπόστολοι,
293 1557 307 1570 ››
331 1543 423 1571 καὶτὰ
451 1542 525 1579 ἑξῆς·
551 1541 616 1580 ὅπερ
631 1541 676 1568 καὶ
705 1541 736 1568 σὺ
753 1540 781 1568 εὖ
802 1538 893 1573 statim,
909 1538 932 1566 ὧ

106 1589 330 1629 μεγαλομόναχε,
360 1589 435 1625 ὅμως
460 1588 491 1615 οὗ
517 1586 592 1619 θὲλες
618 1582 784 1623 ἐξακριϐοῦν·
800 1584 848 1617 ὡς,
879 1594 932 1621 ειγε

977 292 1004 318 et
1019 291 1147 326 primum
1163 293 1275 326 patrem
1302 291 1443 319 habemus
1465 300 1668 329 communem;
1686 298 1714 323 et
1739 299 1796 324 ter-

976 335 1062 368 tium,
1079 336 1148 371 quia
1170 335 1218 363 alii
1235 335 1308 364 alios
1334 337 1363 363 in
1379 337 1485 365 divinis
1510 338 1596 366 rebus
1613 347 1797 375 generamus,

978 380 1001 407 si
1018 380 1154 408 timorem
1173 381 1219 408 Dei
1236 381 1443 417 concipientes,
1459 382 1680 417 ingemiscimus
1695 388 1723 412 et
1735 394 1799 421 par-

977 426 1105 453 turimus
1119 425 1257 461 spiritum
1273 426 1387 459 salutis,
1400 427 1524 463 quisque
1539 428 1704 464 proximum
1716 431 1800 466 adju-

978 472 1080 498 vantes
1095 478 1101 497 ε
1119 471 1236 506 quando
1263 471 1311 506 qui
1329 472 1446 506 adjuvat
1472 481 1505 500 ex
1520 472 1604 500 senili
1630 474 1735 502 virtute
1752 484 1803 511 pa-

979 516 1023 542 ter
1051 515 1186 542 amabilis
1214 515 1270 543 dici
1300 518 1404 552 potest,
1433 519 1462 544 et
1488 517 1537 552 qui
1567 518 1723 553 adjuvetur
1750 528 1803 555 pro

979 557 1038 585 filio
1052 558 1191 594 reputari.

1014 603 1059 630 53.
1076 604 1147 631 Ecce
1160 612 1264 631 novam
1280 603 1381 637 babes,
1398 605 1437 632 mi
1464 605 1561 639 frater,
1579 606 1710 642 partialis
1727 609 1804 636 ami-

980 647 1054 675 citiae
1080 648 1291 684 deﬁnitionem,
1307 651 1335 676 et
1360 649 1472 677 utinam
1494 653 1523 678 te
1540 651 1614 678 Deus
1630 651 1752 687 inspiret
1768 654 1804 682 ad

981 693 1153 719 servandam
1170 692 1250 720 illam
1266 693 1458 721 universalem
1471 694 1642 723 amicitiam.
1652 697 1732 728 Quod
1746 706 1803 726 non

981 738 1048 772 opto
1073 736 1102 764 in
1127 745 1256 771 vanum;
1273 737 1380 765 etenim
1405 738 1489 767 video
1514 739 1617 768 fratres
1647 743 1713 769 tuos
1738 750 1805 777 par-

981 782 1045 814 tim,
1063 790 1120 809 non
1142 790 1250 818 magna
1265 790 1298 810 ex
1321 785 1413 818 parte,
1430 783 1481 810 sed
1499 784 1571 811 forte
1594 785 1684 819 nulla,
1702 787 1804 814 amari.

981 826 1075 853 Causa
1090 828 1135 853 est
1149 826 1321 863 discrepans
1346 828 1500 856 concordia
1525 829 1613 856 trium
1631 830 1805 859 facultatum

983 871 1096 906 animm,
1113 873 1169 898 tuae
1185 872 1316 907 quidem,
1338 874 1367 899 et
1382 872 1504 900 fratrum
1520 875 1637 901 tuorum
1656 882 1662 902 :
1680 883 1732 903 nec
1747 876 1808 903 ira-

983 915 1085 942 scibile
1102 916 1208 951 frenas,
1223 918 1256 943 ut
1281 925 1369 952 supra
1394 917 1532 951 diximus,
1549 927 1600 946 nec
1626 921 1808 956 concupisci-

984 959 1042 987 bile
1057 960 1221 996 componis,
1236 962 1267 987 ut
1278 961 1407 996 postulat
1420 961 1539 997 regula;
1557 971 1624 990 nam
1641 966 1808 994 communis

985 1004 1059 1032 ratio
1088 1004 1117 1032 in
1147 1005 1232 1032 nobis
1261 1006 1435 1033 conturbata
1461 1010 1504 1034 est
1530 1016 1537 1040 ;
1568 1015 1619 1035 nec
1648 1009 1810 1038 recordaris

985 1049 1088 1077 abesse
1101 1049 1325 1083 fraternitatem,
1342 1053 1369 1077 et
1394 1050 1564 1085 amicitiam,
1581 1054 1610 1080 et
1623 1053 1713 1081 vitam
1730 1062 1810 1082 com-

986 1101 1116 1128 munem,
1133 1096 1162 1121 et
1181 1102 1389 1130 quamcunque
1413 1096 1664 1131 communitatem,
1682 1099 1750 1134 (non
1767 1108 1812 1127 so-

986 1138 1044 1166 lam
1066 1137 1128 1166 dico
1153 1138 1347 1174 spiritualem,
1374 1140 1423 1167 sed
1449 1140 1609 1175 quamlibet
1633 1141 1743 1179 aliam),
1761 1144 1811 1171 ubi

986 1184 1067 1211 deest
1082 1182 1264 1211 rationabilis
1285 1183 1445 1220 aequalitas,
1470 1184 1599 1221 itemque
1623 1186 1762 1222 loquendi
1778 1188 1811 1216 li-

986 1228 1094 1255 bertas.
1108 1228 1175 1260 Qua:
1187 1228 1264 1255 enim
1275 1228 1388 1256 diversa
1396 1231 1424 1256 et
1439 1229 1594 1266 inaequalia
1605 1234 1684 1267 sunt,
1695 1241 1811 1269 semper

987 1272 1202 1307 disturbantur,
1224 1273 1281 1300 nisi
1308 1273 1480 1301 ordinentur
1503 1274 1614 1303 ratione
1639 1284 1726 1312 quam
1743 1286 1810 1314 geo-

987 1317 1140 1345 metricam
1165 1317 1270 1353 aliquis
1293 1320 1387 1353 potest
1410 1317 1506 1347 dicere
1529 1319 1754 1350 similitudinem
1781 1323 1810 1351 in

987 1361 1182 1389 dissimilibus
1197 1362 1361 1397 :servatam,
1378 1365 1407 1390 et
1432 1364 1557 1392 maxime
1579 1366 1760 1401 spiritualem
1784 1370 1812 1396 et

988 1406 1188 1442 apostolicam,
1214 1407 1300 1442 cujus
1325 1407 1386 1435 haec
1411 1410 1456 1436 est
1479 1409 1612 1438 theoria:
1630 1411 1722 1439 «Non
1748 1421 1811 1440 0m-

987 1459 1039 1479 nes
1055 1450 1221 1486 apostoli,»
1245 1453 1273 1478 et
1296 1451 1407 1487 reliqua
1418 1453 1459 1486 ’1;
1485 1454 1563 1488 quod
1589 1455 1698 1490 optime
1723 1457 1810 1491 nosti,

987 1503 1003 1523 ο
1033 1503 1139 1531 magne
1169 1496 1320 1530 monacho,
1351 1496 1489 1531 perficere
1517 1500 1614 1526 autem
1642 1508 1698 1527 non
1729 1501 1771 1528 vis
1802 1510 1809 1530 :

986 1547 1065 1573 nam,
1089 1540 1117 1566 te
1140 1539 1261 1574 volente,
1278 1547 1397 1568 necesse
1420 1543 1483 1569 erat
1506 1542 1667 1577 quemlibet
1692 1545 1810 1572 obvium

987 1584 1117 1616 fratrem,
1134 1585 1167 1610 ul:
1182 1583 1274 1618 decet,
1291 1592 1307 1611 a
1321 1586 1348 1611 te
1365 1585 1463 1619 statui,
1480 1586 1529 1613 ubi
1545 1587 1706 1621 oportebat.

105 1625 169 1664 ξιῦέδ
207 1625 324 1669 ἤθιλέξ,
362 1636 448 1671 ἳχρῆν
486 1642 516 1659 σε
551 1631 772 1670 προσφερόμενον
810 1629 920 1662 ἅπασιν,
957 1627 994 1658 ὡς
1032 1625 1161 1664 ἔπρεπεν,
1200 1627 1379 1663 ἀποκαθιστᾷν
1421 1626 1534 1656 ἕκαστον
1574 1628 1708 1668 ἀδελφὸν,
1749 1630 1813 1664 ἔνθα

107 1680 172 1709 ἔδει.

141 1723 191 1753 νδ¹.
208 1723 311 1754 Πάντες
334 1722 363 1750 δὲ
387 1720 428 1749 δεῖ
451 1722 497 1749 τὸν
529 1721 577 1758 μὲν
608 1719 674 1757 μετὰ
697 1719 795 1757 ἀρετῆς
819 1727 933 1755 πρακτι-

1024 1717 1068 1744 54.
1085 1718 1203 1752 Oportet
1226 1717 1311 1753 plane
1331 1718 1474 1753 optimum
1500 1719 1665 1755 operarium
1689 1723 1816 1758 negotiis

107 1771 153 1797 κὸν
179 1768 377 1806 ἐγκαθιστάνειν
419 1769 478 1797 τοῖς
516 1766 743 1803 μοναστηριακοῖς
784 1763 935 1801 πράγμασι,

107 1815 152 1842 τὸν
181 1812 212 1841 δὲ
241 1811 372 1840 δοκοῦντα
397 1811 444 1848 μὲν
473 1810 578 1845 εὐφυῶς
593 1808 666 1847 ἔχειν
695 1806 851 1846 ἐπιπρέπειν
867 1806 937 1845 ἔργῳ

107 1858 237 1894 τοιούτῳ,
270 1858 354 1894 μήπω
368 1855 397 1884 δὶ
410 1855 641 1894 πληροφοροῦντα
668 1853 717 1888 τὴν
740 1852 868 1888 τοιαύτην
889 1850 937 1878 δό-

108 1914 199 1939 κησιν,
220 1900 399 1939 παραδιδόναι
429 1902 469 1936 τῷ
494 1899 552 1927 κατ’
577 1899 674 1936 ἀρετὴν
703 1899 884 1936 πραγματικῷ
910 1895 936 1923 ἐν

108 1951 170 1980 τοῖς
197 1947 263 1983 ἔξω·
288 1945 335 1974 ’ίνα
361 1944 567 1983 συνεζευγμένος
599 1942 701 1979 ἐκείνῳ,
731 1942 774 1969 οἷα
798 1941 842 1970 καὶ
873 1939 937 1979 βοῦς

110 1992 258 2030 ἀπείρατος
300 1989 447 2028 ιργατείας,
494 1988 614 2025 μανθάνῃ
658 1988 834 2025 συγγεωργεῖν
849 1995 855 2001 ·
893 1985 939 2013 καὶ

113 2038 208 2074 μαθὼν
240 2037 288 2073 μὲν
317 2033 484 2072 ἀποκαχθιίη
501 2033 546 2060 καὶ
562 2032 643 2064 αὐτὸς
672 2031 699 2062 ἐς
715 2032 778 2068 βοῦν
800 2030 938 2069 ἐργατικὸν

112 2073 289 2110 διδάσκαλον·
317 2078 437 2115 σκληρὸς
474 2077 502 2105 δὶ
532 2074 661 2111 ἀπεκϐας,
689 2076 726 2107 ὡς
753 2075 798 2102 καὶ
826 2073 939 2113 ἄροτρον

112 2123 277 2163 συντρίϐειν,
300 2124 346 2152 καὶ
372 2123 474 2161 ἅμαξαν
489 2121 635 2158 κατακλᾷν,
661 2121 706 2148 καὶ
722 2119 808 2151 οὕτως
829 2120 939 2157 ἀχρεῖος

114 2172 193 2205 εἶναι,
222 2169 382 2207 ἐπιταχθείη
410 2167 482 2195 ἄλλο
507 2178 534 2194 τι
563 2165 639 2204 ἔργον
666 2168 765 2198 ποιεῖν,
793 2163 828 2192 δι’
844 2163 874 2191 οὗ
903 2164 940 2200 μὴ

114 2215 172 2254 ἔχει
192 2214 323 2252 βλάπτειν
336 2214 367 2241 τὸ
398 2212 590 2250 μοναστήριον·
614 2210 644 2238 οὐ
675 2210 728 2246 μὴν
761 2209 832 2236 οὕτω
861 2207 944 2244 σκλη-

115 2253 329 2298 ροροτράχηλον
345 2256 530 2295 ἑληλιγμὲνον
549 2254 714 2292 ὑπερτιθὲναι
741 2253 785 2282 καὶ
811 2256 945 2292 προτιμᾶ-

115 2306 176 2332 σθαι
193 2306 242 2331 τοῦ
265 2303 417 2340 ταλαεργοῦ
432 2301 477 2328 καὶ
504 2300 643 2338 σώφρονος
671 2298 772 2326 ἐκείνου
804 2299 878 2336 βοὸς,
908 2298 944 2329 ὠς

116 2350 197 2377 αὐτὸν
228 2349 274 2385 μὶν
305 2348 470 2385 παρατηρεῖν
496 2346 720 2383 καταγνωστικῶς
737 2368 744 2380 ,
771 2345 810 2380 τῷ
842 2342 870 2370 δὶ
898 2344 945 2370 xa-

991 1761 1162 1789 monasterii
1187 1770 1218 1790 se
1242 1762 1399 1798 applicare,
1426 1763 1637 1801 hominemque
1662 1765 1712 1802 qui
1728 1769 1816 1796 natus

991 1807 1106 1834 videtur
1120 1807 1154 1833 ad
1182 1806 1241 1834 haec
1257 1815 1345 1843 opera
1369 1815 1506 1844 prospere
1530 1810 1653 1846 agenda,
1678 1810 1719 1838 illi
1737 1812 1816 1847 operi

993 1859 1023 1879 se
1039 1851 1192 1885 addicere;
1206 1859 1332 1888 eumque
1344 1852 1394 1888 qui
1409 1852 1484 1880 hanc
1495 1861 1576 1889 spem
1589 1862 1645 1882 non
1661 1855 1754 1890 aﬂ‘ert,
1768 1865 1818 1892 op-

992 1896 1064 1924 timo
1080 1896 1211 1932 operario
1235 1896 1266 1924 in
1290 1897 1377 1925 rebus
1402 1898 1595 1927 exterioribus
1620 1900 1754 1936 tradere;
1771 1902 1818 1930 cui

994 1940 1160 1977 colligatus,
1178 1943 1210 1968 ut
1225 1941 1277 1969 bos
1293 1942 1395 1970 arandi
1420 1943 1548 1978 nescius,
1575 1945 1669 1973 discat
1685 1954 1744 1974 una
1759 1955 1821 1974 ara-

995 1993 1034 2012 re.
1061 1985 1094 2012 Et
1117 1993 1182 2013 cum
1213 1986 1362 2019 didiceret,
1394 1987 1457 2022 ipse
1482 1990 1514 2015 ut
1543 1989 1598 2016 hos
1627 1990 1741 2026 operari
1770 1991 1821 2019 do-

995 2038 1065 2058 cens
1094 2032 1265 2064 statuetur;
1294 2039 1309 2058 e
1335 2033 1437 2059 contra
1466 2041 1529 2060 cum
1559 2033 1695 2062 indoctus
1723 2043 1822 2062 evase-

995 2074 1043 2108 rit,
1066 2074 1106 2101 ita
1130 2076 1164 2102 ut
1186 2076 1318 2102 aratrum
1347 2076 1520 2112 confringet,
1547 2077 1712 2113 plaustrum
1741 2087 1822 2106 rum-

997 2120 1057 2155 pat,
1073 2120 1101 2146 et
1125 2119 1163 2146 sit
1186 2118 1311 2152 inutilis,
1337 2120 1371 2147 ad
1397 2119 1515 2156 aliquod
1540 2121 1617 2148 aliud
1645 2130 1720 2158 opus
1744 2122 1821 2149 ordi-

997 2163 1126 2195 nabitur,
1155 2171 1172 2190 a
1196 2171 1253 2199 quo
1284 2163 1493 2192 detrimentum
1523 2166 1734 2194 monasterium
1765 2175 1822 2194 non

998 2208 1103 2244 capiat.
1126 2208 1224 2244 Neque
1248 2207 1410 2237 indomitus
1440 2209 1492 2237 bos
1522 2211 1744 2246 anteponendus
1768 2213 1823 2246 est,

1000 2255 1028 2281 et
1049 2252 1143 2289 magis
1166 2253 1368 2288 honorandus,
1394 2262 1481 2290 quam
1509 2254 1558 2282 ille
1586 2255 1698 2291 peritus
1725 2257 1753 2283 et
1778 2264 1824 2283 sa-

1000 2298 1095 2334 piens,
1125 2297 1166 2325 ita
1191 2299 1222 2325 ut
1251 2299 1441 2333 posteriorem
1473 2300 1727 2327 condemnandum
1752 2308 1827 2335 pone

1002 2343 1148 2374 observes,
1170 2342 1356 2378 prioremque
1380 2343 1508 2376 emittas,
1526 2352 1620 2380 neque
1650 2345 1704 2372 hoc
1729 2345 1826 2380 modo,

116 2394 229 2432 κοῦργῳ
258 2391 353 2428 ἐκείνῳ
375 2391 476 2429 ἐφιέναι
503 2390 536 2418 τὰ
560 2389 703 2428 γεωργικά·
735 2387 784 2415 οὐκ
811 2388 876 2416 αὐτὸ
902 2389 934 2425 μό

1003 2387 1052 2414 sed
1069 2395 1135 2414 cum
1152 2387 1248 2415 videas
1264 2387 1293 2415 in
1306 2396 1372 2415 area
1388 2388 1557 2424 saltantem,
1569 2398 1625 2417 non
1642 2390 1829 2418 triturantem

117 2450 172 2472 νον,
203 2437 277 2465 ὀλλὰ
291 2437 336 2464 καὶ
365 2437 494 2474 περιορᾷν
522 2435 623 2462 ἐκεῖνον
650 2434 870 2470 κατασκιρτῶντα
901 2436 949 2467 τῆς

118 2481 226 2515 ἀλωῆς,
249 2479 311 2508 οὕτε
337 2479 473 2514 ἀλοῶντα,
502 2480 539 2510 ὡς
566 2478 604 2514 μὴ
631 2478 716 2516 φιμοῦ
745 2475 860 2508 δέεσθαι,
878 2474 950 2504 ἀλλὰ

120 2527 179 2561 εἰκῆ
209 2524 386 2557 κατεσθίοντα
426 2524 461 2551 τὰ
500 2521 654 2560 δράγματα,
692 2519 753 2548 οὔτε
782 2520 952 2559 ἀπεχόμενον

119 2574 168 2600 τοῦ
192 2570 355 2607 σπαράττειν
374 2569 406 2596 τὸ
429 2567 564 2607 τρόφιμον
596 2566 641 2594 σὺν
667 2567 707 2602 τῷ
733 2564 779 2592 καὶ
805 2564 955 2601 διμύνεο-(ὓαι

119 2617 241 2655 κέρασιν,
259 2615 286 2643 εἷ’
307 2624 349 2645 τις
372 2612 555 2652 προσπιλάσιι
582 2610 682 2643 ιθὲλων
708 2608 878 2637 ἀποκωλύειν
905 2611 954 2637 τοῦ

121 2658 358 2699 καταϐιϐρώσκιιν
373 2659 408 2686 τὰ
421 2661 472 2693 τῆς
490 2660 586 2694 μονῆς.

155 2707 202 2735 ve’.
234 2697 285 2733 Καὶ
313 2703 397 2742 ιχρῆν
426 2703 473 2740 μὲν
501 2701 574 2730 οὕτω
601 2699 746 2738 γίνεσθαι,
774 2699 812 2730 ὡς
841 2697 953 2737 ἴφῦμενο

121 2752 153 2780 οὐ
179 2752 287 2790 γίνεται
317 2747 355 2776 δὲ.
386 2747 434 2776 Διᾶ
462 2747 510 2782 τί;
532 2747 594 2776 Ὅτι
610 2747 660 2781 τῆς
677 2743 783 2775 ἅλωνος
800 2742 956 2779 ἀπελαθεὶς,

158 2860 178 2879 ¹¹
197 2859 209 2888 Ι
223 2860 290 2886 Cor.
306 2865 358 2893 ut,
372 2856 418 2886 29.

1006 2434 1037 2459 ut
1065 2441 1097 2459 os
1123 2431 1234 2467 alligari
1265 2441 1321 2459 non
1352 2433 1391 2460 sit
1419 2441 1548 2467 necesse,
1579 2435 1630 2462 sed
1660 2435 1827 2471 manipulos

1005 2476 1118 2512 passim
1153 2478 1332 2512 carpentem,
1362 2486 1379 2505 a
1414 2477 1478 2506 cibo
1516 2478 1627 2507 edendo
1666 2487 1723 2507 non
1754 2479 1828 2507 desi-

1007 2523 1144 2555 stentem,
1161 2523 1190 2549 et
1211 2522 1348 2550 cornibus
1373 2524 1560 2557 avertentem,
1586 2524 1611 2551 si
1636 2524 1703 2560 quis
1718 2524 1830 2553 accedit

1008 2573 1044 2594 ne
1057 2566 1134 2594 bona
1148 2567 1318 2595 monasterii
1332 2567 1492 2604 disperdat,
1508 2568 1715 2604 impediturus.

1045 2701 1090 2729 55.
1108 2701 1148 2729 Ita
1163 2701 1225 2730 fieri
1236 2702 1399 2737 oportebat,
1414 2701 1582 2731 utdiximus
1596 2716 1603 2738 ;
1621 2710 1673 2732 nec
1684 2704 1780 2731 tamen
1793 2701 1833 2730 fa-

1012 2748 1091 2774 ctum
1107 2749 1161 2775 est.
1188 2746 1279 2779 Quam
1304 2747 1340 2775 ob
1366 2748 1514 2777 causam?
1541 2748 1610 2785 quia
1640 2756 1674 2776 ex
1696 2755 1764 2776 area
1780 2755 1832 2784 pro
