2018 3158
208 144 268 174 7'15

595 139 805 171 EUSTBA’I‘II
827 137 1215 171 THESSALONICENSIS
1238 139 1532 171 METROPOLITAS

1869 143 1926 173 ’Πϐ

210 209 326 246 pulsus,
347 207 384 235 ad
409 209 436 235 te
463 205 648 242 confugiens,
677 205 717 233 mi
747 205 846 239 frater,
876 205 1029 240 postquam

1089 203 1134 232 καὶ
1163 204 1202 236 εἰς
1232 206 1261 233 cl
1281 204 1474 244 προσδραμὼν,
1490 205 1513 233 ὦ
1528 203 1639 244 ἀδελφὲ,
1656 205 1702 234 καὶ
1717 205 1753 234 τὰ
1769 207 1819 243 μὲν
1836 206 1926 235 πλείω

209 254 294 291 plura
316 252 452 286 comedit,
479 251 616 287 misitque
641 250 671 278 in
694 253 835 283 ventrem,
862 257 951 277 unam
975 249 1035 284 spi-

208 307 271 327 cam
287 300 339 326 aut
352 297 473 326 alteram
491 295 576 324 labiis
597 295 766 329 admovens,
779 294 893 322 seducit
905 293 1036 321 clemen-

207 345 279 372 tiam
307 346 388 370 tuam
419 342 556 369 mirantis
585 340 696 376 aliquid
724 340 801 376 quod
831 339 934 366 tritum
963 347 1034 365 con-

209 389 279 422 ficit,
313 390 345 416 ut
386 387 495 414 bonum
538 386 639 413 aiferre
673 385 708 412 ad
752 387 837 412 tuum
874 383 1034 419 judicium,

209 436 242 461 Et
261 433 339 460 idem
361 432 457 460 videre
482 433 526 458 est
550 431 579 458 in
605 430 684 458 omni
710 429 766 457 alio
781 429 909 456 servitio.
939 427 1035 455 Minus

209 478 347 506 laudatur
369 477 456 504 homo
481 476 529 512 qui
556 475 668 503 vineam
695 473 801 510 diligit,
828 476 857 501 et
885 472 1036 508 anteponi-

209 526 258 551 tur
273 529 455 550 racemorum
471 520 588 548 artifex:
599 519 673 548 alius
689 519 807 555 quidam
822 518 1036 546 condemnatur

209 576 242 596 eo
276 567 353 603 quod
388 565 546 593 humilium
583 565 732 592 vinearum
768 572 825 592 non
860 563 1035 591 misereatur

209 615 381 640 onustarum
415 610 560 638 fructibus
600 610 750 645 gravibus,
784 610 814 636 et
854 608 889 635 ad
926 610 1031 635 terram

209 659 450 693 prostratarum;
480 655 556 683 alius
584 658 682 682 autem
711 654 848 681 laudatur
876 652 946 688 quia
973 660 1034 680 sar-

209 704 308 730 menta
336 700 480 737 permittit
508 701 667 736 quiescere,
695 698 811 726 sublato
842 697 932 725 nimio
959 705 1032 733 pon-

209 747 288 780 dere,
313 748 342 774 et
365 754 399 773 ea
427 745 463 773 ad
494 745 587 779 magis
617 743 829 772 florescendum
855 744 957 778 postea
980 742 1033 770 ad-

208 792 298 819 ducit.
320 791 348 818 Si
379 790 446 826 quis
472 790 601 817 furatum
626 789 661 816 ad
691 791 804 824 patrem
830 787 959 823 projecit,
979 787 1032 814 hoc

206 837 242 865 ad
288 835 412 864 salutem
455 835 481 862 ei
515 834 564 870 qui
608 836 758 870 peccatum
803 833 955 860 confessus
988 833 1033 859 est

203 881 292 916 idque
308 880 382 917 patri
406 889 422 908 a
438 879 581 916 principio
605 877 720 911 evolvit,
745 878 923 912 deputatur:
940 878 969 904 et
989 877 1031 904 sic

206 927 302 954 furata
317 924 519 953 benedictione
544 923 606 959 ipse
628 923 656 950 in
674 921 842 958 paradisum
858 921 1030 949 intromitti-

205 973 264 1005 tur,
293 970 461 1005 talibusque
488 969 596 1004 dignus
624 967 749 995 habetur
784 967 858 994 votis
892 966 1030 1002 qualibus

204 1016 294 1044 Jacob
309 1024 375 1043 cum
402 1022 542 1050 magnum
566 1015 679 1049 patrem
702 1014 730 1040 et
752 1011 949 1048 patriarcham
965 1010 1029 1038 cibo

204 1060 305 1089 illexit.
331 1059 433 1087 Adhuc
455 1061 484 1087 et
508 1058 642 1086 cellarius
667 1057 717 1094 qui
734 1058 816 1084 curat
839 1057 875 1084 de
897 1063 1029 1084 commu-

205 1105 296 1133 nitate
311 1105 444 1138 fratrum,
461 1111 526 1132 vere
542 1111 666 1138 magnus
691 1110 708 1130 a
722 1104 750 1130 te
765 1110 823 1129 non
838 1101 964 1129 habetur
977 1109 983 1134 ;
1000 1102 1028 1127 te

204 1152 302 1178 tamen
331 1149 412 1185 angit
435 1148 460 1176 si
485 1155 606 1183 parvum
632 1148 660 1175 et
684 1145 845 1174 maximum
870 1145 899 1172 in
926 1144 1028 1172 eodem

204 1195 297 1232 gradu
313 1194 447 1230 reponit;
471 1195 499 1221 et
515 1191 539 1220 si
565 1192 687 1219 firmiter
703 1191 799 1218 taliter
824 1189 1027 1226 permanserit,

203 1248 271 1268 eum
287 1248 303 1267 a
316 1239 465 1267 laboribus
481 1238 631 1273 quiescere
647 1244 767 1272 prorsus
785 1233 915 1270 jubcbis.
932 1234 962 1262 Si
976 1242 1028 1261 au-

203 1287 263 1313 tem
288 1291 450 1316 successor,
480 1291 569 1310 causa
598 1281 724 1317 cognita,
751 1280 860 1316 piscem
886 1278 1027 1306 eximium

204 1329 391 1365 comparavit,
413 1335 516 1364 parum
541 1328 592 1354 aut
607 1325 680 1354 nihil
696 1333 801 1352 curans
826 1324 861 1351 de
877 1323 1026 1354 fratribus,

204 1376 232 1402 et
247 1374 271 1401 si
288 1373 342 1408 ipsi
368 1371 627 1406 murmuraverint,
643 1373 713 1398 tunc
739 1370 893 1397 coronatur
908 1368 957 1404 qui
974 1367 1027 1395 tibi

205 1417 364 1453 inservivit,
381 1419 408 1445 et
423 1417 557 1452 arguitur
580 1414 777 1443 communitas
800 1422 861 1449 quae
877 1412 944 1440 talis
959 1420 1025 1440 cum

205 1464 253 1498 sit,
270 1462 321 1490 tali
338 1465 366 1490 et
380 1464 441 1489 tam
461 1469 567 1497 magno
590 1468 621 1487 se
636 1458 777 1495 aequalem
799 1458 876 1486 fecit.
894 1457 933 1485 De
948 1459 1027 1485 caete-

205 1508 246 1536 ris
263 1508 364 1536 eadem
380 1514 496 1542 semper
511 1504 680 1542 praestantia
701 1504 798 1532 locum
813 1503 912 1531 habet.
929 1503 1027 1530 Edunt

204 1552 264 1588 alii,
281 1555 309 1580 et
332 1551 386 1580 soli
407 1553 491 1579 terrae
516 1551 622 1579 debent
643 1557 698 1578 sua
721 1549 880 1581 alimenta;
905 1550 935 1575 tu
958 1555 1025 1574 vero

204 1587 270 1634 plus
286 1597 373 1625 etiam
390 1597 475 1629 mari,
491 1605 506 1623 e
521 1604 577 1631 quo
600 1594 784 1622 abundantes
801 1593 889 1629 dapes
905 1592 1024 1628 accipis,
1041 1587 1062 1620 C

204 1645 329 1678 quantas
356 1650 414 1669 non
444 1641 552 1668 habent
580 1640 608 1667 in
633 1639 738 1667 saeculo
763 1638 912 1674 epulones.
938 1637 1027 1664 Num-

204 1686 272 1723 quid
304 1687 389 1721 jubes
423 1689 526 1713 caetera
558 1684 726 1712 istiusmodi
762 1691 778 1710 a
810 1691 857 1710 me
886 1681 1026 1718 percurri,

202 1731 247 1759 vel
280 1731 367 1758 non?
395 1731 433 1758 Te
463 1731 637 1765 negaturum
667 1728 801 1756 arbitror.
832 1727 920 1754 Facta
948 1726 1025 1753 enim

202 1776 329 1809 licentia,
351 1776 412 1810 jam
444 1783 501 1802 non
532 1773 639 1809 poteris
665 1781 729 1804 eam
756 1772 879 1805 auferre,
905 1779 972 1798 cum
994 1778 1027 1799 os

203 1829 261 1857 pres
295 1820 402 1847 rubore
430 1818 608 1846 demittelur.
642 1817 702 1845 Hoc
734 1817 820 1844 modo
850 1815 1026 1851 peculiarem

204 1864 363 1892 amicitiam
398 1871 513 1891 servare
546 1871 602 1890 non
635 1861 753 1898 poteris,
781 1869 876 1896 neque
905 1861 934 1888 in
965 1869 1026 1888 mo-

202 1908 342 1943 nasterio,
373 1910 402 1936 et
430 1907 523 1935 multo
552 1907 651 1935 minus
684 1907 720 1934 ad
749 1906 919 1942 extrazqui
948 1905 1026 1934 enim

203 1955 283 1982 intus
310 1961 367 1981 non
393 1955 437 1981 est
461 1952 626 1986 ordinatus,
651 1951 698 1980 vix
720 1951 750 1979 in
775 1951 864 1979 rebus
880 1950 1027 1979 exteriori-

204 1999 260 2028 bus
275 1998 409 2027 ordinem
425 1997 635 2032 manifestabit.

237 2108 282 2136 56.
313 2108 448 2143 Insuper,
477 2105 516 2133 mi
546 2105 674 2137 domine,
716 2103 899 2140 investigabo
928 2111 1026 2131 annon

203 2155 232 2181 te
256 2151 437 2189 superaverit
460 2150 632 2186 arrogantia:
663 2148 786 2182 malum,
816 2157 904 2185 quam
928 2155 1029 2184 super-

203 2198 257 2226 bia
282 2197 374 2225 sociat
400 2196 551 2231 Scriptura
576 2203 669 2229 sacra,
697 2194 825 2229 dicitque
854 2202 871 2221 a
894 2194 949 2221 Deo
973 2201 1026 2229 op-

202 2243 276 2271 timo
304 2242 370 2270 odio
399 2240 523 2274 haberi;
553 2248 642 2275 quam
673 2238 871 2275 arrogantiam
901 2237 950 2265 alii
979 2246 1028 2266 au-

1089 251 1360 288 καταμασησάμενος,
1386 251 1431 278 καὶ
1455 250 1493 283 εἰς
1516 250 1644 289 γαστέρα,
1669 251 1794 288 πέμψας,
1821 250 1869 279 ἕνα
1897 250 1925 279 δὲ

1090 293 1202 332 στάχυν,
1216 294 1289 330 ἤπου
1309 295 1355 323 καὶ
1385 294 1433 323 δύο
1457 298 1511 323 τῶν
1531 295 1651 333 χειλέων
1676 294 1923 334 προϐεϐλημένος,

1089 339 1214 376 γοητεύει
1235 342 1284 376 τήν
1307 341 1333 368 ἐν
1359 341 1402 368 σοὶ
1427 340 1580 375 ἐπιείκειαν,
1605 341 1762 379 ἀγαπῶσαν,
1778 341 1823 368 δτι
1840 341 1921 369 καλόν

1089 395 1114 411 τι
1131 386 1310 423 παρακομίζει
1337 388 1371 423 τῇ
1397 384 1528 423 διακρίσει
1558 397 1616 421 σου,
1647 386 1661 413 ὃ
1677 386 1848 424 ψωχόμενον
1865 397 1922 414 οτη-

1089 429 1173 458 τιλεῖ.
1201 431 1240 459 Τὸ
1257 429 1277 458 δ’
1301 430 1366 458 αὐτὸ
1381 431 1425 458 καὶ
1442 430 1485 458 ἐπὶ
1502 431 1591 465 πάσης
1606 430 1696 467 ἄλλης
1710 430 1922 468 πλημμελεῖται

1089 473 1235 506 διακονίας.
1264 476 1295 504 Ὁ
1322 475 1365 503 ἐπὶ
1387 478 1436 503 τοῦ
1466 475 1631 512 ἀμπελῶνος
1661 476 1764 513 ἀγαθὸς
1804 477 1854 512 μὲν
1885 475 1921 503 ὧν

1089 519 1338 557 παρευδοκιμεῖται,
1375 518 1616 558 προσλαμϐάνιται
1655 519 1683 548 δὲ
1722 522 1736 548 6
1766 521 1837 548 κατὰ
1866 524 1919 548 τῶν

1090 565 1212 602 βοτρύων
1240 565 1360 603 ἐνεργής⁸
1392 565 1410 602 ᾗ
1441 566 1490 602 μὶν
1517 565 1802 602 καταγινωσκόμενος,
1832 566 1920 602 οἶμαι,

1088 609 1129 637 ὅτι
1160 611 1198 646 μὴ
1226 609 1297 638 ἐλεεῖ
1323 610 1370 641 τὰς
1407 611 1532 638 ταπεινὰς
1562 609 1701 646 ἀμπὲλοτς
1732 611 1923 648 βαρυνομένας

1087 653 1202 692 ἐπαχθεῖ
1225 657 1264 691 τῷ
1291 657 1397 693 καρπῷ,
1427 655 1464 686 ὡς
1493 655 1538 682 καὶ
1563 656 1747 682 κατασπᾶτθαι
1777 655 1819 686 εἱς
1833 659 1892 693 γῆν·
1907 657 1921 684 6

1088 697 1116 726 δὲ
1142 698 1352 736 εύλογούμενος,
1380 698 1421 726 ὅτι
1451 699 1581 727 ἀναπαύει
1596 700 1628 727 τὰ
1643 698 1784 735 κλήματα,
1802 700 1836 727 τὸ
1850 699 1920 727 πολὺ

1086 745 1134 770 τοῦ
1165 743 1264 781 βάρους
1293 744 1426 781 ἀπάγων,
1467 745 1513 771 καὶ
1542 743 1628 776 οὕτως
1655 743 1795 771 ἐνδίδωσιν
1830 744 1920 777 αὐτοῖς

1086 787 1130 816 ἐπὶ
1157 787 1239 816 πλέον
1270 788 1379 820 θάλλειν
1408 788 1435 821 ἐς
1449 789 1543 817 νέωτα.
1560 789 1591 816 El
1608 788 1637 816 δὲ
1650 800 1676 817 τι
1691 791 1740 817 τοῦ
1756 788 1918 826 κλέμματος

1085 833 1130 860 καὶ
1156 835 1195 869 τῷ
1218 833 1299 871 πατρί
1324 834 1482 872 προσφέρει,
1499 832 1573 861 ἀλλὰ
1601 836 1681 862 τοῦτο
1708 834 1748 866 εἰς
1778 835 1916 872 σωτηρίαν

1086 877 1179 914 ἐκείνῳ
1204 878 1321 916 κρίνεται
1350 878 1640 916 ἀνθομολογησαμὲνῳ
1663 879 1692 906 τὸ
1720 882 1860 915 πταῖσμα,
1875 880 1917 907 γ,σί

1086 924 1213 961 ἀπαρχὴν
1239 923 1320 951 αὐτοῦ
1349 923 1556 962 προσενεγκόντι
1585 926 1624 960 τῷ
1638 923 1746 962 πατρὶ,
1769 924 1816 951 καὶ
1834 924 1917 955 οὕτως

1085 967 1110 995 ἐν
1126 970 1165 1004 τῷ
1178 969 1228 1003 τὴν
1257 967 1383 1006 εὐλογίαν
1397 967 1495 1005 κλέψαι
1511 968 1634 1006 ἆφεθὲντι
1663 968 1701 999 εἷς
1726 968 1809 996 αὐτὸν
1831 970 1914 1006 παρείη

1085 1011 1183 1047 δεισον,
1213 1014 1307 1050 μήπου
1333 1012 1362 1040 δὲ
1390 1013 1435 1040 καὶ
1465 1013 1556 1051 εὐχῶν
1584 1013 1788 1049 καταξιωθὲντι,
1812 1014 1913 1042 ὁποίων

1084 1058 1129 1085 καὶ
1158 1058 1172 1085 6
1201 1055 1309 1092 Ἰακὼϐ,
1338 1057 1382 1086 ὅτε
1407 1058 1451 1086 τὸν
1485 1059 1568 1096 μέγαν
1594 1059 1639 1086 καὶ
1668 1059 1773 1096 πατὲρα
1789 1059 1837 1086 καὶ
1865 1069 1911 1085 πα-

1083 1102 1219 1140 τριάρχην
1246 1103 1344 1140 θρέψας
1370 1102 1598 1140 ἒψυχαγώμησεν.
1624 1104 1682 1132 “En
1698 1103 1743 1130 καὶ
1760 1104 1775 1130 6
1803 1103 1912 1140 ὀψωνη-

1083 1147 1146 1182 τής,
1172 1146 1324 1184 κηδόμενος
1356 1147 1403 1184 μὶν
1431 1151 1480 1182 τῆς
1506 1147 1657 1187 ἀδελφικῆς
1683 1148 1862 1183 κοινότητος,
1883 1148 1913 1175 οὗ

1083 1191 1150 1220 πάνυ
1178 1192 1261 1230 μέγας
1288 1191 1406 1230 κρίνεται
1437 1193 1489 1220 ὑπὸ
1514 1194 1572 1221 σοῦ.
1589 1192 1676 1222 Ἀλλά
1690 1203 1743 1220 που
1760 1193 1807 1220 καὶ
1825 1190 1911 1225 θλίϐει

1083 1247 1122 1272 σε,
1151 1236 1174 1264 εἰ
1201 1238 1259 1268 τοῖς
1286 1240 1396 1275 μικροῖς
1425 1236 1451 1269 ἐς
1479 1237 1576 1265 ταυτὸν
1603 1236 1661 1276 ἄγει
1689 1238 1735 1265 τὸν
1767 1237 1794 1265 ἐν
1825 1237 1912 1268 αὐτοέ

1083 1281 1204 1318 ὕψιστον.
1234 1282 1283 1309 Καὶ
1310 1281 1412 1316 τοίνυν,
1442 1281 1465 1309 εἱ
1493 1281 1622 1320 συχνάκις
1650 1284 1776 1314 τοιοῦτος
1791 1280 1911 1318 διαμένε,

1082 1326 1244 1358 καταπαύεις
1274 1326 1359 1354 ἐκεινο
1388 1329 1438 1354 τοῦ
1466 1329 1572 1362 κοπιᾷν,
1605 1327 1636 1355 Ei.
1664 1325 1693 1354 δὲ
1721 1328 1735 1354 6
1753 1327 1814 1363 μετ’
1835 1326 1911 1354 αὐτὸν

1082 1370 1208 1408 ἐπιγνοὺς
1237 1371 1268 1398 τὸ
1295 1370 1401 1406 α’ίτιον,
1431 1369 1513 1408 ἀϐρὸν
1544 1371 1621 1409 ἰχθὺν
1649 1371 1909 1410 πραγματεύσεται,

1083 1415 1166 1452 μικρᾶ
1193 1415 1211 1450 ἢ
1241 1414 1316 1443 οὐδὲν
1346 1418 1395 1449 τῆς
1423 1414 1608 1455 ἅδελφότητος
1640 1416 1845 1453 ἐμπαζόμενος,
1867 1416 1908 1443 καὶ

1080 1460 1157 1488 αὐτοὶ
1185 1459 1358 1497 ἐπιμύζουσι,
1384 1460 1445 1489 τότε
1473 1461 1506 1496 νὴ
1536 1463 1711 1500 στεφανοῦται
1740 1462 1755 1488 6
1779 1462 1815 1488 τὰ
1843 1461 1907 1498 ὗπὶρ

1081 1507 1128 1532 σοῦ
1157 1503 1329 1540 διακονήσας,
1358 1505 1404 1533 καὶ
1433 1505 1692 1544 καταῤῥητορεύεται
1719 1507 1736 1540 ἡ
1767 1506 1906 1541 κοινότης,

1081 1550 1163 1577 ὁποία
1191 1550 1257 1577 οὖσα
1286 1549 1336 1586 οἵῳ
1350 1550 1394 1577 καὶ
1424 1549 1516 1587 ἡλίκῳ
1545 1550 1706 1590 ἀντιφερίζει
1733 1551 1832 1588 πατρί.
1859 1551 1906 1578 Καὶ

1080 1597 1128 1622 τοῦ
1145 1594 1244 1622 λοιποῦ
1258 1594 1359 1632 γίνεται
1386 1596 1404 1629 ἡ
1417 1595 1529 1629 τοιαύτη
1545 1595 1714 1633 προτίμησις
1730 1594 1757 1626 ἐς
1775 1593 1906 1630 διηνεκὲς.

1082 1640 1130 1667 Καὶ
1157 1640 1182 1667 ol.
1213 1640 1260 1676 μὲν
1288 1638 1369 1666 ἄλλοι
1399 1639 1536 1674 ἐσθίουσι,
1565 1641 1599 1676 τῇ
1629 1641 1664 1676 γῇ
1695 1640 1765 1676 μόνῃ
1795 1641 1909 1678 χάριτας

1082 1683 1211 1723 ὄφλοντος
1240 1688 1291 1719 τῆς
1319 1687 1434 1723 τροφῆς’
1465 1684 1497 1711 σὺ
1527 1683 1556 1711 δὶ
1578 1686 1611 1720 τῇ
1627 1683 1746 1721 θαλάσσῃ
1762 1684 1797 1712 τὰ
1812 1685 1909 1717 πλιῖω,

1082 1728 1116 1756 δι’
1132 1729 1166 1764 ἧς
1192 1730 1241 1764 τὴν
1271 1727 1431 1757 πανδαισίαν
1461 1727 1592 1759 πλουτεῖς
1608 1729 1704 1756 ὁποίαν
1721 1728 1786 1756 οὐδὲ
1802 1730 1830 1757 οἱ
1847 1731 1911 1756 cmi-

1081 1774 1159 1802 ταλοι
1189 1774 1327 1810 κοσμικοί.
1355 1772 1491 1809 Κελεύεις,
1521 1773 1701 1810 ἐπελεύσομαι
1717 1774 1764 1801 καὶ
1780 1774 1815 1801 τὰ
1832 1774 1913 1802 λοιπὰ

1080 1821 1204 1853 τοιαῦτα,
1231 1818 1248 1853 ἢ
1274 1817 1325 1853 cii;
1357 1819 1532 1858 Ἀποφήσεις,
1548 1819 1637 1854 οἴμαι.
1653 1818 1684 1846 Εἴ
1709 1818 1760 1856 γὰρ
1787 1818 1913 1846 κατανεύ-

1081 1874 1148 1899 «sic,
1176 1863 1265 1891 οὐκέτι
1301 1863 1330 1890 ἄν
1367 1861 1444 1901 ἔχοις
1480 1863 1632 1898 ἀνανεῦσαι,
1667 1863 1827 1900 κατακύψας
1865 1864 1913 1892 ὑπὸ

1081 1907 1228 1946 ἐντροπῆς.
1257 1907 1351 1939 Οὕτως
1382 1906 1445 1935 οὐδὲ
1463 1908 1513 1942 τήν
1543 1908 1656 1946 μερικὴν
1687 1906 1782 1947 φιλίαν
1800 1907 1912 1936 δύνασαι

1080 1954 1241 1989 κατορθοῦν,
1256 1951 1317 1980 οὔτε
1333 1951 1357 1979 ἐν
1373 1954 1407 1990 τῇ
1426 1954 1508 1990 μονῇ,
1525 1951 1587 1980 οὕτε
1605 1951 1704 1988 πολλῷ
1719 1953 1804 1981 πλάον
1818 1953 1846 1981 ἐν
1857 1956 1912 1984 τοῖς

1081 1998 1167 2028 ἐκτός.
1184 1998 1213 2024 Ὁ
1226 1998 1278 2035 γὰρ
1293 1998 1327 2025 τὰ
1356 1997 1429 2029 ἐντὸς
1458 1998 1578 2034 ἄκοσμος
1603 1995 1639 2024 ὢν
1664 1999 1757 2036 σχολῇ
1774 1999 1802 2036 γ’
1826 1999 1860 2026 ἄν
1887 1997 1910 2026 ἐν

1080 2046 1138 2074 τοῖς
1154 2042 1204 2078 ἔξω
1223 2043 1254 2070 τὸ
1268 2043 1382 2079 κόσμιον
1399 2041 1574 2079 ἐπιδείξηται.

1117 2105 1240 2138 νς“.Ἐπὶ
1261 2105 1380 2140 τούτοις,
1412 2106 1434 2132 ὦ
1461 2103 1579 2133 δέσποτα
1609 2116 1671 2141 μου,
1703 2103 1913 2143 ἔξακριϐοὒμαι,

1081 2150 1125 2178 καὶ
1156 2149 1229 2189 εἴπερ
1269 2150 1300 2177 τὸ
1323 2153 1373 2185 τῆς
1402 2159 1572 2188 περπερειας,
1606 2150 1687 2177 κακὸν
1717 2150 1749 2178 οὗ
1777 2161 1913 2187 κατε-πεμ-

1082 2193 1167 2222 ϐαίνει
1184 2205 1244 2228 σου,
1271 2195 1302 2229 ἣν
1319 2205 1333 2222 ο
1349 2195 1396 2231 μὲν
1422 2194 1616 2232 ίιρογραῳικὸς
1632 2193 1715 2232 λόγος
1730 2197 1765 2228 τῆ
1783 2195 1912 2234 φυσιώσει

1081 2240 1292 2277 προσεταιρίζει,
1310 2239 1354 2266 καὶ
1380 2238 1417 2269 εἲς
1447 2239 1547 2276 εχθραν
1575 2241 1610 2275 τῇ
1639 2239 1707 2266 κατὰ
1738 2240 1804 2267 Θεὸν
1821 2240 1912 2277 ἀγάπῃ

203 2290 300 2316 ctores
329 2287 431 2314 dicunt
459 2285 566 2313 mentis
596 2284 764 2317 elationem,
795 2292 851 2311 non
881 2282 1028 2319 egregiam

1084 2276 1265 2322 ἀποτιτάχθαι
1301 2282 1430 2311 διδάσκει·
1460 2283 1485 2310 οὶ
1515 2282 1543 2310 δὲ
1572 2282 1666 2314 ἄλλως
1696 2276 1913 2321 περιλαλοῧντις

204 2340 258 2360 nec
283 2331 422 2364 divinam,
449 2330 526 2358 sicut
550 2331 594 2357 est
623 2329 761 2357 fortitudo
785 2328 870 2356 elatio
895 2328 1028 2363 quaedam

206 2376 316 2411 divina,
344 2376 403 2403 imo
433 2375 528 2411 magis
560 2374 716 2402 elationem
743 2373 905 2409 jactatoris,
940 2381 1029 2408 quam

206 2420 333 2448 maxime
364 2420 440 2454 vani,
482 2428 539 2447 non
574 2418 752 2452 communis,
782 2420 813 2445 ut
846 2418 909 2453 ipso
943 2418 1030 2445 verbo

207 2464 380 2499 ostenditur,
397 2465 559 2493 secundum
585 2471 673 2500 quam
698 2462 874 2490 sententiam
891 2470 1031 2498 praesum-

206 2509 335 2546 ptionem
366 2509 455 2545 aliqui
485 2509 594 2537 habent
624 2507 893 2544 superefﬂuentem.
921 2506 1031 2534 Dicitur

205 2555 284 2584 enim
307 2564 413 2583 nomen
438 2555 543 2583 ducere
559 2562 575 2582 a
599 2553 667 2582 ferri
692 2553 843 2589 (arrogans
873 2552 1030 2590 [πέρπερος]

205 2600 283 2630 enim
292 2609 348 2628 non
361 2599 530 2636 sistitquasi
540 2598 745 2634 circumlatus)
756 2607 762 2632 ;
775 2597 835 2626 sive
844 2606 860 2626 a
868 2598 1029 2626 circumvo-

205 2646 266 2674 lare
281 2648 310 2674 et
334 2645 469 2681 progredi
490 2644 702 2677 inconstanter,
719 2651 809 2679 quam
833 2643 869 2670 ob
885 2642 1030 2670 rationem

205 2691 339 2719 homines
364 2690 450 2718 istius
466 2689 572 2716 indolis
596 2689 630 2716 de
655 2687 883 2724 priecipitatione
907 2687 1031 2715 irriden-

204 2738 263 2764 tur.
294 2738 333 2763 De
361 2743 417 2770 quo
446 2733 515 2762 vitio
539 2733 676 2770 Stagirita
703 2732 939 2770 philosophatur,
969 2740 1033 2760 necs

206 2789 264 2810 non
288 2782 316 2809 et
340 2779 478 2815 discipuli
504 2779 578 2815 ejus.
604 2778 716 2807 Horum
742 2778 875 2807 omnium
900 2777 1033 2806 doctrina

206 2825 236 2854 in
269 2825 325 2854 hoc
368 2823 565 2858 concluditur,
609 2825 796 2860 arrogantem
829 2831 894 2853 esse
923 2822 1033 2853 elatum

1083 2329 1186 2366 ἐξαρμα
1201 2330 1292 2366 ψυχῆς
1312 2338 1389 2366 φασιν
1421 2328 1486 2355 εἶναι
1511 2328 1562 2362 τήν
1591 2327 1765 2366 περ-πορείαν,
1793 2329 1844 2356 οὐκ
1872 2328 1913 2356 ἕνα

1084 2373 1189 2412 άρετον,
1205 2373 1249 2400 καὶ
1279 2373 1349 2400 οὕτω
1378 2375 1449 2404 θεῖον
1474 2372 1542 2400 κατὰ
1560 2372 1592 2400 τὸ
1621 2373 1730 2409 θάρσος,
1755 2373 1769 2400 ὃ
1799 2373 1858 2401 θεία
1873 2383 1912 2404 τις

1085 2417 1160 2455 ἄρσις
1190 2417 1269 2445 ἐστιν·
1299 2417 1459 2452 ἀλαζονικὸν
1490 2416 1528 2454 δὲ,
1553 2417 1597 2445 καὶ
1631 2417 1687 2456 οὐχ
1713 2417 1820 2454 ἁπλῶς,
1841 2417 1913 2446 ἀλλᾶ

1087 2462 1327 2500 ὑπερεκπεάισσοῦ,
1363 2462 1399 2493 ὡς
1437 2462 1481 2490 καὶ
1518 2463 1535 2497 ἡ
1565 2461 1674 2497 λικτική
1704 2462 1841 2499 ὶτυμότης
1870 2463 1912 2490 ἱκ-

1085 2507 1180 2547 φαίνει·
1210 2507 1268 2534 καθ’
1295 2507 1325 2542 ἣν
1353 2505 1457 2534 ἔννοιαν
1484 2508 1593 2535 ποιοῦσί
1622 2518 1693 2538 τινες
1707 2507 1753 2534 καὶ
1772 2508 1912 2546 ὑπερηφα-

1084 2553 1141 2581 νίαν
1172 2553 1341 2590 ικπερισσοῦ,
1369 2551 1483 2589 Μέγεται
1513 2550 1542 2579 δὲ
1565 2553 1610 2579 καὶ
1624 2551 1642 2586 ἢ
1657 2551 1729 2589 παρᾶ
1740 2552 1771 2579 τὸ
1788 2551 1913 2591 φᾶρεσθαι

1085 2597 1241 2634 ὠνομάσθαι
1271 2596 1353 2631 αὐτὴν
1371 2596 1490 2633 (ἀστατιῖ
1515 2597 1566 2635 γὰρ
1595 2597 1633 2628 ὡς
1661 2597 1704 2624 οἶα
1731 2598 1915 2636 περιφερόμε-

1085 2643 1160 2674 νοςὸ
1189 2642 1347 2681 πὲρπιρος),
1369 2641 1386 2676 ἢ
1415 2641 1488 2679 παρά
1513 2642 1544 2669 τὸ
1573 2642 1773 2679 περιπέτεσθαι,
1799 2642 1844 2669 καὶ
1876 2642 1914 2678 μὴ

1085 2689 1219 2726 παθερῶς
1250 2684 1401 2724 βεϐηκέναι·
1443 2687 1466 2722 ᾦ
1508 2685 1541 2721 δὴ
1584 2685 1661 2724 λόγῳ
1695 2686 1740 2714 καὶ
1767 2687 1913 2723 πετόμενοι

1086 2733 1253 2761 σκώπτονται
1277 2731 1302 2759 οἱ
1327 2733 1376 2759 τοῦ
1403 2733 1530 2759 τοιοῦτου
1557 2729 1650 2766 ἤθους.
1686 2730 1739 2759 Καὶ
1766 2729 1915 2769 φιλοσοφεῖ

1089 2778 1136 2816 μὶν
1166 2777 1228 2815 περὶ
1254 2776 1349 2807 κακίας
1376 2775 1505 2812 τοιαύτης
1519 2776 1564 2804 καὶ
1578 2777 1592 2804 6
1621 2775 1810 2814 Σταγειρόθιν,
1824 2775 1870 2802 mi
1885 2775 1910 2803 οἱ

1086 2823 1120 2852 τὰ
1147 2822 1206 2851 κατ’
1232 2821 1312 2851 αὐτὸν
1334 2820 1525 2860 ιύκρινοῦντες·
1554 2821 1748 2861 κεφαλαιοῦται
1776 2819 1807 2848 δὲ
1830 2822 1910 2848 πᾶσιν
