2002 3158
196 161 257 191 ’⁵179

581 155 792 188 EUSTATHII
814 153 1202 185 THESSALONICENSIS
1224 130 1516 186 METROPOLITE

1842 158 1903 189 ’180

195 232 288 261 neque
303 224 479 260 comparatis
493 222 698 258 locupletatus.
717 222 750 249 Et
778 221 884 249 deinde
898 228 934 248 ne
949 219 1008 256 quis

1075 229 1143 255 μων,
1174 217 1235 246 οὔτε
1272 219 1383 256 ὕπαρξιν
1425 217 1674 257 περιϐεϐλημένος,
1700 219 1766 249 οὔτε
1793 225 1900 257 κτῆσιν.

195 269 364 298 recordatus
379 276 477 296 rerum
493 267 666 303 priscarum,
682 266 718 294 ad
734 273 783 293 eas
799 265 904 292 iterum
921 272 1016 300 regre-

194 314 300 347 diatur,
312 313 400 341 etiam
413 320 494 339 novae
508 310 718 347 comparationi
733 309 902 337 renuntiare
917 317 1015 336 mone-

193 362 253 392 tur,
268 358 328 386 sive
344 356 553 392 comparationi
576 357 641 391 post
656 355 782 391 primam
798 353 944 386 secundas,
958 361 1017 388 qua

193 404 302 432 iterum
318 402 392 430 foret
407 400 567 435 saecularis,
595 402 624 427 et
648 398 807 434 respiciens
836 400 911 426 retro
928 409 941 422 α
958 405 1015 424 non

193 451 282 484 aptus
296 454 385 482 regno
396 445 445 473 Dei
457 445 480 463 ¹²
493 454 500 479 ;
515 456 530 469 ››
541 446 569 473 et
579 451 699 480 prorsus
710 443 847 471 columna
862 442 1015 476 fatuitatis,

194 494 220 521 si
235 493 275 520 ita
290 490 480 526 intelligenda
495 492 539 517 est
565 489 593 516 in
609 488 765 524 Scripturis
794 489 880 523 prout
895 486 1013 520 audisti,

193 537 331 565 columna
345 535 444 563 uxoris
469 534 554 568 Loth,
570 535 688 569 propter
716 532 758 560 sal
779 532 967 565 infatuatum,
983 533 1016 558 ut

193 581 369 618 accepimus,
385 580 463 615 quod
479 581 634 615 paternum
649 578 779 610 fratrem,
796 585 853 604 non
870 576 967 604 minus
981 584 1014 603 ac

192 628 300 654 terram
317 623 456 657 fertilem,
472 623 501 650 in
517 623 614 650 lacum
631 621 761 650 sterilem
776 620 928 649 convertit.

223 759 269 787 50.
286 759 353 792 Qua
369 765 437 785 cum
448 757 491 784 ita
503 756 605 787 sint,ct
619 763 676 782 non
689 754 929 788 aliter,volebam.
939 761 955 780 ο
967 761 1014 788 pa-

188 806 249 832 tres
264 802 422 836 nostri,vos
432 801 468 829 ab
485 809 543 828 uno
552 800 656 828 saltem
668 799 756 826 trium
768 794 913 826 dictorum
923 797 1014 825 malo-

189 856 256 876 rum
263 845 600 880 abstinere.Plerumque
607 846 706 872 autem
718 841 1012 871 exciditbonavolun-

189 891 331 920 tas.Multi
346 891 424 918 enim
440 892 507 918 ante
520 888 770 923 tonsuram,sicut
785 889 920 923 expertus
934 894 1012 922 sum,

189 938 336 973 quantum
348 943 406 963 non
422 935 524 962 radere
540 935 757 970 caput,tantum
773 940 865 967 neque
880 933 1013 967 paterna,

188 988 286 1017 neque
300 981 469 1016 comparata
483 979 560 1007 bona
579 978 734 1014 deponere,
752 977 894 1004 curabant
909 975 934 1003 si
949 984 1012 1011 quea

187 1026 355 1058 habebant;
381 1024 432 1052 sed
456 1024 546 1052 vitam
571 1021 773 1050 monachicam
798 1020 923 1056 amplexi
944 1022 1013 1048 sunt

185 1071 263 1098 sicut
273 1070 369 1097 nautae
381 1069 417 1096 ad
428 1067 625 1104 navigandum
637 1074 703 1094 cum
715 1065 795 1101 gravi
805 1065 932 1101 pondere
942 1073 1012 1092 euu-

184 1117 239 1149 tes,
256 1113 442 1142 solummodo
459 1111 573 1147 capillis
598 1111 702 1147 capitis
718 1109 830 1143 nudati,
849 1111 877 1137 et
898 1109 1011 1145 reliquo

184 1158 283 1187 saculi
296 1159 368 1194 jugo
393 1157 515 1193 gravati,
539 1156 628 1184 etiam
658 1157 724 1191 post
738 1157 901 1182 tonsuram.
917 1154 1009 1187 Quam

184 1202 272 1231 multi
287 1202 376 1230 etiam
392 1201 441 1236 qui
453 1201 566 1236 seipsos
578 1199 682 1236 patriis
692 1201 721 1227 et
736 1198 912 1234 comparatis
922 1198 1010 1225 rebus

187 1246 435 1282 despoliaverunt,
448 1247 477 1272 et
500 1246 602 1281 postea
624 1243 694 1271 tacti
718 1242 890 1278 pcenitentia
905 1250 1009 1269 novam

186 1289 434 1326 comparationem
451 1289 610 1325 pessimam
629 1289 832 1323 susceperunt.
847 1286 896 1313 Vsa
912 1289 1009 1314 autem

187 1333 300 1362 homini
314 1333 357 1361 illi
374 1332 424 1369 qui
439 1333 496 1360 tria
516 1333 573 1360 ista
587 1331 750 1367 complevit,
767 1331 817 1367 qui
833 1331 947 1358 duabus
963 1339 1009 1358 re-

187 1379 243 1407 bus
258 1380 325 1406 ante
348 1380 501 1405 tonsuram
527 1376 664 1412 sepositis
688 1384 761 1403 nova
788 1375 900 1403 addidit
919 1383 1009 1411 seque

185 1422 332 1459 triplicem
348 1421 437 1450 istam
453 1421 563 1457 peccati
584 1423 717 1448 catenam
733 1420 769 1448 ad
786 1419 1008 1448 suifccatiouem

184 1466 321 1504 implicit.

217 1602 263 1629 60.
278 1601 314 1629 Et
328 1600 415 1629 hodie
429 1600 506 1636 apud
522 1607 576 1628 nos
591 1598 756 1635 reperimus
772 1597 889 1634 aliquod
911 1596 1008 1625 simile

1098 1596 1127 1631 ε’.
1149 1595 1203 1623 Καὶ
1241 1595 1342 1634 ἔχομεν
1373 1598 1491 1635 σήμερον
1519 1597 1546 1625 ἐν
1570 1601 1629 1629 τοῖς
1657 1600 1718 1631 καθ’
1743 1601 1821 1636 ἡμᾶς
1846 1603 1896 1629 καὶ

182 1654 274 1682 genus
289 1653 389 1674 eorum
406 1644 457 1681 qui
473 1653 507 1672 ex
532 1646 655 1672 tonsura
683 1642 911 1679 negotiationem
934 1641 1007 1669 fece-

182 1692 386 1725 runt,eamque
401 1697 502 1717 secure
517 1687 832 1716 exercent.Lucrantur
847 1685 925 1714 enim
941 1693 1008 1713 cum

185 1743 289 1763 carnes
304 1741 360 1761 non
389 1734 491 1766 edunt,
509 1740 661 1768 paucoque
688 1731 752 1759 cibo
779 1733 850 1758 sunt
870 1729 1008 1762 contenti,

187 1781 217 1807 et
231 1780 363 1814 potentes
386 1786 445 1805 non
469 1779 639 1804 reverentur
662 1776 710 1810 qui
731 1777 900 1811 comparata
920 1774 1008 1802 vecti-

190 1822 305 1858 galibus
332 1821 440 1849 exactis
468 1820 612 1848 minuunt.
640 1819 747 1847 Vineae
774 1827 842 1855 ergo
865 1819 1008 1855 plantant,

189 1866 290 1893 hortos
305 1864 647 1900 colunt,multiplicantes
658 1872 763 1900 pecora
773 1864 868 1892 omnis
883 1863 1009 1900 generis,

188 1912 219 1938 st
234 1909 299 1938 aliis
326 1908 504 1937 animalibus
533 1908 658 1941 dilectis,
676 1916 744 1936 oves
770 1908 820 1935 Dei
844 1908 947 1935 sinunt
962 1916 1008 1935 va-

187 1954 262 1990 gari,
279 1953 353 1981 nihil
381 1953 558 1981 intentatum
585 1952 764 1988 relinquunt,
781 1960 838 1987 quo
867 1951 1010 1979 mundani

186 2000 357 2034 appareant,
379 2006 436 2025 non
469 1997 614 2034 vulgares,
630 2005 700 2025 sane
722 2005 788 2025 vero
804 1998 1008 2033 praepotentes,

184 2045 217 2071 ut
232 2043 293 2071 sint
307 2043 425 2071 arbores
441 2042 584 2076 scelestas,
600 2051 657 2070 non
674 2043 759 2077 juxta
773 2049 840 2069 eum
861 2041 910 2076 qui
935 2040 1008 2068 illud

184 2087 334 2124 sapienter
348 2087 567 2123 contemplatus
583 2089 636 2120 est,
665 2087 714 2114 sed
731 2086 788 2114 alio
818 2086 916 2120 modo,
933 2085 1009 2113 sicut

184 2132 256 2160 coelo
272 2132 422 2165 destinati,
439 2133 467 2159 et
497 2132 585 2160 humo
609 2131 720 2160 inserti.
738 2130 772 2158 Et
795 2130 915 2158 lucifero
939 2130 1007 2166 qui-

182 2177 250 2205 dem
265 2176 296 2204 in
312 2176 383 2204 caelo
399 2176 478 2204 brevi
494 2176 673 2204 habitavisse
687 2175 758 2202 nihil
771 2175 890 2211 profuit,
902 2174 957 2210 qui
973 2182 1007 2202 ex

181 2221 241 2250 alto
257 2222 293 2249 ad
309 2221 417 2249 inferos
434 2221 552 2248 decidit.

212 2311 257 2339 6i.
275 2311 387 2344 Quibus
403 2317 538 2338 sermone
567 2310 608 2337 ita
624 2308 804 2341 constitutis,
834 2307 899 2336 vide
915 2315 1004 2343 nunc,

179 2363 195 2382 ο
211 2355 434 2390 superbissime,
460 2356 560 2381 utrum
584 2354 641 2381 ista
669 2353 735 2388 tria,
760 2352 865 2388 patria,
881 2352 1005 2388 pristina

177 2402 206 2427 et
221 2399 348 2426 recentia
371 2400 448 2427 bona
470 2398 571 2434 procul
594 2397 784 2433 elongaveris,
808 2405 902 2432 neque
916 2405 1003 2424 onere

177 2443 366 2479 opprimaris,
382 2444 560 2479 quibusdam
572 2443 635 2478 jam
658 2441 803 2478 possessis
832 2449 899 2469 cum
916 2441 997 2477 spiri-

176 2486 256 2515 tuale
271 2487 361 2515 limen
375 2487 551 2523 prateriisti,
567 2489 596 2515 et
617 2487 742 2515 alterum
758 2488 860 2522 postea
881 2494 1001 2522 compa-

177 2531 289 2559 ravisti.
304 2531 340 2558 Et
353 2531 408 2559 boc
421 2531 580 2560 verisimile
592 2534 645 2559 est.
671 2531 785 2559 Collatia
809 2530 886 2558 enim
901 2530 1000 2567 prima)

175 2575 282 2604 divitiis
298 2583 355 2603 non
372 2575 435 2603 sine
458 2577 585 2611 quadam
610 2576 789 2612 proclivitate
805 2576 840 2603 ad
866 2583 911 2603 res
927 2575 999 2603 alias

173 2620 368 2657 acquirendas
393 2620 500 2648 ferunt.
527 2618 596 2648 Cum
625 2620 744 2656 quidam
774 2627 841 2647 vero
871 2619 938 2647 vilis
960 2622 997 2653 et,

172 2668 205 2694 ut
233 2665 335 2699 aiunt,
366 2664 460 2692 macie
496 2665 646 2693 confectus
675 2665 791 2700 incepta
828 2664 998 2692 monachica

171 2710 242 2745 vita,
260 2709 423 2747 saginatus,
441 2708 616 2745 pinguescit,
633 2711 662 2737 et
682 2708 824 2737 dilatatur
839 2707 996 2745 plusquam

212 2819 234 2836 ¹²
251 2821 318 2849 Luc.
336 2828 375 2855 rx,
390 2820 434 2848 62.

1071 264 1146 298 Εἶτα,
1171 262 1217 290 ’ἵνα
1258 263 1295 300 μὴ
1335 266 1389 291 τῶν
1426 265 1566 301 προτέρων
1603 266 1778 303 μνησάμενος
1806 267 1901 294 imum

1072 306 1161 344 δράμῃ
1189 317 1230 338 τις
1260 307 1342 335 πάλιν
1373 307 1411 339 εἰς
1438 307 1535 342 ἐκεῖνα,
1560 313 1788 347 προσαπαιτεῖται
1818 310 1898 348 ἀρνή-

1070 352 1164 379 σασθαι
1180 351 1275 379 αὐτίκα
1294 351 1339 379 καὶ
1366 353 1415 387 τήν
1439 353 1590 388 ἐπίκτησιν,
1609 354 1656 382 εἴτ’
1684 354 1730 382 οὖν
1756 356 1806 390 τήν
1836 356 1900 392 μιτὰ

1070 397 1152 423 ταῦτα
1180 399 1286 431 κτῆσιν,
1301 397 1350 431 τὴν
1380 396 1518 435 δευτέραν,
1535 398 1569 425 δι’
1593 399 1627 433 ἦς
1654 401 1702 427 τοῦ
1733 399 1797 437 βίου
1825 399 1900 432 αὖθις

1069 440 1179 478 γίνεται,
1209 441 1253 468 καὶ
1288 441 1326 472 εἰς
1361 441 1396 469 τὰ
1434 442 1521 469 ὀπίσω
1561 443 1713 482 στρέφεται,
1744 443 1838 475 ἄθετος
1864 444 1900 472 ὧν

1070 484 1108 516 εἷς
1136 484 1274 523 βασιλείαν
1299 486 1433 524 οὐρανῶν,
1450 487 1493 514 καὶ
1524 487 1689 526 αὐτόχρημα
1718 487 1811 524 στήλη
1841 499 1902 525 μω-

1070 529 1181 567 ρίας,εἷί
1204 541 1230 556 τι
1260 531 1315 568 χρή
1347 530 1432 562 οὕτως
1460 532 1510 566 τὴν
1542 532 1579 564 ὡς
1607 530 1738 567 ἤκουσας,
1765 534 1903 572 γραφικὴν

1068 577 1118 608 τῆς
1144 576 1193 601 τοῦ
1226 574 1289 603 Λὼτ
1320 576 1443 611 γυναικὸς
1475 574 1636 604 ἐκλαϐέσθαι
1665 577 1772 613 στήλην
1802 577 1846 605 διὰ
1871 578 1905 606 τὸ

1071 618 1281 655 μωμαινόμενον
1309 617 1389 655 ἅλας,
1405 620 1442 650 ὡς
1465 618 1674 658 παρελάϐομεν
1691 621 1706 648 ὃ
1728 622 1774 649 τὸν
1804 631 1902 660 πατρι-

1069 663 1115 690 κὸν
1145 661 1262 702 ἀδελφὸν
1293 664 1473 700 ἀποκαθεστᾷ,
1489 665 1526 696 ὡς
1546 666 1591 692 οἷα
1613 666 1658 693 καὶ
1678 670 1728 703 γῆν
1755 667 1902 706 καρποφό-

1069 717 1128 743 ρον,
1144 707 1183 738 εἷς
1198 706 1290 744 ἅλμην
1306 708 1412 746 ἄγονον.

1103 752 1150 783 νϐ’.
1167 752 1305 790 Ἐχόντων
1323 752 1368 780 οὖν
1384 753 1487 781 τούτων
1513 753 1600 785 οὕτως
1630 754 1674 790 (οὐ
1700 755 1751 792 γὰρ
1780 754 1901 792 ἄλλως),

1067 794 1166 830 ἤθελον
1194 797 1253 833 μὲν,
1274 797 1332 828 ἑνὸς
1356 799 1419 835 γοῦν
1444 800 1498 825 τῶν
1516 797 1668 836 εἰρημένων
1683 801 1766 836 τριῶν
1795 799 1904 838 ἀπέχε-

1068 841 1127 867 σθαι
1156 841 1246 877 ὑμᾶς,
1276 841 1298 868 ὦ
1326 842 1456 879 ἡμέτεροι
1494 844 1647 880 πατερικοί.
1676 844 1841 872 ’Δποπίτπω
1871 843 1903 872 δὲ

1067 885 1202 917 κάνταῦθα
1228 887 1276 913 τοῦ
1304 886 1403 924 ἀγαθοῦ
1433 886 1588 924 θελήματος
1623 887 1648 915 ἐν
1682 891 1741 919 τοῖς
1773 887 1901 918 πλείοσι.

1067 928 1173 957 Πολλοὶ
1205 930 1252 966 μὲν
1281 931 1331 968 γὰρ
1360 931 1413 968 πρὸ
1439 934 1490 966 τῆς
1517 934 1616 970 κουρᾶς
1633 932 1812 969 ἐμελέτησαν,
1829 935 1903 966 καθὰ

1067 973 1242 1012 πεπείραμαι,
1259 974 1348 1012 ὥσπερ
1381 975 1418 1011 μὴ
1447 976 1496 1010 τήν
1524 977 1646 1015 κεφαλὴν
1673 976 1797 1014 ἐκκόψαι,
1825 978 1901 1006 οὕτω

1069 1018 1139 1054 μήτε
1164 1018 1286 1056 ὕπαρξιν,
1311 1019 1380 1055 μήτι
1401 1023 1494 1054 κτῆσιν
1524 1020 1678 1057 σκορπίσαι,
1704 1020 1731 1048 εἴ
1755 1022 1816 1050 τινά
1843 1033 1901 1051 που

1066 1063 1110 1089 καὶ
1128 1062 1212 1100 εἶχον·
1231 1062 1302 1090 ἀλλᾶ
1317 1063 1450 1102 ἔμφορτοι
1468 1066 1516 1091 τοῦ
1545 1068 1698 1103 μοναχικοῠ
1731 1066 1792 1104 βίου
1820 1068 1902 1104 γινέ-

1067 1107 1136 1142 σθαι,
1154 1107 1218 1134 ὡσεὶ
1242 1107 1288 1135 καὶ
1314 1107 1463 1147 ναύκληροι
1492 1109 1570 1146 βαρεῖ
1594 1109 1686 1147 φόρτῳ
1710 1110 1738 1141 ἐς
1753 1111 1899 1140 ναυτιλίαν

1066 1150 1254 1188 στελλόμενοι,
1276 1152 1346 1189 θριξὶ
1377 1152 1470 1189 μόναις
1501 1152 1662 1192 κεφαλικαῖς
1692 1153 1898 1192 έζημιωμένοι·

1064 1196 1095 1222 τὸ
1112 1194 1140 1223 δέ
1154 1206 1184 1234 γε
1199 1195 1296 1224 λοιπὸν
1309 1197 1376 1224 κατὰ
1403 1197 1462 1235 βίον
1487 1197 1597 1235 φορτίον
1618 1198 1821 1236 ἐπηχθισμένοι
1849 1201 1900 1228 καὶ

1067 1239 1134 1276 μετὰ
1147 1241 1178 1268 τὸ
1208 1240 1356 1278 κοόρευμα,
1372 1242 1451 1270 "Osci.
1481 1241 1510 1270 δε
1533 1243 1578 1270 καὶ
1604 1243 1804 1281 ἀπεγύμνωσαν
1835 1245 1898 1273 ἑαυ-

1064 1284 1127 1315 τοὺς
1154 1287 1207 1312 τῶν
1240 1285 1412 1321 ὑπαρξάντων
1439 1286 1484 1313 καὶ
1522 1289 1575 1314 τῶν
1617 1288 1783 1324 κτηθέντων,
1811 1290 1901 1326 μετά-

1066 1327 1149 1364 μελον
1167 1326 1347 1360 ἀναλαϐόντες
1374 1329 1400 1357 έν
1430 1333 1487 1362 τοῖς
1518 1331 1585 1367 μετὰ
1604 1334 1697 1367 ταῦτα,
1714 1334 1764 1368 τὴν
1794 1333 1899 1372 ἐπέρα-

1063 1383 1109 1400 τον
1139 1373 1279 1409 ἐπίκτησιν
1307 1373 1425 1403 εἴλοντο.
1456 1374 1524 1403 Οὐαὶ
1553 1374 1581 1402 δὶ
1611 1379 1670 1407 τοῖς
1696 1377 1742 1404 καὶ
1776 1378 1810 1405 τὰ
1832 1379 1899 1416 τρία

1063 1419 1366 1455 πραγματευσαμένοις·
1388 1419 1414 1446 οἳ
1447 1421 1655 1457 ταμιευσάμενοι
1683 1422 1718 1448 τὰ
1745 1422 1815 1460 πρὸς
1843 1427 1899 1458 τῆς

1062 1465 1161 1499 κουρᾶς
1190 1461 1249 1497 δύο,
1276 1462 1439 1501 προσέθεντο
1476 1464 1521 1492 καὶ
1557 1465 1591 1492 τὰ
1630 1467 1681 1498 τῆς
1709 1465 1896 1503 ἑπικτήσεως,

1062 1506 1184 1544 σχοινίον
1199 1507 1332 1545 ἁμαρτίας
1347 1510 1428 1536 τοῦτο
1447 1508 1597 1546 τρίπλοκον
1618 1509 1656 1541 ιΐς
1679 1511 1801 1548 ἀγχόνην
1831 1512 1896 1551 σίφ-

1063 1561 1103 1578 σιν
1117 1551 1209 1583 αὐτοῖς
1225 1550 1427 1587 ἐπιπλέξαντες.

1061 1640 1184 1667 τοιοῦτόν
1223 1651 1248 1668 τι
1283 1640 1378 1679 φῦλον,
1404 1642 1430 1668 οἳ
1453 1644 1502 1670 τοῦ
1525 1643 1722 1680 κουριύσασθαι
1745 1644 1778 1672 τό
1805 1645 1895 1682 ἐμπο-

1064 1684 1184 1722 ρεύεσθαι
1212 1684 1364 1720 ἁπώναντο,
1394 1686 1438 1714 καὶ
1474 1685 1560 1718 ἀδεῶς
1597 1687 1662 1715 αὐτὸ
1697 1688 1893 1726 πλημμελεῖν.

1064 1729 1110 1763 Μὴ
1144 1729 1359 1768 κρεοφαγοῢντές
1391 1740 1420 1758 τε
1448 1730 1511 1769 γὰρ,
1541 1730 1736 1769 κερδαίνουσιν,
1767 1734 1894 1772 ὀλιγοσι-

1062 1775 1172 1804 τοῦντες
1200 1773 1296 1809 οὕτως,
1312 1774 1357 1801 καὶ
1388 1773 1458 1811 μηδὲ
1479 1773 1678 1813 εὐλαϐούμενοι
1705 1776 1847 1813 δυνάστας,
1864 1778 1894 1807 οἳ

1063 1817 1277 1856 φορολογοῦντες
1317 1818 1495 1847 κολούσουσιν
1538 1819 1630 1852 αὐτοῖς
1661 1822 1711 1856 τὴν
1750 1822 1892 1859 ἐμπολήν.

1063 1861 1219 1899 Ἀμπέλου(
1234 1873 1263 1890 τε
1278 1862 1323 1890 σῦν
1344 1864 1504 1901 φωτεύουσι,
1518 1864 1563 1892 καὶ
1587 1866 1692 1900 κήπους
1722 1867 1888 1903 τημελοῦσι,

1063 1906 1107 1934 καὶ
1137 1909 1304 1944 ζωογονοῦσι
1337 1908 1467 1939 παντοίας
1497 1908 1605 1947 ἀγέλαςΙ
1627 1910 1750 1949 ἀφιέντες
1778 1913 1812 1939 τὰ
1848 1915 1899 1940 τοῦ

1063 1953 1130 1979 Θεοῦ
1160 1950 1216 1985 ζῶα
1245 1952 1271 1978 οἱ
1309 1950 1402 1983 ἄλλως
1439 1953 1572 1991 φιλόζωοι
1602 1953 1827 1993 ἐξαλογίζισθαι·
1851 1957 1898 1984 καὶ

1063 1993 1147 2022 πάντα
1171 1997 1290 2029 ποιοῦσι,
1317 1994 1351 2023 δι⁴
1381 1997 1417 2023 ὧν
1449 1999 1679 2036 φιλοτιμήσονται
1707 2002 1756 2027 τοῦ
1790 2001 1896 2038 κόσμου

1063 2040 1140 2067 εἶναι·
1155 2039 1201 2067 καὶ
1219 2039 1274 2078 οὐχ
1289 2040 1395 2075 ἁπλῶς,
1413 2040 1485 2069 ἀλλὰ
1514 2043 1655 2080 ἄρχοντες,
1669 2042 1716 2071 ’ίνα
1744 2045 1790 2072 καὶ
1817 2046 1895 2074 αὐτοὶ

1063 2084 1132 2122 φυτᾶ
1155 2084 1206 2112 εἶεν
1233 2084 1352 2122 οὐράνια,
1369 2085 1400 2113 οὑ
1425 2085 1493 2114 κατὰ
1507 2087 1552 2114 τὸν
1569 2090 1660 2127 σοφῶς
1687 2091 1770 2117 τοῦτο
1793 2091 1891 2118 τεθεω-

1062 2128 1176 2166 ρηκότα,
1205 2129 1306 2166 τρόπον
1336 2128 1364 2157 δὶ
1388 2128 1483 2167 ὀίλλονΙ
1509 2131 1546 2162 ὡς
1576 2131 1683 2170 οὐρανῷ
1723 2134 1772 2170 μὶν
1798 2134 1892 2162 ἐπικα-

1062 2172 1203 2210 λούμενοι,
1220 2174 1439 2213 προσπεφυκότες
1467 2174 1496 2203 δὲ
1524 2179 1581 2207 τοῖς
1609 2177 1671 2215 περὶ
1696 2179 1747 2213 τήν
1761 2182 1820 2216 γῆν.
1838 2180 1889 2207 Καὶ

1063 2218 1116 2262 μὴν
1129 2218 1161 2246 τὸ
1176 2217 1286 2257 φαύλως
1315 2218 1439 2257 οὐράνιον
1466 2219 1543 2247 οὐδὲν
1568 2221 1613 2248 τὸν
1641 2222 1780 2261 ἑωσφόρον
1817 2224 1886 2262 ὠφέ-

1061 2261 1154 2297 λησεν,
1171 2262 1271 2294 ὶκεῖθεν
1288 2262 1361 2290 κάτω
1376 2263 1500 2293 πεσόντα.

1094 2307 1140 2342 ξα’.
1158 2305 1221 2334 Ὧδε
1249 2309 1313 2344 γοῦν
1341 2309 1408 2344 ἡμῖν
1439 2309 1637 2346 καθισταμένου
1660 2311 1707 2338 καὶ
1736 2311 1813 2340 τοῦδε
1840 2310 1888 2339 τοῦ

1059 2349 1154 2388 λόγου,
1179 2350 1231 2388 δρ⁷,
1255 2351 1277 2378 ὦ
1307 2351 1588 2391 μεγαλοπρεπέστατε,
1607 2355 1628 2382 εἷ
1654 2356 1688 2383 τὰ
1710 2356 1774 2395 τρία
1795 2359 1886 2391 ταῦτα,

1056 2395 1105 2429 τὴν
1135 2395 1257 2433 ὕπαρξιν,
1272 2397 1322 2430 τὴν
1351 2400 1457 2432 κτῆσιν,
1474 2398 1519 2425 καὶ
1544 2399 1593 2433 τὴν
1620 2399 1763 2436 ἐπίκτησιν
1793 2401 1885 2439 πόρρω

1056 2439 1217 2476 ἀπετινάξω,
1232 2440 1277 2467 καὶ
1306 2439 1332 2467 εἷ’
1354 2441 1393 2477 μὴ
1424 2442 1526 2479 φόρτου
1554 2444 1657 2481 γέμεις·
1673 2445 1720 2472 τὸν
1738 2446 1786 2482 μὲν
1801 2444 1882 2483 ἔχων¹

1056 2482 1100 2510 ὅτε
1122 2486 1170 2511 τοῦ
1196 2487 1379 2521 πνευματικοῦ
1404 2486 1517 2523 λιμένος
1533 2487 1659 2525 γέγονας,
1670 2490 1717 2517 τὸν
1747 2489 1775 2518 δὶ
1802 2482 1883 2527 προσ-

1055 2529 1281 2565 επικτησάμενος.
1299 2530 1345 2557 Καὶ
1364 2531 1417 2567 μὴν
1433 2534 1514 2559 τοῦτο
1536 2532 1594 2570 ἔχει
1619 2544 1646 2560 τι
1669 2534 1715 2561 καὶ
1742 2537 1790 2562 τοῦ
1813 2533 1883 2561 εικό-

1053 2583 1110 2604 τος.
1127 2572 1271 2611 Πρόληψις
1291 2573 1342 2612 γὰρ
1367 2574 1456 2610 ἐκείνη
1483 2575 1587 2604 παλαιὰ
1609 2581 1807 2616 χρηματισμοῦ
1832 2578 1879 2606 ὄλ-

1053 2621 1105 2653 κῆς
1118 2628 1193 2648 τινος
1209 2617 1285 2655 λόγῳ
1300 2618 1444 2647 ἐπισπᾶται
1460 2621 1503 2648 καὶ
1527 2621 1561 2648 τὰ
1585 2621 1610 2657 ἐξ
1626 2621 1802 2658 ἐπικτήσεως.
1818 2625 1880 2651 Ὅτε

1054 2661 1082 2690 δέ
1107 2673 1148 2693 τις
1177 2662 1285 2699 λεπτὸς,
1311 2663 1365 2698 καὶ,
1392 2665 1429 2695 ὡς
1458 2664 1488 2692 ἃν
1519 2665 1590 2693 ε’ίποι
1614 2677 1666 2703 τις,
1697 2667 1820 2706 ὖπέρινος
1840 2668 1877 2703 τῇ

1052 2707 1205 2745 ἴσχνότητι,
1227 2707 1274 2735 τὸν
1298 2709 1406 2746 μονήρη
1433 2709 1492 2746 βίον
1516 2710 1683 2739 ὑπεισελθὼν
1715 2711 1874 2746 λιπαίνετιι,
