  <div class='ocr_page' id='page_1' title='image "/cluster/home/n/w/nwhite01/storage/ocr_20150623/135/njp.32101077773107/406.png"; bbox 0 0 2018 3158; ppageno 0'>
   <div class='ocr_carea' id='block_1_1' title="bbox 127 185 183 217">
    <p class='ocr_par' dir='ltr' id='par_1_1' title="bbox 127 185 183 217">
     <span class='ocr_line' id='line_1_1' title="bbox 127 185 183 217; baseline 0.054 -3"><span class='ocrx_word' id='word_1_1' title='bbox 127 185 183 217; x_wconf 77' lang='grc'><strong>781</strong></span> 
     </span>
    </p>
   </div>
   <div class='ocr_carea' id='block_1_2' title="bbox 631 184 1331 217">
    <p class='ocr_par' dir='ltr' id='par_1_2' title="bbox 631 184 1331 217">
     <span class='ocr_line' id='line_1_2' title="bbox 631 184 1331 217; baseline 0 -1"><span class='ocrx_word' id='word_1_2' title='bbox 631 186 684 217; x_wconf 83' lang='lat' dir='ltr'><strong>DE</strong></span> <span class='ocrx_word' id='word_1_3' title='bbox 705 185 948 217; x_wconf 79' lang='lat' dir='ltr'><strong>EMENDANDA</strong></span> <span class='ocrx_word' id='word_1_4' title='bbox 972 184 1067 216; x_wconf 79' lang='lat' dir='ltr'><strong>VITA</strong></span> <span class='ocrx_word' id='word_1_5' title='bbox 1088 184 1331 217; x_wconf 72' lang='lat' dir='ltr'><strong>MONACHIOA.</strong></span> 
     </span>
    </p>
   </div>
   <div class='ocr_carea' id='block_1_3' title="bbox 1773 186 1832 217">
    <p class='ocr_par' dir='ltr' id='par_1_3' title="bbox 1773 186 1832 217">
     <span class='ocr_line' id='line_1_3' title="bbox 1773 186 1832 217; baseline 0 0"><span class='ocrx_word' id='word_1_6' title='bbox 1773 186 1832 217; x_wconf 69' lang='lat'><strong>783</strong></span> 
     </span>
    </p>
   </div>
   <div class='ocr_carea' id='block_1_4' title="bbox 127 249 958 289">
    <p class='ocr_par' dir='ltr' id='par_1_4' title="bbox 127 249 951 288">
     <span class='ocr_line' id='line_1_4' title="bbox 127 249 951 288; baseline -0.001 -10"><span class='ocrx_word' id='word_1_7' title='bbox 127 250 286 288; x_wconf 75' lang='grc' dir='ltr'><strong>παχύνεται,</strong></span> <span class='ocrx_word' id='word_1_8' title='bbox 313 250 490 286; x_wconf 67' lang='grc' dir='ltr'><strong>πλατύνεται,</strong></span> <span class='ocrx_word' id='word_1_9' title='bbox 518 250 556 282; x_wconf 73' lang='grc' dir='ltr'><strong>εἷς</strong></span> <span class='ocrx_word' id='word_1_10' title='bbox 583 249 646 278; x_wconf 70' lang='grc' dir='ltr'>ὅσον</span> <span class='ocrx_word' id='word_1_11' title='bbox 676 249 739 278; x_wconf 69' lang='grc' dir='ltr'>οὐδὲ</span> <span class='ocrx_word' id='word_1_12' title='bbox 766 249 799 278; x_wconf 67' lang='grc' dir='ltr'><strong>τὰ</strong></span> <span class='ocrx_word' id='word_1_13' title='bbox 825 249 951 284; x_wconf 89' lang='grc' dir='ltr'>λακκιζό-</span> 
     </span>
    </p>
   </div>
   <div class='ocr_carea' id='block_1_5' title="bbox 1015 249 1834 289">
    <p class='ocr_par' dir='ltr' id='par_1_5' title="bbox 1015 250 1834 289">
     <span class='ocr_line' id='line_1_5' title="bbox 1015 250 1834 289; baseline 0.002 -11"><span class='ocrx_word' id='word_1_14' title='bbox 1015 250 1178 279; x_wconf 73' lang='lat' dir='ltr'><strong>inimalium</strong></span> <span class='ocrx_word' id='word_1_15' title='bbox 1196 251 1302 285; x_wconf 65' lang='lat' dir='ltr'><strong>offulae,</strong></span> <span class='ocrx_word' id='word_1_16' title='bbox 1319 252 1396 287; x_wconf 92' lang='lat' dir='ltr'><strong>quod</strong></span> <span class='ocrx_word' id='word_1_17' title='bbox 1413 252 1448 279; x_wconf 90' lang='lat' dir='ltr'><strong>de</strong></span> <span class='ocrx_word' id='word_1_18' title='bbox 1464 260 1550 280; x_wconf 84' lang='lat' dir='ltr'><strong>carne</strong></span> <span class='ocrx_word' id='word_1_19' title='bbox 1572 260 1629 280; x_wconf 89' lang='lat' dir='ltr'><strong>non</strong></span> <span class='ocrx_word' id='word_1_20' title='bbox 1657 251 1834 289; x_wconf 75' lang='lat' dir='ltr'><strong>intelligitur</strong></span> 
     </span>
    </p>
   </div>
   <div class='ocr_carea' id='block_1_6' title="bbox 128 294 952 333">
    <p class='ocr_par' dir='ltr' id='par_1_6' title="bbox 128 294 952 333">
     <span class='ocr_line' id='line_1_6' title="bbox 128 294 952 333; baseline 0 -11"><span class='ocrx_word' id='word_1_21' title='bbox 128 305 195 331; x_wconf 79' lang='grc' dir='ltr'>μενοι</span> <span class='ocrx_word' id='word_1_22' title='bbox 221 297 275 322; x_wconf 82' lang='grc' dir='ltr'><strong>τῶν</strong></span> <span class='ocrx_word' id='word_1_23' title='bbox 305 295 480 333; x_wconf 81' lang='grc' dir='ltr'><strong>θρεμμάτων,</strong></span> <span class='ocrx_word' id='word_1_24' title='bbox 509 295 553 323; x_wconf 76' lang='grc' dir='ltr'><strong>καὶ</strong></span> <span class='ocrx_word' id='word_1_25' title='bbox 583 295 632 323; x_wconf 79' lang='grc' dir='ltr'><strong>οὐκ</strong></span> <span class='ocrx_word' id='word_1_26' title='bbox 660 295 725 322; x_wconf 78' lang='grc' dir='ltr'>αὐτὸ</span> <span class='ocrx_word' id='word_1_27' title='bbox 740 295 770 322; x_wconf 83' lang='grc' dir='ltr'><strong>ού</strong></span> <span class='ocrx_word' id='word_1_28' title='bbox 784 295 852 322; x_wconf 79' lang='grc' dir='ltr'>κατὰ</span> <span class='ocrx_word' id='word_1_29' title='bbox 867 294 952 332; x_wconf 80' lang='grc' dir='ltr'><strong>σάρκα</strong></span> 
     </span>
    </p>
   </div>
   <div class='ocr_carea' id='block_1_7' title="bbox 127 337 950 378">
    <p class='ocr_par' dir='ltr' id='par_1_7' title="bbox 127 337 950 378">
     <span class='ocr_line' id='line_1_7' title="bbox 127 337 950 378; baseline 0 -12"><span class='ocrx_word' id='word_1_30' title='bbox 127 337 279 377; x_wconf 76' lang='grc' dir='ltr'>διατριϐῆς,</span> <span class='ocrx_word' id='word_1_31' title='bbox 295 338 359 367; x_wconf 71' lang='grc' dir='ltr'><strong>(Ξιλλ⁷</strong></span> <span class='ocrx_word' id='word_1_32' title='bbox 375 339 413 371; x_wconf 85' lang='grc' dir='ltr'>εἷς</span> <span class='ocrx_word' id='word_1_33' title='bbox 442 340 574 378; x_wconf 82' lang='grc' dir='ltr'>χρήματα</span> <span class='ocrx_word' id='word_1_34' title='bbox 589 338 624 366; x_wconf 84' lang='grc' dir='ltr'>δι’</span> <span class='ocrx_word' id='word_1_35' title='bbox 640 339 820 375; x_wconf 82' lang='grc' dir='ltr'>ἐπικτήσεως,</span> <span class='ocrx_word' id='word_1_36' title='bbox 844 341 904 370; x_wconf 84' lang='grc' dir='ltr'>πῶς</span> <span class='ocrx_word' id='word_1_37' title='bbox 921 338 950 366; x_wconf 74' lang='grc' dir='ltr'>ἂν</span> 
     </span>
    </p>
   </div>
   <div class='ocr_carea' id='block_1_8' title="bbox 126 383 954 423">
    <p class='ocr_par' dir='ltr' id='par_1_8' title="bbox 126 383 954 423">
     <span class='ocr_line' id='line_1_8' title="bbox 126 383 954 423; baseline 0 -12"><span class='ocrx_word' id='word_1_38' title='bbox 126 385 252 420; x_wconf 77' lang='grc' dir='ltr'>συοτήσει</span> <span class='ocrx_word' id='word_1_39' title='bbox 269 384 390 423; x_wconf 76' lang='grc' dir='ltr'>μοναχὸν</span> <span class='ocrx_word' id='word_1_40' title='bbox 419 384 513 412; x_wconf 70' lang='grc' dir='ltr'>ἑαυτὸν</span> <span class='ocrx_word' id='word_1_41' title='bbox 543 384 623 419; x_wconf 77' lang='grc' dir='ltr'>εἶναι,</span> <span class='ocrx_word' id='word_1_42' title='bbox 652 384 697 411; x_wconf 86' lang='grc' dir='ltr'><strong>καὶ</strong></span> <span class='ocrx_word' id='word_1_43' title='bbox 723 383 754 412; x_wconf 88' lang='grc' dir='ltr'><strong>ού</strong></span> <span class='ocrx_word' id='word_1_44' title='bbox 769 383 858 422; x_wconf 77' lang='grc' dir='ltr'>παχὺν</span> <span class='ocrx_word' id='word_1_45' title='bbox 877 384 954 419; x_wconf 78' lang='grc' dir='ltr'>βοῦν,</span> 
     </span>
    </p>
   </div>
   <div class='ocr_carea' id='block_1_9' title="bbox 127 428 291 466">
    <p class='ocr_par' dir='ltr' id='par_1_9' title="bbox 127 428 291 466">
     <span class='ocr_line' id='line_1_9' title="bbox 127 428 291 466; baseline 0 -10"><span class='ocrx_word' id='word_1_46' title='bbox 127 429 144 463; x_wconf 75' lang='grc' dir='ltr'><strong>ἢ</strong></span> <span class='ocrx_word' id='word_1_47' title='bbox 163 428 291 466; x_wconf 78' lang='grc' dir='ltr'><strong>μοσχίον.</strong></span> 
     </span>
    </p>
   </div>
   <div class='ocr_carea' id='block_1_10' title="bbox 163 469 954 510">
    <p class='ocr_par' dir='ltr' id='par_1_10' title="bbox 163 469 954 510">
     <span class='ocr_line' id='line_1_10' title="bbox 163 469 954 510; baseline -0.003 -10"><span class='ocrx_word' id='word_1_48' title='bbox 163 471 212 509; x_wconf 82' lang='grc' dir='ltr'><strong>ξβ’.</strong></span> <span class='ocrx_word' id='word_1_49' title='bbox 228 471 288 499; x_wconf 78' lang='grc' dir='ltr'>Εἰσὶ</span> <span class='ocrx_word' id='word_1_50' title='bbox 305 470 333 499; x_wconf 64' lang='grc' dir='ltr'><strong>δέ</strong></span> <span class='ocrx_word' id='word_1_51' title='bbox 347 481 418 502; x_wconf 70' lang='grc' dir='ltr'>τινες</span> <span class='ocrx_word' id='word_1_52' title='bbox 441 471 595 510; x_wconf 78' lang='grc' dir='ltr'>περίφημοι</span> <span class='ocrx_word' id='word_1_53' title='bbox 624 472 650 499; x_wconf 82' lang='grc' dir='ltr'>ἐν</span> <span class='ocrx_word' id='word_1_54' title='bbox 680 475 738 504; x_wconf 86' lang='grc' dir='ltr'>τοῖς</span> <span class='ocrx_word' id='word_1_55' title='bbox 763 472 908 504; x_wconf 74' lang='grc' dir='ltr'>τοιούτοις,</span> <span class='ocrx_word' id='word_1_56' title='bbox 929 469 954 498; x_wconf 70' lang='grc' dir='ltr'>ο¹ί</span> 
     </span>
    </p>
   </div>
   <div class='ocr_carea' id='block_1_11' title="bbox 126 516 955 554">
    <p class='ocr_par' dir='ltr' id='par_1_11' title="bbox 126 516 955 554">
     <span class='ocr_line' id='line_1_11' title="bbox 126 516 955 554; baseline 0 -11"><span class='ocrx_word' id='word_1_57' title='bbox 126 517 169 544; x_wconf 76' lang='grc' dir='ltr'><strong>καὶ</strong></span> <span class='ocrx_word' id='word_1_58' title='bbox 187 516 239 543; x_wconf 81' lang='grc' dir='ltr'><strong>ἀπὸ</strong></span> <span class='ocrx_word' id='word_1_59' title='bbox 266 518 458 554; x_wconf 79' lang='grc' dir='ltr'><strong>πραγματειῶν</strong></span> <span class='ocrx_word' id='word_1_60' title='bbox 484 516 690 552; x_wconf 84' lang='grc' dir='ltr'>πλουτίζονται.</span> <span class='ocrx_word' id='word_1_61' title='bbox 708 518 757 545; x_wconf 82' lang='grc' dir='ltr'><strong>Καὶ</strong></span> <span class='ocrx_word' id='word_1_62' title='bbox 789 517 837 544; x_wconf 76' lang='grc' dir='ltr'>οὐκ</span> <span class='ocrx_word' id='word_1_63' title='bbox 861 516 891 544; x_wconf 80' lang='grc' dir='ltr'><strong>ἂν</strong></span> <span class='ocrx_word' id='word_1_64' title='bbox 917 516 955 547; x_wconf 84' lang='grc' dir='ltr'>εἰς</span> 
     </span>
    </p>
   </div>
   <div class='ocr_carea' id='block_1_12' title="bbox 126 561 954 600">
    <p class='ocr_par' dir='ltr' id='par_1_12' title="bbox 126 561 954 600">
     <span class='ocr_line' id='line_1_12' title="bbox 126 561 954 600; baseline 0 -12"><span class='ocrx_word' id='word_1_65' title='bbox 126 561 199 589; x_wconf 76' lang='grc' dir='ltr'>πολὺ</span> <span class='ocrx_word' id='word_1_66' title='bbox 226 563 279 588; x_wconf 80' lang='grc' dir='ltr'><strong>τῶν</strong></span> <span class='ocrx_word' id='word_1_67' title='bbox 305 561 438 589; x_wconf 78' lang='grc' dir='ltr'>τοιούτων</span> <span class='ocrx_word' id='word_1_68' title='bbox 469 562 623 599; x_wconf 80' lang='grc' dir='ltr'>καθάψηται</span> <span class='ocrx_word' id='word_1_69' title='bbox 652 563 669 597; x_wconf 81' lang='grc' dir='ltr'>ἠ</span> <span class='ocrx_word' id='word_1_70' title='bbox 700 563 843 600; x_wconf 81' lang='grc' dir='ltr'>συγγραφή</span> <span class='ocrx_word' id='word_1_71' title='bbox 875 561 954 598; x_wconf 75' lang='grc' dir='ltr'>αὕτη,</span> 
     </span>
    </p>
   </div>
   <div class='ocr_carea' id='block_1_13' title="bbox 129 605 954 645">
    <p class='ocr_par' dir='ltr' id='par_1_13' title="bbox 129 605 954 645">
     <span class='ocr_line' id='line_1_13' title="bbox 129 605 954 645; baseline 0.001 -12"><span class='ocrx_word' id='word_1_72' title='bbox 129 606 167 643; x_wconf 84' lang='grc' dir='ltr'>μή</span> <span class='ocrx_word' id='word_1_73' title='bbox 193 605 238 633; x_wconf 81' lang='grc' dir='ltr'>καὶ</span> <span class='ocrx_word' id='word_1_74' title='bbox 263 605 395 643; x_wconf 80' lang='grc' dir='ltr'>χαίρωσιν</span> <span class='ocrx_word' id='word_1_75' title='bbox 424 605 582 640; x_wconf 72' lang='grc' dir='ltr'>ἀκούοντες,</span> <span class='ocrx_word' id='word_1_76' title='bbox 612 607 681 634; x_wconf 81' lang='grc' dir='ltr'>καθὰ</span> <span class='ocrx_word' id='word_1_77' title='bbox 707 607 752 634; x_wconf 86' lang='grc' dir='ltr'><strong>καὶ</strong></span> <span class='ocrx_word' id='word_1_78' title='bbox 780 607 954 645; x_wconf 80' lang='grc' dir='ltr'>πράττοντες.</span> 
     </span>
    </p>
   </div>
   <div class='ocr_carea' id='block_1_14' title="bbox 127 651 955 689">
    <p class='ocr_par' dir='ltr' id='par_1_14' title="bbox 127 651 955 689">
     <span class='ocr_line' id='line_1_14' title="bbox 127 651 955 689; baseline 0.001 -12"><span class='ocrx_word' id='word_1_79' title='bbox 127 653 301 688; x_wconf 84' lang='grc' dir='ltr'>Παρομαρτεῖ</span> <span class='ocrx_word' id='word_1_80' title='bbox 313 651 363 688; x_wconf 83' lang='grc' dir='ltr'><strong>γάρ</strong></span> <span class='ocrx_word' id='word_1_81' title='bbox 393 661 460 678; x_wconf 86' lang='grc' dir='ltr'>ποτε</span> <span class='ocrx_word' id='word_1_82' title='bbox 483 652 529 678; x_wconf 85' lang='grc' dir='ltr'><strong>καί</strong></span> <span class='ocrx_word' id='word_1_83' title='bbox 557 653 638 679; x_wconf 79' lang='grc' dir='ltr'>τοῦτο</span> <span class='ocrx_word' id='word_1_84' title='bbox 664 654 723 683; x_wconf 85' lang='grc' dir='ltr'>τοῖς</span> <span class='ocrx_word' id='word_1_85' title='bbox 747 653 796 678; x_wconf 77' lang='grc' dir='ltr'><strong>τοῦ</strong></span> <span class='ocrx_word' id='word_1_86' title='bbox 825 651 862 688; x_wconf 88' lang='grc' dir='ltr'>μή</span> <span class='ocrx_word' id='word_1_87' title='bbox 889 652 955 689; x_wconf 87' lang='grc' dir='ltr'>ἁγα-</span> 
     </span>
    </p>
   </div>
   <div class='ocr_carea' id='block_1_15' title="bbox 126 694 954 733">
    <p class='ocr_par' dir='ltr' id='par_1_15' title="bbox 126 694 954 733">
     <span class='ocr_line' id='line_1_15' title="bbox 126 694 954 733; baseline 0 -11"><span class='ocrx_word' id='word_1_88' title='bbox 126 697 174 727; x_wconf 83' lang='grc' dir='ltr'><strong>θοῦ</strong></span> <span class='ocrx_word' id='word_1_89' title='bbox 202 694 336 732; x_wconf 79' lang='grc' dir='ltr'>ἐρασταῖς,</span> <span class='ocrx_word' id='word_1_90' title='bbox 362 694 388 722; x_wconf 71' lang='grc' dir='ltr'>ο⁹ί</span> <span class='ocrx_word' id='word_1_91' title='bbox 417 695 566 733; x_wconf 74' lang='grc' dir='ltr'>ψεγόμενοι</span> <span class='ocrx_word' id='word_1_92' title='bbox 592 698 645 723; x_wconf 83' lang='grc' dir='ltr'>τῶν</span> <span class='ocrx_word' id='word_1_93' title='bbox 675 695 827 733; x_wconf 78' lang='grc' dir='ltr'>πρακτέων,</span> <span class='ocrx_word' id='word_1_94' title='bbox 854 695 954 723; x_wconf 71' lang='grc' dir='ltr'>ἐπιτεί-</span> 
     </span>
    </p>
   </div>
   <div class='ocr_carea' id='block_1_16' title="bbox 128 738 954 778">
    <p class='ocr_par' dir='ltr' id='par_1_16' title="bbox 128 738 954 778">
     <span class='ocr_line' id='line_1_16' title="bbox 128 738 954 778; baseline 0 -11"><span class='ocrx_word' id='word_1_95' title='bbox 128 750 203 767; x_wconf 78' lang='grc' dir='ltr'>νουσι</span> <span class='ocrx_word' id='word_1_96' title='bbox 230 741 280 775; x_wconf 79' lang='grc' dir='ltr'><strong>τήν</strong></span> <span class='ocrx_word' id='word_1_97' title='bbox 308 739 452 777; x_wconf 74' lang='grc' dir='ltr'>ἐπιθυμίαν</span> <span class='ocrx_word' id='word_1_98' title='bbox 482 740 519 772; x_wconf 80' lang='grc' dir='ltr'>εἷς</span> <span class='ocrx_word' id='word_1_99' title='bbox 550 738 766 778; x_wconf 75' lang='grc' dir='ltr'>ἀνυπέρϐλητον.</span> <span class='ocrx_word' id='word_1_100' title='bbox 781 739 861 768; x_wconf 80' lang='grc' dir='ltr'>Ἀλλ’</span> <span class='ocrx_word' id='word_1_101' title='bbox 877 740 954 768; x_wconf 79' lang='grc' dir='ltr'>αὐτοὶ</span> 
     </span>
    </p>
   </div>
   <div class='ocr_carea' id='block_1_17' title="bbox 129 782 954 824">
    <p class='ocr_par' dir='ltr' id='par_1_17' title="bbox 129 782 954 824">
     <span class='ocr_line' id='line_1_17' title="bbox 129 782 954 824; baseline 0 -13"><span class='ocrx_word' id='word_1_102' title='bbox 129 784 176 821; x_wconf 74' lang='grc' dir='ltr'><strong>μὶν</strong></span> <span class='ocrx_word' id='word_1_103' title='bbox 201 784 363 812; x_wconf 81' lang='grc' dir='ltr'>ποιείτωσαν</span> <span class='ocrx_word' id='word_1_104' title='bbox 395 785 426 812; x_wconf 87' lang='grc' dir='ltr'>τὸ</span> <span class='ocrx_word' id='word_1_105' title='bbox 455 784 543 824; x_wconf 83' lang='grc' dir='ltr'>σφίσιν</span> <span class='ocrx_word' id='word_1_106' title='bbox 572 784 677 824; x_wconf 73' lang='grc' dir='ltr'>ἐφετὸν,</span> <span class='ocrx_word' id='word_1_107' title='bbox 697 785 741 813; x_wconf 82' lang='grc' dir='ltr'><strong>καὶ</strong></span> <span class='ocrx_word' id='word_1_108' title='bbox 758 782 876 812; x_wconf 77' lang='grc' dir='ltr'>ἔστωσαν</span> <span class='ocrx_word' id='word_1_109' title='bbox 890 784 954 821; x_wconf 79' lang='grc' dir='ltr'>ψεύ-</span> 
     </span>
    </p>
   </div>
   <div class='ocr_carea' id='block_1_18' title="bbox 128 827 956 867">
    <p class='ocr_par' dir='ltr' id='par_1_18' title="bbox 128 827 956 867">
     <span class='ocr_line' id='line_1_18' title="bbox 128 827 956 867; baseline 0 -11"><span class='ocrx_word' id='word_1_110' title='bbox 128 827 249 866; x_wconf 82' lang='grc' dir='ltr'>δόμενοι,</span> <span class='ocrx_word' id='word_1_111' title='bbox 278 829 309 856; x_wconf 85' lang='grc' dir='ltr'>τὸ</span> <span class='ocrx_word' id='word_1_112' title='bbox 337 829 406 857; x_wconf 83' lang='grc' dir='ltr'>κατὰ</span> <span class='ocrx_word' id='word_1_113' title='bbox 432 830 482 864; x_wconf 78' lang='grc' dir='ltr'><strong>τήν</strong></span> <span class='ocrx_word' id='word_1_114' title='bbox 500 830 653 867; x_wconf 83' lang='grc' dir='ltr'>μοναχικήν</span> <span class='ocrx_word' id='word_1_115' title='bbox 669 829 810 857; x_wconf 80' lang='grc' dir='ltr'>πολιτείαν</span> <span class='ocrx_word' id='word_1_116' title='bbox 833 828 956 866; x_wconf 77' lang='grc' dir='ltr'>οὐράνιον</span> 
     </span>
    </p>
   </div>
   <div class='ocr_carea' id='block_1_19' title="bbox 127 872 954 913">
    <p class='ocr_par' dir='ltr' id='par_1_19' title="bbox 127 872 954 913">
     <span class='ocr_line' id='line_1_19' title="bbox 127 872 954 913; baseline 0 -12"><span class='ocrx_word' id='word_1_117' title='bbox 127 873 208 912; x_wconf 76' lang='grc' dir='ltr'>φυτὸν</span> <span class='ocrx_word' id='word_1_118' title='bbox 239 874 378 912; x_wconf 70' lang='grc' dir='ltr'>ἀφιέμενοι</span> <span class='ocrx_word' id='word_1_119' title='bbox 394 875 549 910; x_wconf 74' lang='grc' dir='ltr'>τεθηλέναι,</span> <span class='ocrx_word' id='word_1_120' title='bbox 580 872 630 905; x_wconf 79' lang='grc' dir='ltr'>ἕως</span> <span class='ocrx_word' id='word_1_121' title='bbox 658 873 688 901; x_wconf 76' lang='grc' dir='ltr'>ἂν</span> <span class='ocrx_word' id='word_1_122' title='bbox 719 874 736 909; x_wconf 79' lang='grc' dir='ltr'><strong>ἢ</strong></span> <span class='ocrx_word' id='word_1_123' title='bbox 756 874 857 911; x_wconf 77' lang='grc' dir='ltr'>καρπὸν</span> <span class='ocrx_word' id='word_1_124' title='bbox 870 873 954 913; x_wconf 70' lang='grc' dir='ltr'>ἐκφή-</span> 
     </span>
    </p>
   </div>
   <div class='ocr_carea' id='block_1_20' title="bbox 127 916 988 956">
    <p class='ocr_par' dir='ltr' id='par_1_20' title="bbox 127 916 988 956">
     <span class='ocr_line' id='line_1_20' title="bbox 127 916 988 956; baseline -0.001 -10"><span class='ocrx_word' id='word_1_125' title='bbox 127 929 218 952; x_wconf 86' lang='grc' dir='ltr'>νωσιν,</span> <span class='ocrx_word' id='word_1_126' title='bbox 237 918 274 949; x_wconf 80' lang='grc' dir='ltr'>εἷς</span> <span class='ocrx_word' id='word_1_127' title='bbox 291 918 320 946; x_wconf 83' lang='grc' dir='ltr'><strong>ὂν</strong></span> <span class='ocrx_word' id='word_1_128' title='bbox 335 918 494 956; x_wconf 83' lang='grc' dir='ltr'>πεφυκότες,</span> <span class='ocrx_word' id='word_1_129' title='bbox 524 918 601 955; x_wconf 75' lang='grc' dir='ltr'>ὅμως</span> <span class='ocrx_word' id='word_1_130' title='bbox 617 919 648 946; x_wconf 87' lang='grc' dir='ltr'><strong>ού</strong></span> <span class='ocrx_word' id='word_1_131' title='bbox 663 916 869 956; x_wconf 77' lang='grc' dir='ltr'>προϐάλλονται</span> <span class='ocrx_word' id='word_1_132' title='bbox 897 917 988 952; x_wconf 78' lang='grc' dir='ltr'>αὐτὸν,</span> 
     </span>
    </p>
   </div>
   <div class='ocr_carea' id='block_1_21' title="bbox 127 963 432 1001">
    <p class='ocr_par' dir='ltr' id='par_1_21' title="bbox 127 963 432 1001">
     <span class='ocr_line' id='line_1_21' title="bbox 127 963 432 1001; baseline 0.003 -11"><span class='ocrx_word' id='word_1_133' title='bbox 127 963 257 1000; x_wconf 69' lang='grc' dir='ltr'>γένωνται</span> <span class='ocrx_word' id='word_1_134' title='bbox 272 965 321 990; x_wconf 81' lang='grc' dir='ltr'>τοῦ</span> <span class='ocrx_word' id='word_1_135' title='bbox 336 963 432 1001; x_wconf 88' lang='grc' dir='ltr'>πυρός.</span> 
     </span>
    </p>
   </div>
   <div class='ocr_carea' id='block_1_22' title="bbox 164 1005 956 1045">
    <p class='ocr_par' dir='ltr' id='par_1_22' title="bbox 164 1005 956 1045">
     <span class='ocr_line' id='line_1_22' title="bbox 164 1005 956 1045; baseline 0 -11"><span class='ocrx_word' id='word_1_136' title='bbox 164 1007 212 1044; x_wconf 82' lang='grc' dir='ltr'>ξγ¹.</span> <span class='ocrx_word' id='word_1_137' title='bbox 230 1007 267 1034; x_wconf 85' lang='grc' dir='ltr'>Σὺ</span> <span class='ocrx_word' id='word_1_138' title='bbox 283 1005 312 1034; x_wconf 69' lang='grc' dir='ltr'><strong>δὲ</strong></span> <span class='ocrx_word' id='word_1_139' title='bbox 346 1007 461 1045; x_wconf 71' lang='grc' dir='ltr'>μοναχὲ,</span> <span class='ocrx_word' id='word_1_140' title='bbox 491 1008 505 1034; x_wconf 83' lang='grc' dir='ltr'>ὁ</span> <span class='ocrx_word' id='word_1_141' title='bbox 533 1008 602 1045; x_wconf 87' lang='grc' dir='ltr'>πρὸς</span> <span class='ocrx_word' id='word_1_142' title='bbox 631 1006 774 1043; x_wconf 79' lang='grc' dir='ltr'>ἀλήθειαν,</span> <span class='ocrx_word' id='word_1_143' title='bbox 808 1006 956 1043; x_wconf 72' lang='grc' dir='ltr'>μελέτησον</span> 
     </span>
    </p>
   </div>
   <div class='ocr_carea' id='block_1_23' title="bbox 129 1051 957 1088">
    <p class='ocr_par' dir='ltr' id='par_1_23' title="bbox 129 1051 957 1088">
     <span class='ocr_line' id='line_1_23' title="bbox 129 1051 957 1088; baseline 0 -9"><span class='ocrx_word' id='word_1_144' title='bbox 129 1051 174 1079; x_wconf 79' lang='grc' dir='ltr'><strong>σὺν</strong></span> <span class='ocrx_word' id='word_1_145' title='bbox 210 1054 279 1087; x_wconf 87' lang='grc' dir='ltr'>Θεῷ,</span> <span class='ocrx_word' id='word_1_146' title='bbox 318 1051 364 1079; x_wconf 87' lang='grc' dir='ltr'>καὶ</span> <span class='ocrx_word' id='word_1_147' title='bbox 404 1051 471 1088; x_wconf 88' lang='grc' dir='ltr'>μάθε</span> <span class='ocrx_word' id='word_1_148' title='bbox 504 1051 597 1083; x_wconf 82' lang='grc' dir='ltr'>καλῶς</span> <span class='ocrx_word' id='word_1_149' title='bbox 625 1051 782 1084; x_wconf 75' lang='grc' dir='ltr'>ἐπικτᾶσθαι</span> <span class='ocrx_word' id='word_1_150' title='bbox 813 1052 880 1088; x_wconf 79' lang='grc' dir='ltr'>μετὰ</span> <span class='ocrx_word' id='word_1_151' title='bbox 907 1052 957 1086; x_wconf 75' lang='grc' dir='ltr'>τὴν</span> 
     </span>
    </p>
   </div>
   <div class='ocr_carea' id='block_1_24' title="bbox 129 1095 958 1135">
    <p class='ocr_par' dir='ltr' id='par_1_24' title="bbox 129 1095 958 1135">
     <span class='ocr_line' id='line_1_24' title="bbox 129 1095 958 1135; baseline -0.001 -11"><span class='ocrx_word' id='word_1_152' title='bbox 129 1096 285 1135; x_wconf 84' lang='grc' dir='ltr'>ἁποκάρσιν·</span> <span class='ocrx_word' id='word_1_153' title='bbox 325 1096 370 1124; x_wconf 75' lang='grc' dir='ltr'>καὶ</span> <span class='ocrx_word' id='word_1_154' title='bbox 408 1099 490 1124; x_wconf 74' lang='grc' dir='ltr'>τοῦτο</span> <span class='ocrx_word' id='word_1_155' title='bbox 517 1097 555 1133; x_wconf 84' lang='grc' dir='ltr'>μή</span> <span class='ocrx_word' id='word_1_156' title='bbox 587 1096 729 1128; x_wconf 79' lang='grc' dir='ltr'>ἁπλοϊκῶς</span> <span class='ocrx_word' id='word_1_157' title='bbox 757 1096 856 1130; x_wconf 71' lang='grc' dir='ltr'>οὕτως,</span> <span class='ocrx_word' id='word_1_158' title='bbox 885 1095 958 1124; x_wconf 80' lang='grc' dir='ltr'>ἀλλὰ</span> 
     </span>
    </p>
   </div>
   <div class='ocr_carea' id='block_1_25' title="bbox 128 1139 957 1180">
    <p class='ocr_par' dir='ltr' id='par_1_25' title="bbox 128 1139 957 1180">
     <span class='ocr_line' id='line_1_25' title="bbox 128 1139 957 1180; baseline -0.001 -12"><span class='ocrx_word' id='word_1_159' title='bbox 128 1140 197 1178; x_wconf 88' lang='grc' dir='ltr'>πρὸς</span> <span class='ocrx_word' id='word_1_160' title='bbox 213 1139 342 1176; x_wconf 82' lang='grc' dir='ltr'>διπλόην,</span> <span class='ocrx_word' id='word_1_161' title='bbox 359 1141 389 1175; x_wconf 81' lang='grc' dir='ltr'>ἣν</span> <span class='ocrx_word' id='word_1_162' title='bbox 422 1141 523 1180; x_wconf 76' lang='grc' dir='ltr'>φθάσας</span> <span class='ocrx_word' id='word_1_163' title='bbox 539 1140 659 1176; x_wconf 74' lang='grc' dir='ltr'>ἤκουσας</span> <span class='ocrx_word' id='word_1_164' title='bbox 685 1140 800 1169; x_wconf 85' lang='grc' dir='ltr'>ἐνώπιον</span> <span class='ocrx_word' id='word_1_165' title='bbox 826 1143 903 1175; x_wconf 80' lang='grc' dir='ltr'>θεοῦ,</span> <span class='ocrx_word' id='word_1_166' title='bbox 920 1140 957 1171; x_wconf 80' lang='grc' dir='ltr'>ὡς</span> 
     </span>
    </p>
   </div>
   <div class='ocr_carea' id='block_1_26' title="bbox 127 1184 959 1224">
    <p class='ocr_par' dir='ltr' id='par_1_26' title="bbox 127 1184 959 1224">
     <span class='ocr_line' id='line_1_26' title="bbox 127 1184 959 1224; baseline 0 -12"><span class='ocrx_word' id='word_1_167' title='bbox 127 1185 172 1213; x_wconf 86' lang='grc' dir='ltr'><strong>καὶ</strong></span> <span class='ocrx_word' id='word_1_168' title='bbox 188 1185 202 1212; x_wconf 83' lang='grc' dir='ltr'>ὁ</span> <span class='ocrx_word' id='word_1_169' title='bbox 217 1184 353 1223; x_wconf 88' lang='grc' dir='ltr'>κουρεύων</span> <span class='ocrx_word' id='word_1_170' title='bbox 369 1184 543 1224; x_wconf 68' lang='grc' dir='ltr'>ἐξεφώνησεν,</span> <span class='ocrx_word' id='word_1_171' title='bbox 574 1184 604 1213; x_wconf 77' lang='grc' dir='ltr'>οὗ</span> <span class='ocrx_word' id='word_1_172' title='bbox 631 1184 721 1220; x_wconf 84' lang='grc' dir='ltr'>εἰδὼς,</span> <span class='ocrx_word' id='word_1_173' title='bbox 750 1185 776 1212; x_wconf 89' lang='grc' dir='ltr'><strong>τί</strong></span> <span class='ocrx_word' id='word_1_174' title='bbox 796 1184 900 1219; x_wconf 83' lang='grc' dir='ltr'>ἐλάλει,</span> <span class='ocrx_word' id='word_1_175' title='bbox 913 1184 959 1212; x_wconf 76' lang='grc' dir='ltr'>καί</span> 
     </span>
    </p>
   </div>
   <div class='ocr_carea' id='block_1_27' title="bbox 129 1226 957 1267">
    <p class='ocr_par' dir='ltr' id='par_1_27' title="bbox 129 1226 957 1267">
     <span class='ocr_line' id='line_1_27' title="bbox 129 1226 957 1267; baseline -0.001 -10"><span class='ocrx_word' id='word_1_176' title='bbox 129 1230 166 1261; x_wconf 83' lang='grc' dir='ltr'><strong>ὡς</strong></span> <span class='ocrx_word' id='word_1_177' title='bbox 194 1230 276 1261; x_wconf 78' lang='grc' dir='ltr'>αὐτὸς</span> <span class='ocrx_word' id='word_1_178' title='bbox 308 1228 382 1261; x_wconf 73' lang='grc' dir='ltr'>οἶδας</span> <span class='ocrx_word' id='word_1_179' title='bbox 397 1229 466 1267; x_wconf 84' lang='grc' dir='ltr'>πρὸς</span> <span class='ocrx_word' id='word_1_180' title='bbox 482 1226 631 1266; x_wconf 76' lang='grc' dir='ltr'>ἀκρίϐειαν,</span> <span class='ocrx_word' id='word_1_181' title='bbox 661 1229 706 1257; x_wconf 86' lang='grc' dir='ltr'><strong>καὶ</strong></span> <span class='ocrx_word' id='word_1_182' title='bbox 725 1230 762 1260; x_wconf 87' lang='grc' dir='ltr'>ὡς</span> <span class='ocrx_word' id='word_1_183' title='bbox 778 1230 804 1256; x_wconf 78' lang='grc' dir='ltr'>οἱ</span> <span class='ocrx_word' id='word_1_184' title='bbox 819 1231 957 1265; x_wconf 79' lang='grc' dir='ltr'>παριστῶ-</span> 
     </span>
    </p>
   </div>
   <div class='ocr_carea' id='block_1_28' title="bbox 127 1272 956 1311">
    <p class='ocr_par' dir='ltr' id='par_1_28' title="bbox 127 1272 956 1311">
     <span class='ocr_line' id='line_1_28' title="bbox 127 1272 956 1311; baseline 0 -11"><span class='ocrx_word' id='word_1_185' title='bbox 127 1284 171 1304; x_wconf 87' lang='grc' dir='ltr'><strong>τες</strong></span> <span class='ocrx_word' id='word_1_186' title='bbox 201 1273 372 1311; x_wconf 77' lang='grc' dir='ltr'>ἠκροάσαντο</span> <span class='ocrx_word' id='word_1_187' title='bbox 390 1294 396 1301; x_wconf 96' lang='grc'><em>.</em></span> <span class='ocrx_word' id='word_1_188' title='bbox 428 1273 561 1305; x_wconf 87' lang='grc' dir='ltr'>’Ήκουσας</span> <span class='ocrx_word' id='word_1_189' title='bbox 590 1272 618 1300; x_wconf 77' lang='grc' dir='ltr'><strong>δὲ</strong></span> <span class='ocrx_word' id='word_1_190' title='bbox 635 1295 642 1308; x_wconf 86' lang='grc'><strong>,</strong></span> <span class='ocrx_word' id='word_1_191' title='bbox 681 1274 725 1300; x_wconf 87' lang='grc' dir='ltr'><strong>καὶ</strong></span> <span class='ocrx_word' id='word_1_192' title='bbox 751 1273 901 1309; x_wconf 85' lang='grc' dir='ltr'>ἀπηρνήσω</span> <span class='ocrx_word' id='word_1_193' title='bbox 926 1273 956 1300; x_wconf 79' lang='grc' dir='ltr'>οὐ</span> 
     </span>
    </p>
   </div>
   <div class='ocr_carea' id='block_1_29' title="bbox 129 1315 958 1355">
    <p class='ocr_par' dir='ltr' id='par_1_29' title="bbox 129 1315 958 1355">
     <span class='ocr_line' id='line_1_29' title="bbox 129 1315 958 1355; baseline -0.001 -10"><span class='ocrx_word' id='word_1_194' title='bbox 129 1318 177 1352; x_wconf 83' lang='grc' dir='ltr'><strong>τήν</strong></span> <span class='ocrx_word' id='word_1_195' title='bbox 207 1316 302 1349; x_wconf 82' lang='grc' dir='ltr'>ἁπλῶς</span> <span class='ocrx_word' id='word_1_196' title='bbox 332 1317 377 1345; x_wconf 79' lang='grc' dir='ltr'><strong>καὶ</strong></span> <span class='ocrx_word' id='word_1_197' title='bbox 406 1318 475 1345; x_wconf 85' lang='grc' dir='ltr'>κατά</span> <span class='ocrx_word' id='word_1_198' title='bbox 501 1329 527 1345; x_wconf 94' lang='grc' dir='ltr'><strong>τι</strong></span> <span class='ocrx_word' id='word_1_199' title='bbox 559 1321 676 1355; x_wconf 81' lang='grc' dir='ltr'>μονῆρες</span> <span class='ocrx_word' id='word_1_200' title='bbox 710 1316 861 1352; x_wconf 77' lang='grc' dir='ltr'>ἐπίκτησιν·</span> <span class='ocrx_word' id='word_1_201' title='bbox 885 1315 958 1344; x_wconf 76' lang='grc' dir='ltr'>ἀλλὰ</span> 
     </span>
    </p>
   </div>
   <div class='ocr_carea' id='block_1_30' title="bbox 129 1360 958 1398">
    <p class='ocr_par' dir='ltr' id='par_1_30' title="bbox 129 1360 958 1398">
     <span class='ocr_line' id='line_1_30' title="bbox 129 1360 958 1398; baseline -0.004 -9"><span class='ocrx_word' id='word_1_202' title='bbox 129 1361 287 1398; x_wconf 74' lang='grc' dir='ltr'>προσέκειτο</span> <span class='ocrx_word' id='word_1_203' title='bbox 316 1361 342 1388; x_wconf 74' lang='grc' dir='ltr'>ἐν</span> <span class='ocrx_word' id='word_1_204' title='bbox 369 1364 428 1392; x_wconf 84' lang='grc' dir='ltr'>τοῖς</span> <span class='ocrx_word' id='word_1_205' title='bbox 453 1361 515 1389; x_wconf 77' lang='grc' dir='ltr'>τότε</span> <span class='ocrx_word' id='word_1_206' title='bbox 542 1362 588 1389; x_wconf 85' lang='grc' dir='ltr'><strong>καὶ</strong></span> <span class='ocrx_word' id='word_1_207' title='bbox 615 1362 647 1389; x_wconf 85' lang='grc' dir='ltr'><strong>τὸ</strong></span> <span class='ocrx_word' id='word_1_208' title='bbox 667 1372 677 1387; x_wconf 76' lang='grc' dir='ltr'><strong>ι</strong></span> <span class='ocrx_word' id='word_1_209' title='bbox 694 1362 744 1396; x_wconf 79' lang='grc' dir='ltr'>τὴν</span> <span class='ocrx_word' id='word_1_210' title='bbox 761 1360 926 1396; x_wconf 71' lang='grc' dir='ltr'>ἰδιάζουσαν,</span> <span class='ocrx_word' id='word_1_211' title='bbox 943 1372 958 1387; x_wconf 72' lang='grc' dir='ltr'>ι)</span> 
     </span>
    </p>
   </div>
   <div class='ocr_carea' id='block_1_31' title="bbox 130 1405 958 1443">
    <p class='ocr_par' dir='ltr' id='par_1_31' title="bbox 130 1405 958 1443">
     <span class='ocr_line' id='line_1_31' title="bbox 130 1405 958 1443; baseline 0 -10"><span class='ocrx_word' id='word_1_212' title='bbox 130 1407 145 1434; x_wconf 78' lang='grc' dir='ltr'>ὅ</span> <span class='ocrx_word' id='word_1_213' title='bbox 172 1406 267 1434; x_wconf 88' lang='grc' dir='ltr'>ταυτόν</span> <span class='ocrx_word' id='word_1_214' title='bbox 295 1405 352 1433; x_wconf 80' lang='grc' dir='ltr'>ἐστι</span> <span class='ocrx_word' id='word_1_215' title='bbox 375 1408 415 1443; x_wconf 83' lang='grc' dir='ltr'>τῷ</span> <span class='ocrx_word' id='word_1_216' title='bbox 441 1418 455 1432; x_wconf 89' lang='grc'><em>‹‹</em></span> <span class='ocrx_word' id='word_1_217' title='bbox 471 1407 521 1441; x_wconf 83' lang='grc' dir='ltr'><strong>τήν</strong></span> <span class='ocrx_word' id='word_1_218' title='bbox 537 1416 578 1434; x_wconf 84' lang='grc' dir='ltr'><strong>σοι</strong></span> <span class='ocrx_word' id='word_1_219' title='bbox 597 1406 673 1443; x_wconf 83' lang='grc' dir='ltr'>μόνῳ</span> <span class='ocrx_word' id='word_1_220' title='bbox 688 1405 767 1434; x_wconf 75' lang='grc' dir='ltr'>ἴδίαν’</span> <span class='ocrx_word' id='word_1_221' title='bbox 785 1418 798 1431; x_wconf 82' lang='grc'><strong>‹‹</strong></span> <span class='ocrx_word' id='word_1_222' title='bbox 810 1405 856 1433; x_wconf 70' lang='grc' dir='ltr'>’ίνα</span> <span class='ocrx_word' id='word_1_223' title='bbox 872 1407 910 1443; x_wconf 83' lang='grc' dir='ltr'>μὴ</span> <span class='ocrx_word' id='word_1_224' title='bbox 927 1406 958 1433; x_wconf 88' lang='grc' dir='ltr'>τὸ</span> 
     </span>
    </p>
   </div>
   <div class='ocr_carea' id='block_1_32' title="bbox 131 1449 958 1487">
    <p class='ocr_par' dir='ltr' id='par_1_32' title="bbox 131 1449 958 1487">
     <span class='ocr_line' id='line_1_32' title="bbox 131 1449 958 1487; baseline -0.001 -9"><span class='ocrx_word' id='word_1_225' title='bbox 131 1450 339 1487; x_wconf 84' lang='grc' dir='ltr'>Σολομώντιιον</span> <span class='ocrx_word' id='word_1_226' title='bbox 356 1449 448 1478; x_wconf 82' lang='grc' dir='ltr'>ἐκαῖνο</span> <span class='ocrx_word' id='word_1_227' title='bbox 464 1452 638 1487; x_wconf 86' lang='grc' dir='ltr'>παρανοήσας</span> <span class='ocrx_word' id='word_1_228' title='bbox 666 1450 708 1478; x_wconf 89' lang='grc' dir='ltr'>τό·</span> <span class='ocrx_word' id='word_1_229' title='bbox 726 1462 740 1477; x_wconf 81' lang='lat'>»</span> <span class='ocrx_word' id='word_1_230' title='bbox 758 1451 789 1478; x_wconf 85' lang='grc' dir='ltr'>Ἠ</span> <span class='ocrx_word' id='word_1_231' title='bbox 813 1451 889 1487; x_wconf 80' lang='grc' dir='ltr'>πηγή</span> <span class='ocrx_word' id='word_1_232' title='bbox 916 1461 958 1478; x_wconf 90' lang='grc' dir='ltr'><strong>σοι</strong></span> 
     </span>
    </p>
   </div>
   <div class='ocr_carea' id='block_1_33' title="bbox 129 1493 958 1531">
    <p class='ocr_par' dir='ltr' id='par_1_33' title="bbox 129 1493 958 1531">
     <span class='ocr_line' id='line_1_33' title="bbox 129 1493 958 1531; baseline 0 -9"><span class='ocrx_word' id='word_1_233' title='bbox 129 1497 177 1523; x_wconf 77' lang='grc' dir='ltr'><strong>τοῦ</strong></span> <span class='ocrx_word' id='word_1_234' title='bbox 206 1494 302 1526; x_wconf 75' lang='grc' dir='ltr'>ὕδατος</span> <span class='ocrx_word' id='word_1_235' title='bbox 330 1494 398 1522; x_wconf 76' lang='grc' dir='ltr'>ἔστω</span> <span class='ocrx_word' id='word_1_236' title='bbox 425 1493 492 1529; x_wconf 81' lang='grc' dir='ltr'>ΐδία,</span> <span class='ocrx_word' id='word_1_237' title='bbox 523 1506 537 1521; x_wconf 84' lang='grc'><strong>››</strong></span> <span class='ocrx_word' id='word_1_238' title='bbox 568 1494 728 1530; x_wconf 75' lang='grc' dir='ltr'>ἐξιδιοῦσθαι</span> <span class='ocrx_word' id='word_1_239' title='bbox 760 1494 912 1531; x_wconf 79' lang='grc' dir='ltr'>μελετήσῃς</span> <span class='ocrx_word' id='word_1_240' title='bbox 927 1495 958 1522; x_wconf 88' lang='grc' dir='ltr'>τὸ</span> 
     </span>
    </p>
   </div>
   <div class='ocr_carea' id='block_1_34' title="bbox 132 1538 960 1578">
    <p class='ocr_par' dir='ltr' id='par_1_34' title="bbox 132 1538 960 1578">
     <span class='ocr_line' id='line_1_34' title="bbox 132 1538 960 1578; baseline -0.004 -10"><span class='ocrx_word' id='word_1_241' title='bbox 132 1539 199 1576; x_wconf 81' lang='grc' dir='ltr'><strong>μετᾶ</strong></span> <span class='ocrx_word' id='word_1_242' title='bbox 224 1541 275 1575; x_wconf 78' lang='grc' dir='ltr'><strong>τήν</strong></span> <span class='ocrx_word' id='word_1_243' title='bbox 304 1539 404 1577; x_wconf 77' lang='grc' dir='ltr'>κουρὰν</span> <span class='ocrx_word' id='word_1_244' title='bbox 416 1538 541 1578; x_wconf 72' lang='grc' dir='ltr'>ἐπιρρἑν</span> <span class='ocrx_word' id='word_1_245' title='bbox 568 1549 610 1567; x_wconf 91' lang='grc' dir='ltr'><strong>σοι</strong></span> <span class='ocrx_word' id='word_1_246' title='bbox 637 1539 758 1573; x_wconf 77' lang='grc' dir='ltr'>ὁθενοῦν,</span> <span class='ocrx_word' id='word_1_247' title='bbox 783 1539 856 1566; x_wconf 85' lang='grc' dir='ltr'><strong>άλλά</strong></span> <span class='ocrx_word' id='word_1_248' title='bbox 882 1548 960 1576; x_wconf 84' lang='grc' dir='ltr'>μετο-</span> 
     </span>
    </p>
   </div>
   <div class='ocr_carea' id='block_1_35' title="bbox 130 1582 958 1623">
    <p class='ocr_par' dir='ltr' id='par_1_35' title="bbox 130 1582 958 1623">
     <span class='ocr_line' id='line_1_35' title="bbox 130 1582 958 1623; baseline -0.002 -11"><span class='ocrx_word' id='word_1_249' title='bbox 130 1591 244 1623; x_wconf 80' lang='grc' dir='ltr'>χετεὺῃς</span> <span class='ocrx_word' id='word_1_250' title='bbox 273 1584 351 1619; x_wconf 79' lang='grc' dir='ltr'>αὐτὸ,</span> <span class='ocrx_word' id='word_1_251' title='bbox 381 1582 443 1612; x_wconf 77' lang='grc' dir='ltr'>ἔνθα</span> <span class='ocrx_word' id='word_1_252' title='bbox 462 1584 568 1622; x_wconf 79' lang='grc' dir='ltr'>πρέπει·</span> <span class='ocrx_word' id='word_1_253' title='bbox 594 1584 639 1611; x_wconf 85' lang='grc' dir='ltr'><strong>καὶ</strong></span> <span class='ocrx_word' id='word_1_254' title='bbox 666 1584 805 1622; x_wconf 77' lang='grc' dir='ltr'>προεστὼς</span> <span class='ocrx_word' id='word_1_255' title='bbox 829 1583 874 1619; x_wconf 75' lang='grc' dir='ltr'>μὲν</span> <span class='ocrx_word' id='word_1_256' title='bbox 900 1594 958 1611; x_wconf 90' lang='grc' dir='ltr'>κοι-</span> 
     </span>
    </p>
   </div>
   <div class='ocr_carea' id='block_1_36' title="bbox 130 1628 956 1665">
    <p class='ocr_par' dir='ltr' id='par_1_36' title="bbox 130 1628 956 1665">
     <span class='ocr_line' id='line_1_36' title="bbox 130 1628 956 1665; baseline -0.001 -9"><span class='ocrx_word' id='word_1_257' title='bbox 130 1628 256 1665; x_wconf 87' lang='grc' dir='ltr'>νότητος,</span> <span class='ocrx_word' id='word_1_258' title='bbox 300 1629 527 1665; x_wconf 82' lang='grc' dir='ltr'>ἀποκαταστήσῃς</span> <span class='ocrx_word' id='word_1_259' title='bbox 565 1629 630 1656; x_wconf 81' lang='grc' dir='ltr'>αὐτὸ</span> <span class='ocrx_word' id='word_1_260' title='bbox 674 1631 708 1665; x_wconf 82' lang='grc' dir='ltr'><strong>τῇ</strong></span> <span class='ocrx_word' id='word_1_261' title='bbox 754 1629 956 1665; x_wconf 85' lang='grc' dir='ltr'>μοναστηριακῇ</span> 
     </span>
    </p>
   </div>
   <div class='ocr_carea' id='block_1_37' title="bbox 130 1671 955 1710">
    <p class='ocr_par' dir='ltr' id='par_1_37' title="bbox 130 1671 955 1710">
     <span class='ocr_line' id='line_1_37' title="bbox 130 1671 955 1710; baseline -0.002 -9"><span class='ocrx_word' id='word_1_262' title='bbox 130 1672 273 1710; x_wconf 77' lang='grc' dir='ltr'>δεξαμενῇ,</span> <span class='ocrx_word' id='word_1_263' title='bbox 301 1673 338 1704; x_wconf 85' lang='grc' dir='ltr'><strong>ὡς</strong></span> <span class='ocrx_word' id='word_1_264' title='bbox 362 1671 392 1700; x_wconf 75' lang='grc' dir='ltr'><strong>ἂν</strong></span> <span class='ocrx_word' id='word_1_265' title='bbox 428 1675 462 1710; x_wconf 84' lang='grc' dir='ltr'>τῇ</span> <span class='ocrx_word' id='word_1_266' title='bbox 502 1675 581 1710; x_wconf 83' lang='grc' dir='ltr'>κοινῇ</span> <span class='ocrx_word' id='word_1_267' title='bbox 609 1673 764 1709; x_wconf 79' lang='grc' dir='ltr'>συνεισέκθᾳ</span> <span class='ocrx_word' id='word_1_268' title='bbox 792 1673 885 1708; x_wconf 75' lang='grc' dir='ltr'>κτήσει</span> <span class='ocrx_word' id='word_1_269' title='bbox 911 1673 955 1700; x_wconf 78' lang='grc' dir='ltr'><strong>καὶ</strong></span> 
     </span>
    </p>
   </div>
   <div class='ocr_carea' id='block_1_38' title="bbox 130 1716 957 1757">
    <p class='ocr_par' dir='ltr' id='par_1_38' title="bbox 130 1716 957 1757">
     <span class='ocr_line' id='line_1_38' title="bbox 130 1716 957 1757; baseline -0.002 -11"><span class='ocrx_word' id='word_1_270' title='bbox 130 1718 205 1746; x_wconf 80' lang='grc' dir='ltr'>αὖτό-</span> <span class='ocrx_word' id='word_1_271' title='bbox 236 1717 356 1757; x_wconf 79' lang='grc' dir='ltr'>ὑφεστὼς</span> <span class='ocrx_word' id='word_1_272' title='bbox 371 1716 410 1754; x_wconf 75' lang='grc' dir='ltr'>δὲ,</span> <span class='ocrx_word' id='word_1_273' title='bbox 426 1717 470 1745; x_wconf 82' lang='grc' dir='ltr'><strong>καὶ</strong></span> <span class='ocrx_word' id='word_1_274' title='bbox 488 1717 575 1749; x_wconf 70' lang='grc' dir='ltr'>οὕτως</span> <span class='ocrx_word' id='word_1_275' title='bbox 604 1717 846 1754; x_wconf 76' lang='grc' dir='ltr'>ἰλαττονούμενος,</span> <span class='ocrx_word' id='word_1_276' title='bbox 874 1727 957 1753; x_wconf 81' lang='grc' dir='ltr'>προσ-</span> 
     </span>
    </p>
   </div>
   <div class='ocr_carea' id='block_1_39' title="bbox 130 1761 955 1801">
    <p class='ocr_par' dir='ltr' id='par_1_39' title="bbox 130 1761 955 1801">
     <span class='ocr_line' id='line_1_39' title="bbox 130 1761 955 1801; baseline -0.002 -10"><span class='ocrx_word' id='word_1_277' title='bbox 130 1763 234 1801; x_wconf 82' lang='grc' dir='ltr'>αγάγῃς</span> <span class='ocrx_word' id='word_1_278' title='bbox 264 1764 304 1799; x_wconf 84' lang='grc' dir='ltr'>τῷ</span> <span class='ocrx_word' id='word_1_279' title='bbox 332 1761 546 1800; x_wconf 76' lang='grc' dir='ltr'>καθηγουμένῳ,</span> <span class='ocrx_word' id='word_1_280' title='bbox 573 1761 620 1790; x_wconf 68' lang='grc' dir='ltr'>’ἕνα</span> <span class='ocrx_word' id='word_1_281' title='bbox 647 1762 748 1793; x_wconf 78' lang='grc' dir='ltr'>ἐκεῖνος</span> <span class='ocrx_word' id='word_1_282' title='bbox 776 1763 823 1799; x_wconf 73' lang='grc' dir='ltr'>μὲν</span> <span class='ocrx_word' id='word_1_283' title='bbox 852 1762 955 1798; x_wconf 83' lang='grc' dir='ltr'>ποιήσῃ</span> 
     </span>
    </p>
   </div>
   <div class='ocr_carea' id='block_1_40' title="bbox 130 1805 954 1844">
    <p class='ocr_par' dir='ltr' id='par_1_40' title="bbox 130 1805 954 1844">
     <span class='ocr_line' id='line_1_40' title="bbox 130 1805 954 1844; baseline -0.002 -10"><span class='ocrx_word' id='word_1_284' title='bbox 130 1808 161 1834; x_wconf 84' lang='grc' dir='ltr'>τὸ</span> <span class='ocrx_word' id='word_1_285' title='bbox 176 1806 326 1840; x_wconf 82' lang='grc' dir='ltr'>κανονικὸν,</span> <span class='ocrx_word' id='word_1_286' title='bbox 351 1808 368 1841; x_wconf 80' lang='grc' dir='ltr'>ἠ</span> <span class='ocrx_word' id='word_1_287' title='bbox 401 1805 429 1833; x_wconf 75' lang='grc' dir='ltr'><strong>δὲ</strong></span> <span class='ocrx_word' id='word_1_288' title='bbox 457 1806 483 1834; x_wconf 83' lang='grc' dir='ltr'>ἐν</span> <span class='ocrx_word' id='word_1_289' title='bbox 509 1807 563 1841; x_wconf 85' lang='grc' dir='ltr'>σοὶ,</span> <span class='ocrx_word' id='word_1_290' title='bbox 589 1806 723 1843; x_wconf 84' lang='grc' dir='ltr'>σεμνότης</span> <span class='ocrx_word' id='word_1_291' title='bbox 739 1805 889 1844; x_wconf 76' lang='grc' dir='ltr'>φυλάξηται</span> <span class='ocrx_word' id='word_1_292' title='bbox 905 1806 954 1840; x_wconf 73' lang='grc' dir='ltr'><strong>τὴν</strong></span> 
     </span>
    </p>
   </div>
   <div class='ocr_carea' id='block_1_41' title="bbox 132 1849 954 1888">
    <p class='ocr_par' dir='ltr' id='par_1_41' title="bbox 132 1849 954 1888">
     <span class='ocr_line' id='line_1_41' title="bbox 132 1849 954 1888; baseline -0.002 -9"><span class='ocrx_word' id='word_1_293' title='bbox 132 1851 168 1879; x_wconf 82' lang='grc' dir='ltr'>δι’</span> <span class='ocrx_word' id='word_1_294' title='bbox 196 1850 363 1886; x_wconf 65' lang='grc' dir='ltr'>ἐπικτήσεως</span> <span class='ocrx_word' id='word_1_295' title='bbox 393 1850 663 1888; x_wconf 85' lang='grc' dir='ltr'>πολυκτημοσύνην,</span> <span class='ocrx_word' id='word_1_296' title='bbox 693 1851 730 1882; x_wconf 89' lang='grc' dir='ltr'><strong>ὡς</strong></span> <span class='ocrx_word' id='word_1_297' title='bbox 758 1849 954 1888; x_wconf 84' lang='grc' dir='ltr'>παρήγγελται,</span> 
     </span>
    </p>
   </div>
   <div class='ocr_carea' id='block_1_42' title="bbox 132 1893 955 1933">
    <p class='ocr_par' dir='ltr' id='par_1_42' title="bbox 132 1893 955 1933">
     <span class='ocr_line' id='line_1_42' title="bbox 132 1893 955 1933; baseline -0.001 -10"><span class='ocrx_word' id='word_1_298' title='bbox 132 1896 176 1924; x_wconf 88' lang='grc' dir='ltr'><strong>καὶ</strong></span> <span class='ocrx_word' id='word_1_299' title='bbox 204 1896 254 1930; x_wconf 78' lang='grc' dir='ltr'>τὴν</span> <span class='ocrx_word' id='word_1_300' title='bbox 283 1895 403 1927; x_wconf 80' lang='grc' dir='ltr'>ἐκτεῦθεν</span> <span class='ocrx_word' id='word_1_301' title='bbox 433 1896 648 1933; x_wconf 80' lang='grc' dir='ltr'>ἀσχημοσύνην·</span> <span class='ocrx_word' id='word_1_302' title='bbox 683 1894 718 1922; x_wconf 80' lang='grc' dir='ltr'><strong>δι’</strong></span> <span class='ocrx_word' id='word_1_303' title='bbox 744 1896 774 1930; x_wconf 78' lang='grc' dir='ltr'>ἢν</span> <span class='ocrx_word' id='word_1_304' title='bbox 804 1893 955 1922; x_wconf 80' lang='grc' dir='ltr'>κεκώλυται</span> 
     </span>
    </p>
   </div>
   <div class='ocr_carea' id='block_1_43' title="bbox 132 1939 956 1978">
    <p class='ocr_par' dir='ltr' id='par_1_43' title="bbox 132 1939 956 1978">
     <span class='ocr_line' id='line_1_43' title="bbox 132 1939 956 1978; baseline -0.001 -10"><span class='ocrx_word' id='word_1_305' title='bbox 132 1943 190 1972; x_wconf 86' lang='grc' dir='ltr'>τοῖς</span> <span class='ocrx_word' id='word_1_306' title='bbox 209 1940 370 1977; x_wconf 87' lang='grc' dir='ltr'>μονάζουσιν</span> <span class='ocrx_word' id='word_1_307' title='bbox 397 1939 427 1967; x_wconf 83' lang='grc' dir='ltr'><strong>ού</strong></span> <span class='ocrx_word' id='word_1_308' title='bbox 456 1939 522 1978; x_wconf 79' lang='grc' dir='ltr'>δίχα</span> <span class='ocrx_word' id='word_1_309' title='bbox 546 1940 779 1978; x_wconf 82' lang='grc' dir='ltr'>παρασημάνσεως</span> <span class='ocrx_word' id='word_1_310' title='bbox 808 1940 838 1967; x_wconf 87' lang='grc' dir='ltr'>τὸ</span> <span class='ocrx_word' id='word_1_311' title='bbox 866 1939 883 1974; x_wconf 76' lang='grc' dir='ltr'><strong>ἢ</strong></span> <span class='ocrx_word' id='word_1_312' title='bbox 912 1949 956 1966; x_wconf 84' lang='grc' dir='ltr'>κε-</span> 
     </span>
    </p>
   </div>
   <div class='ocr_carea' id='block_1_44' title="bbox 133 1983 958 2022">
    <p class='ocr_par' dir='ltr' id='par_1_44' title="bbox 133 1983 958 2022">
     <span class='ocr_line' id='line_1_44' title="bbox 133 1983 958 2022; baseline -0.002 -9"><span class='ocrx_word' id='word_1_313' title='bbox 133 1986 257 2020; x_wconf 81' lang='grc' dir='ltr'>κτῆσθαι,</span> <span class='ocrx_word' id='word_1_314' title='bbox 286 1985 304 2019; x_wconf 75' lang='grc' dir='ltr'>ἢ</span> <span class='ocrx_word' id='word_1_315' title='bbox 333 1987 574 2022; x_wconf 70' lang='grc' dir='ltr'>προππικτᾶσθαι,</span> <span class='ocrx_word' id='word_1_316' title='bbox 603 1984 676 2012; x_wconf 81' lang='grc' dir='ltr'>ἀλλὰ</span> <span class='ocrx_word' id='word_1_317' title='bbox 700 1984 732 2012; x_wconf 87' lang='grc' dir='ltr'>τὸ</span> <span class='ocrx_word' id='word_1_318' title='bbox 761 1983 884 2019; x_wconf 74' lang='grc' dir='ltr'>ἰδιάζον·</span> <span class='ocrx_word' id='word_1_319' title='bbox 911 1983 958 2011; x_wconf 68' lang='grc' dir='ltr'>’ίνα</span> 
     </span>
    </p>
   </div>
   <div class='ocr_carea' id='block_1_45' title="bbox 134 2028 957 2067">
    <p class='ocr_par' dir='ltr' id='par_1_45' title="bbox 134 2028 957 2067">
     <span class='ocr_line' id='line_1_45' title="bbox 134 2028 957 2067; baseline -0.002 -9"><span class='ocrx_word' id='word_1_320' title='bbox 134 2029 226 2059; x_wconf 83' lang='grc' dir='ltr'>πολλά</span> <span class='ocrx_word' id='word_1_321' title='bbox 252 2030 321 2057; x_wconf 80' lang='grc' dir='ltr'>κακὰ</span> <span class='ocrx_word' id='word_1_322' title='bbox 335 2028 447 2067; x_wconf 72' lang='grc' dir='ltr'>ἱκθύγῃς</span> <span class='ocrx_word' id='word_1_323' title='bbox 473 2029 645 2066; x_wconf 84' lang='grc' dir='ltr'>ἀκτημονῶν.</span> <span class='ocrx_word' id='word_1_324' title='bbox 676 2029 876 2060; x_wconf 82' lang='grc' dir='ltr'>Πολυσύνθετος</span> <span class='ocrx_word' id='word_1_325' title='bbox 905 2029 957 2066; x_wconf 77' lang='grc' dir='ltr'><strong>γὰρ</strong></span> 
     </span>
    </p>
   </div>
   <div class='ocr_carea' id='block_1_46' title="bbox 135 2073 958 2113">
    <p class='ocr_par' dir='ltr' id='par_1_46' title="bbox 135 2073 958 2113">
     <span class='ocr_line' id='line_1_46' title="bbox 135 2073 958 2113; baseline -0.004 -11"><span class='ocrx_word' id='word_1_326' title='bbox 135 2074 274 2113; x_wconf 80' lang='grc' dir='ltr'>φαυλότης</span> <span class='ocrx_word' id='word_1_327' title='bbox 298 2073 342 2101; x_wconf 86' lang='grc' dir='ltr'><strong>καὶ</strong></span> <span class='ocrx_word' id='word_1_328' title='bbox 371 2074 402 2101; x_wconf 86' lang='grc' dir='ltr'>τὸ</span> <span class='ocrx_word' id='word_1_329' title='bbox 429 2073 663 2110; x_wconf 85' lang='grc' dir='ltr'>πολυκτημονεῖν,</span> <span class='ocrx_word' id='word_1_330' title='bbox 688 2074 711 2109; x_wconf 86' lang='grc' dir='ltr'>ᾦ</span> <span class='ocrx_word' id='word_1_331' title='bbox 726 2073 770 2100; x_wconf 72' lang='grc' dir='ltr'><strong>καί</strong></span> <span class='ocrx_word' id='word_1_332' title='bbox 788 2073 872 2108; x_wconf 81' lang='grc' dir='ltr'>ζῆλος</span> <span class='ocrx_word' id='word_1_333' title='bbox 892 2083 958 2110; x_wconf 87' lang='grc' dir='ltr'>παρ-</span> 
     </span>
    </p>
   </div>
   <div class='ocr_carea' id='block_1_47' title="bbox 134 2116 957 2156">
    <p class='ocr_par' dir='ltr' id='par_1_47' title="bbox 134 2116 957 2156">
     <span class='ocr_line' id='line_1_47' title="bbox 134 2116 957 2156; baseline -0.005 -9"><span class='ocrx_word' id='word_1_334' title='bbox 134 2120 237 2153; x_wconf 73' lang='grc' dir='ltr'>έπεται,</span> <span class='ocrx_word' id='word_1_335' title='bbox 253 2118 299 2146; x_wconf 87' lang='grc' dir='ltr'><strong>καὶ</strong></span> <span class='ocrx_word' id='word_1_336' title='bbox 314 2116 380 2156; x_wconf 76' lang='grc' dir='ltr'>ἔρις,</span> <span class='ocrx_word' id='word_1_337' title='bbox 396 2118 441 2145; x_wconf 84' lang='grc' dir='ltr'><strong>καὶ</strong></span> <span class='ocrx_word' id='word_1_338' title='bbox 461 2116 623 2153; x_wconf 70' lang='grc' dir='ltr'>ἀδιακρισία,</span> <span class='ocrx_word' id='word_1_339' title='bbox 646 2118 689 2144; x_wconf 76' lang='grc' dir='ltr'>καὶ</span> <span class='ocrx_word' id='word_1_340' title='bbox 707 2117 867 2156; x_wconf 84' lang='grc' dir='ltr'>περιττότης</span> <span class='ocrx_word' id='word_1_341' title='bbox 881 2118 957 2152; x_wconf 82' lang='grc' dir='ltr'>κενὴ,</span> 
     </span>
    </p>
   </div>
   <div class='ocr_carea' id='block_1_48' title="bbox 134 2161 958 2199">
    <p class='ocr_par' dir='ltr' id='par_1_48' title="bbox 134 2161 958 2199">
     <span class='ocr_line' id='line_1_48' title="bbox 134 2161 958 2199; baseline -0.005 -7"><span class='ocrx_word' id='word_1_342' title='bbox 134 2164 179 2192; x_wconf 80' lang='grc' dir='ltr'><strong>καὶ</strong></span> <span class='ocrx_word' id='word_1_343' title='bbox 192 2162 279 2198; x_wconf 81' lang='grc' dir='ltr'>ἦδονή</span> <span class='ocrx_word' id='word_1_344' title='bbox 295 2162 324 2190; x_wconf 73' lang='grc' dir='ltr'><strong>δὲ</strong></span> <span class='ocrx_word' id='word_1_345' title='bbox 341 2163 450 2199; x_wconf 83' lang='grc' dir='ltr'>ματαία,</span> <span class='ocrx_word' id='word_1_346' title='bbox 467 2163 510 2190; x_wconf 84' lang='grc' dir='ltr'><strong>καὶ</strong></span> <span class='ocrx_word' id='word_1_347' title='bbox 540 2161 603 2198; x_wconf 80' lang='grc' dir='ltr'>δόξα</span> <span class='ocrx_word' id='word_1_348' title='bbox 627 2162 719 2198; x_wconf 88' lang='grc' dir='ltr'>ὁμοία·</span> <span class='ocrx_word' id='word_1_349' title='bbox 738 2163 779 2193; x_wconf 82' lang='grc' dir='ltr'>οἷς</span> <span class='ocrx_word' id='word_1_350' title='bbox 804 2161 847 2189; x_wconf 88' lang='grc' dir='ltr'><strong>καὶ</strong></span> <span class='ocrx_word' id='word_1_351' title='bbox 867 2161 958 2192; x_wconf 79' lang='grc' dir='ltr'>αὐτοῖς</span> 
     </span>
    </p>
   </div>
   <div class='ocr_carea' id='block_1_49' title="bbox 135 2206 959 2246">
    <p class='ocr_par' dir='ltr' id='par_1_49' title="bbox 135 2206 959 2246">
     <span class='ocr_line' id='line_1_49' title="bbox 135 2206 959 2246; baseline -0.004 -10"><span class='ocrx_word' id='word_1_352' title='bbox 135 2209 149 2236; x_wconf 83' lang='grc' dir='ltr'>ὁ</span> <span class='ocrx_word' id='word_1_353' title='bbox 164 2208 265 2246; x_wconf 80' lang='grc' dir='ltr'>κυρίως</span> <span class='ocrx_word' id='word_1_354' title='bbox 282 2208 404 2245; x_wconf 82' lang='grc' dir='ltr'>μοναχὸς</span> <span class='ocrx_word' id='word_1_355' title='bbox 421 2206 580 2242; x_wconf 75' lang='grc' dir='ltr'>ἀπετάξατο,</span> <span class='ocrx_word' id='word_1_356' title='bbox 604 2207 673 2239; x_wconf 73' lang='grc' dir='ltr'>καθὰ</span> <span class='ocrx_word' id='word_1_357' title='bbox 697 2207 743 2234; x_wconf 82' lang='grc' dir='ltr'><strong>καὶ</strong></span> <span class='ocrx_word' id='word_1_358' title='bbox 772 2208 805 2243; x_wconf 82' lang='grc' dir='ltr'><strong>τῇ</strong></span> <span class='ocrx_word' id='word_1_359' title='bbox 822 2206 959 2245; x_wconf 73' lang='grc' dir='ltr'>λαθροφα-</span> 
     </span>
    </p>
   </div>
   <div class='ocr_carea' id='block_1_50' title="bbox 135 2249 960 2290">
    <p class='ocr_par' dir='ltr' id='par_1_50' title="bbox 135 2249 960 2290">
     <span class='ocr_line' id='line_1_50' title="bbox 135 2249 960 2290; baseline -0.004 -10"><span class='ocrx_word' id='word_1_360' title='bbox 135 2253 190 2290; x_wconf 78' lang='grc' dir='ltr'>γίᾳ,</span> <span class='ocrx_word' id='word_1_361' title='bbox 206 2253 236 2287; x_wconf 81' lang='grc' dir='ltr'>ἢν</span> <span class='ocrx_word' id='word_1_362' title='bbox 259 2251 309 2280; x_wconf 72' lang='grc' dir='ltr'>οὐκ</span> <span class='ocrx_word' id='word_1_363' title='bbox 323 2251 353 2280; x_wconf 83' lang='grc' dir='ltr'><strong>ἃν</strong></span> <span class='ocrx_word' id='word_1_364' title='bbox 369 2250 430 2290; x_wconf 78' lang='grc' dir='ltr'>ἔχοι</span> <span class='ocrx_word' id='word_1_365' title='bbox 452 2252 490 2288; x_wconf 81' lang='grc' dir='ltr'>μὴ</span> <span class='ocrx_word' id='word_1_366' title='bbox 507 2251 676 2290; x_wconf 79' lang='grc' dir='ltr'>ἐγκαλεῖσθαι</span> <span class='ocrx_word' id='word_1_367' title='bbox 716 2254 774 2278; x_wconf 75' lang='grc' dir='ltr'>κατ’</span> <span class='ocrx_word' id='word_1_368' title='bbox 790 2249 858 2278; x_wconf 78' lang='grc' dir='ltr'>ἲδίαν</span> <span class='ocrx_word' id='word_1_369' title='bbox 888 2260 960 2289; x_wconf 88' lang='grc' dir='ltr'>χρη-</span> 
     </span>
    </p>
   </div>
   <div class='ocr_carea' id='block_1_51' title="bbox 139 2295 961 2335">
    <p class='ocr_par' dir='ltr' id='par_1_51' title="bbox 139 2295 961 2335">
     <span class='ocr_line' id='line_1_51' title="bbox 139 2295 961 2335; baseline -0.001 -11"><span class='ocrx_word' id='word_1_370' title='bbox 139 2297 329 2334; x_wconf 85' lang='grc' dir='ltr'>ματιζόμενος.</span> <span class='ocrx_word' id='word_1_371' title='bbox 368 2298 397 2326; x_wconf 89' lang='grc' dir='ltr'>Ὁ</span> <span class='ocrx_word' id='word_1_372' title='bbox 438 2297 490 2335; x_wconf 77' lang='grc' dir='ltr'><strong>γὰρ</strong></span> <span class='ocrx_word' id='word_1_373' title='bbox 524 2298 571 2324; x_wconf 76' lang='grc' dir='ltr'>τοῦ</span> <span class='ocrx_word' id='word_1_374' title='bbox 609 2296 733 2333; x_wconf 73' lang='grc' dir='ltr'>μείζονος</span> <span class='ocrx_word' id='word_1_375' title='bbox 781 2295 961 2332; x_wconf 83' lang='grc' dir='ltr'>ἁλισκόμενος</span> 
     </span>
    </p>
   </div>
   <div class='ocr_carea' id='block_1_52' title="bbox 1006 295 1834 332">
    <p class='ocr_par' dir='ltr' id='par_1_52' title="bbox 1006 295 1834 332">
     <span class='ocr_line' id='line_1_52' title="bbox 1006 295 1834 332; baseline 0.002 -9"><span class='ocrx_word' id='word_1_376' title='bbox 1006 296 1056 323; x_wconf 78' lang='lat' dir='ltr'><strong>sed</strong></span> <span class='ocrx_word' id='word_1_377' title='bbox 1072 295 1107 323; x_wconf 89' lang='lat' dir='ltr'><strong>de</strong></span> <span class='ocrx_word' id='word_1_378' title='bbox 1122 296 1205 324; x_wconf 87' lang='lat' dir='ltr'><strong>novis</strong></span> <span class='ocrx_word' id='word_1_379' title='bbox 1234 295 1388 332; x_wconf 86' lang='lat' dir='ltr'><strong>acquisitis</strong></span> <span class='ocrx_word' id='word_1_380' title='bbox 1417 296 1539 330; x_wconf 76' lang='lat' dir='ltr'><strong>divitiis,</strong></span> <span class='ocrx_word' id='word_1_381' title='bbox 1556 296 1702 332; x_wconf 88' lang='lat' dir='ltr'><strong>quomodo</strong></span> <span class='ocrx_word' id='word_1_382' title='bbox 1724 305 1754 325; x_wconf 88' lang='lat' dir='ltr'><strong>se</strong></span> <span class='ocrx_word' id='word_1_383' title='bbox 1770 304 1834 325; x_wconf 88' lang='lat' dir='ltr'><strong>mo-</strong></span> 
     </span>
    </p>
   </div>
   <div class='ocr_carea' id='block_1_53' title="bbox 1007 340 1833 377">
    <p class='ocr_par' dir='ltr' id='par_1_53' title="bbox 1007 340 1833 377">
     <span class='ocr_line' id='line_1_53' title="bbox 1007 340 1833 377; baseline 0.002 -10"><span class='ocrx_word' id='word_1_384' title='bbox 1007 340 1134 368; x_wconf 88' lang='lat' dir='ltr'><strong>nachum</strong></span> <span class='ocrx_word' id='word_1_385' title='bbox 1151 349 1227 375; x_wconf 87' lang='lat' dir='ltr'><strong>esse,</strong></span> <span class='ocrx_word' id='word_1_386' title='bbox 1256 349 1313 368; x_wconf 89' lang='lat' dir='ltr'><strong>non</strong></span> <span class='ocrx_word' id='word_1_387' title='bbox 1341 341 1480 377; x_wconf 80' lang='lat' dir='ltr'><strong>pinguem</strong></span> <span class='ocrx_word' id='word_1_388' title='bbox 1510 340 1626 374; x_wconf 87' lang='lat' dir='ltr'><strong>bovem,</strong></span> <span class='ocrx_word' id='word_1_389' title='bbox 1642 349 1693 369; x_wconf 89' lang='lat' dir='ltr'><strong>seu</strong></span> <span class='ocrx_word' id='word_1_390' title='bbox 1708 341 1833 370; x_wconf 91' lang='lat' dir='ltr'><strong>vitulum</strong></span> 
     </span>
    </p>
   </div>
   <div class='ocr_carea' id='block_1_54' title="bbox 1009 384 1167 420">
    <p class='ocr_par' dir='ltr' id='par_1_54' title="bbox 1009 384 1167 420">
     <span class='ocr_line' id='line_1_54' title="bbox 1009 384 1167 420; baseline 0 -8"><span class='ocrx_word' id='word_1_391' title='bbox 1009 384 1167 420; x_wconf 78' lang='lat' dir='ltr'><strong>probabit?</strong></span> 
     </span>
    </p>
   </div>
   <div class='ocr_carea' id='block_1_55' title="bbox 1044 471 1834 508">
    <p class='ocr_par' dir='ltr' id='par_1_55' title="bbox 1044 471 1834 508">
     <span class='ocr_line' id='line_1_55' title="bbox 1044 471 1834 508; baseline 0 -8"><span class='ocrx_word' id='word_1_392' title='bbox 1044 472 1088 500; x_wconf 84' lang='grc'><strong>62.</strong></span> <span class='ocrx_word' id='word_1_393' title='bbox 1107 473 1185 500; x_wconf 83' lang='lat' dir='ltr'><strong>Inter</strong></span> <span class='ocrx_word' id='word_1_394' title='bbox 1200 473 1254 501; x_wconf 87' lang='lat' dir='ltr'><strong>hos</strong></span> <span class='ocrx_word' id='word_1_395' title='bbox 1281 475 1351 501; x_wconf 90' lang='lat' dir='ltr'><strong>sunt</strong></span> <span class='ocrx_word' id='word_1_396' title='bbox 1378 473 1514 501; x_wconf 85' lang='lat' dir='ltr'><strong>nonnulli</strong></span> <span class='ocrx_word' id='word_1_397' title='bbox 1539 471 1714 501; x_wconf 78' lang='lat' dir='ltr'><strong>illustriores</strong></span> <span class='ocrx_word' id='word_1_398' title='bbox 1729 472 1778 508; x_wconf 89' lang='lat' dir='ltr'><strong>qui</strong></span> <span class='ocrx_word' id='word_1_399' title='bbox 1799 479 1834 500; x_wconf 83' lang='lat' dir='ltr'><strong>ex</strong></span> 
     </span>
    </p>
   </div>
   <div class='ocr_carea' id='block_1_56' title="bbox 1010 517 1834 552">
    <p class='ocr_par' dir='ltr' id='par_1_56' title="bbox 1010 517 1834 552">
     <span class='ocr_line' id='line_1_56' title="bbox 1010 517 1834 552; baseline 0.001 -8"><span class='ocrx_word' id='word_1_400' title='bbox 1010 517 1204 552; x_wconf 81' lang='lat' dir='ltr'><strong>negotiatione</strong></span> <span class='ocrx_word' id='word_1_401' title='bbox 1232 517 1375 545; x_wconf 88' lang='lat' dir='ltr'><strong>ditantur.</strong></span> <span class='ocrx_word' id='word_1_402' title='bbox 1405 518 1479 545; x_wconf 89' lang='lat' dir='ltr'><strong>Istos</strong></span> <span class='ocrx_word' id='word_1_403' title='bbox 1497 520 1595 545; x_wconf 86' lang='lat' dir='ltr'><strong>autem</strong></span> <span class='ocrx_word' id='word_1_404' title='bbox 1625 525 1722 545; x_wconf 85' lang='lat' dir='ltr'><strong>sermo</strong></span> <span class='ocrx_word' id='word_1_405' title='bbox 1750 525 1834 545; x_wconf 88' lang='lat' dir='ltr'><strong>meus</strong></span> 
     </span>
    </p>
   </div>
   <div class='ocr_carea' id='block_1_57' title="bbox 1010 561 1834 598">
    <p class='ocr_par' dir='ltr' id='par_1_57' title="bbox 1010 561 1834 598">
     <span class='ocr_line' id='line_1_57' title="bbox 1010 561 1834 598; baseline 0 -9"><span class='ocrx_word' id='word_1_406' title='bbox 1010 570 1067 589; x_wconf 91' lang='lat' dir='ltr'><strong>non</strong></span> <span class='ocrx_word' id='word_1_407' title='bbox 1084 564 1186 598; x_wconf 90' lang='lat' dir='ltr'><strong>tangat</strong></span> <span class='ocrx_word' id='word_1_408' title='bbox 1196 562 1333 596; x_wconf 89' lang='lat' dir='ltr'><strong>multum,</strong></span> <span class='ocrx_word' id='word_1_409' title='bbox 1351 570 1386 590; x_wconf 90' lang='lat' dir='ltr'><strong>ne</strong></span> <span class='ocrx_word' id='word_1_410' title='bbox 1401 562 1509 589; x_wconf 80' lang='lat' dir='ltr'><strong>auditis</strong></span> <span class='ocrx_word' id='word_1_411' title='bbox 1524 562 1601 590; x_wconf 80' lang='lat' dir='ltr'><strong>sicut</strong></span> <span class='ocrx_word' id='word_1_412' title='bbox 1616 561 1735 598; x_wconf 76' lang='lat' dir='ltr'><strong>patratis</strong></span> <span class='ocrx_word' id='word_1_413' title='bbox 1747 561 1834 589; x_wconf 86' lang='lat' dir='ltr'><strong>rebus</strong></span> 
     </span>
    </p>
   </div>
   <div class='ocr_carea' id='block_1_58' title="bbox 1009 606 1835 635">
    <p class='ocr_par' dir='ltr' id='par_1_58' title="bbox 1009 606 1835 635">
     <span class='ocr_line' id='line_1_58' title="bbox 1009 606 1835 635; baseline 0 -2"><span class='ocrx_word' id='word_1_414' title='bbox 1009 606 1154 634; x_wconf 64' lang='lat' dir='ltr'><strong>laetentur.</strong></span> <span class='ocrx_word' id='word_1_415' title='bbox 1165 606 1223 635; x_wconf 90' lang='lat' dir='ltr'><strong>Hoc</strong></span> <span class='ocrx_word' id='word_1_416' title='bbox 1239 606 1317 634; x_wconf 86' lang='lat' dir='ltr'><strong>enim</strong></span> <span class='ocrx_word' id='word_1_417' title='bbox 1331 607 1437 634; x_wconf 84' lang='lat' dir='ltr'><strong>accidit</strong></span> <span class='ocrx_word' id='word_1_418' title='bbox 1448 606 1562 634; x_wconf 80' lang='lat' dir='ltr'><strong>homini</strong></span> <span class='ocrx_word' id='word_1_419' title='bbox 1577 607 1687 634; x_wconf 89' lang='lat' dir='ltr'><strong>bonum</strong></span> <span class='ocrx_word' id='word_1_420' title='bbox 1699 614 1757 634; x_wconf 91' lang='lat' dir='ltr'><strong>non</strong></span> <span class='ocrx_word' id='word_1_421' title='bbox 1768 606 1835 633; x_wconf 89' lang='lat' dir='ltr'><strong>dili-</strong></span> 
     </span>
    </p>
   </div>
   <div class='ocr_carea' id='block_1_59' title="bbox 1009 650 1836 687">
    <p class='ocr_par' dir='ltr' id='par_1_59' title="bbox 1009 650 1836 687">
     <span class='ocr_line' id='line_1_59' title="bbox 1009 650 1836 687; baseline -0.001 -9"><span class='ocrx_word' id='word_1_422' title='bbox 1009 651 1138 686; x_wconf 83' lang='lat' dir='ltr'><strong>genti,de</strong></span> <span class='ocrx_word' id='word_1_423' title='bbox 1149 651 1234 678; x_wconf 84' lang='lat' dir='ltr'><strong>factis</strong></span> <span class='ocrx_word' id='word_1_424' title='bbox 1243 651 1293 687; x_wconf 90' lang='lat' dir='ltr'><strong>qui</strong></span> <span class='ocrx_word' id='word_1_425' title='bbox 1308 651 1491 687; x_wconf 86' lang='lat' dir='ltr'><strong>vituperatus</strong></span> <span class='ocrx_word' id='word_1_426' title='bbox 1513 651 1548 678; x_wconf 86' lang='lat' dir='ltr'><strong>ad</strong></span> <span class='ocrx_word' id='word_1_427' title='bbox 1561 651 1675 686; x_wconf 86' lang='lat' dir='ltr'><strong>majora</strong></span> <span class='ocrx_word' id='word_1_428' title='bbox 1693 650 1836 686; x_wconf 88' lang='lat' dir='ltr'><strong>concupi-</strong></span> 
     </span>
    </p>
   </div>
   <div class='ocr_carea' id='block_1_60' title="bbox 1010 694 1838 732">
    <p class='ocr_par' dir='ltr' id='par_1_60' title="bbox 1010 694 1838 732">
     <span class='ocr_line' id='line_1_60' title="bbox 1010 694 1838 732; baseline -0.002 -8"><span class='ocrx_word' id='word_1_429' title='bbox 1010 695 1118 724; x_wconf 84' lang='lat' dir='ltr'><strong>scenda</strong></span> <span class='ocrx_word' id='word_1_430' title='bbox 1133 695 1409 732; x_wconf 86' lang='lat' dir='ltr'><strong>inﬂammatur.lpsi</strong></span> <span class='ocrx_word' id='word_1_431' title='bbox 1420 695 1566 731; x_wconf 80' lang='lat' dir='ltr'><strong>permissa</strong></span> <span class='ocrx_word' id='word_1_432' title='bbox 1575 694 1838 731; x_wconf 86' lang='lat' dir='ltr'><strong>compleant,men-</strong></span> 
     </span>
    </p>
   </div>
   <div class='ocr_carea' id='block_1_61' title="bbox 1009 739 1837 773">
    <p class='ocr_par' dir='ltr' id='par_1_61' title="bbox 1009 739 1837 773">
     <span class='ocr_line' id='line_1_61' title="bbox 1009 739 1837 773; baseline -0.001 -6"><span class='ocrx_word' id='word_1_433' title='bbox 1009 739 1124 767; x_wconf 88' lang='lat' dir='ltr'><strong>dacium</strong></span> <span class='ocrx_word' id='word_1_434' title='bbox 1138 742 1296 773; x_wconf 77' lang='lat' dir='ltr'><strong>ostentent,</strong></span> <span class='ocrx_word' id='word_1_435' title='bbox 1306 741 1454 768; x_wconf 76' lang='lat' dir='ltr'><strong>cmlestem</strong></span> <span class='ocrx_word' id='word_1_436' title='bbox 1470 740 1534 768; x_wconf 72' lang='lat' dir='ltr'><strong>vitae</strong></span> <span class='ocrx_word' id='word_1_437' title='bbox 1547 739 1708 768; x_wconf 81' lang='lat' dir='ltr'><strong>monachias</strong></span> <span class='ocrx_word' id='word_1_438' title='bbox 1719 747 1837 767; x_wconf 90' lang='lat' dir='ltr'><strong>ramum</strong></span> 
     </span>
    </p>
   </div>
   <div class='ocr_carea' id='block_1_62' title="bbox 1010 783 1837 820">
    <p class='ocr_par' dir='ltr' id='par_1_62' title="bbox 1010 783 1837 820">
     <span class='ocr_line' id='line_1_62' title="bbox 1010 783 1837 820; baseline -0.002 -8"><span class='ocrx_word' id='word_1_439' title='bbox 1010 785 1161 812; x_wconf 87' lang='lat' dir='ltr'><strong>ﬂorescere</strong></span> <span class='ocrx_word' id='word_1_440' title='bbox 1175 785 1357 820; x_wconf 86' lang='lat' dir='ltr'><strong>permittant,</strong></span> <span class='ocrx_word' id='word_1_441' title='bbox 1366 785 1458 813; x_wconf 89' lang='lat' dir='ltr'><strong>donec</strong></span> <span class='ocrx_word' id='word_1_442' title='bbox 1472 784 1516 813; x_wconf 89' lang='lat' dir='ltr'><strong>vel</strong></span> <span class='ocrx_word' id='word_1_443' title='bbox 1533 785 1657 812; x_wconf 71' lang='lat' dir='ltr'><strong>afferant</strong></span> <span class='ocrx_word' id='word_1_444' title='bbox 1672 784 1784 811; x_wconf 85' lang='lat' dir='ltr'><strong>fructus</strong></span> <span class='ocrx_word' id='word_1_445' title='bbox 1800 783 1837 811; x_wconf 87' lang='lat' dir='ltr'><strong>ad</strong></span> 
     </span>
    </p>
   </div>
   <div class='ocr_carea' id='block_1_63' title="bbox 1010 827 1840 865">
    <p class='ocr_par' dir='ltr' id='par_1_63' title="bbox 1010 827 1840 865">
     <span class='ocr_line' id='line_1_63' title="bbox 1010 827 1840 865; baseline -0.002 -8"><span class='ocrx_word' id='word_1_446' title='bbox 1010 837 1084 865; x_wconf 89' lang='lat' dir='ltr'><strong>quos</strong></span> <span class='ocrx_word' id='word_1_447' title='bbox 1099 829 1159 857; x_wconf 90' lang='lat' dir='ltr'><strong>nati</strong></span> <span class='ocrx_word' id='word_1_448' title='bbox 1175 831 1254 862; x_wconf 85' lang='lat' dir='ltr'><strong>sunt,</strong></span> <span class='ocrx_word' id='word_1_449' title='bbox 1276 837 1419 865; x_wconf 83' lang='lat' dir='ltr'><strong>quosque,</strong></span> <span class='ocrx_word' id='word_1_450' title='bbox 1435 831 1469 857; x_wconf 87' lang='lat' dir='ltr'><strong>ut</strong></span> <span class='ocrx_word' id='word_1_451' title='bbox 1492 829 1555 857; x_wconf 84' lang='lat' dir='ltr'><strong>vult</strong></span> <span class='ocrx_word' id='word_1_452' title='bbox 1569 831 1656 864; x_wconf 88' lang='lat' dir='ltr'><strong>Deus,</strong></span> <span class='ocrx_word' id='word_1_453' title='bbox 1673 835 1732 856; x_wconf 89' lang='lat' dir='ltr'><strong>non</strong></span> <span class='ocrx_word' id='word_1_454' title='bbox 1746 827 1840 863; x_wconf 83' lang='lat' dir='ltr'><strong>profe-</strong></span> 
     </span>
    </p>
   </div>
   <div class='ocr_carea' id='block_1_64' title="bbox 1010 873 1717 910">
    <p class='ocr_par' dir='ltr' id='par_1_64' title="bbox 1010 873 1717 910">
     <span class='ocr_line' id='line_1_64' title="bbox 1010 873 1717 910; baseline 0.003 -9"><span class='ocrx_word' id='word_1_455' title='bbox 1010 875 1088 908; x_wconf 88' lang='lat' dir='ltr'><strong>runt,</strong></span> <span class='ocrx_word' id='word_1_456' title='bbox 1104 874 1148 901; x_wconf 88' lang='lat' dir='ltr'><strong>vel</strong></span> <span class='ocrx_word' id='word_1_457' title='bbox 1162 873 1256 902; x_wconf 84' lang='lat' dir='ltr'><strong>securi</strong></span> <span class='ocrx_word' id='word_1_458' title='bbox 1272 875 1375 902; x_wconf 82' lang='lat' dir='ltr'><strong>resecti</strong></span> <span class='ocrx_word' id='word_1_459' title='bbox 1391 874 1420 901; x_wconf 88' lang='lat' dir='ltr'><strong>in</strong></span> <span class='ocrx_word' id='word_1_460' title='bbox 1437 874 1535 910; x_wconf 83' lang='lat' dir='ltr'><strong>ignem</strong></span> <span class='ocrx_word' id='word_1_461' title='bbox 1552 874 1717 903; x_wconf 86' lang='lat' dir='ltr'><strong>mittantur.</strong></span> 
     </span>
    </p>
   </div>
   <div class='ocr_carea' id='block_1_65' title="bbox 1016 916 1834 955">
    <p class='ocr_par' dir='ltr' id='par_1_65' title="bbox 1016 916 1834 955">
     <span class='ocr_line' id='line_1_65' title="bbox 1016 916 1834 955; baseline 0.004 -10"><span class='ocrx_word' id='word_1_462' title='bbox 1016 917 1053 948; x_wconf 84' lang='grc' dir='ltr'>ὡς</span> <span class='ocrx_word' id='word_1_463' title='bbox 1070 917 1206 946; x_wconf 76' lang='grc' dir='ltr'>ἰπιτάσσει</span> <span class='ocrx_word' id='word_1_464' title='bbox 1221 918 1297 949; x_wconf 71' lang='grc' dir='ltr'>Θεόςι</span> <span class='ocrx_word' id='word_1_465' title='bbox 1328 917 1346 952; x_wconf 71' lang='grc' dir='ltr'>ἢ</span> <span class='ocrx_word' id='word_1_466' title='bbox 1366 916 1438 945; x_wconf 76' lang='grc' dir='ltr'>ἀλλὰ</span> <span class='ocrx_word' id='word_1_467' title='bbox 1465 919 1499 954; x_wconf 79' lang='grc' dir='ltr'><strong>τῇ</strong></span> <span class='ocrx_word' id='word_1_468' title='bbox 1528 917 1601 955; x_wconf 80' lang='grc' dir='ltr'>ἀξίνῃ</span> <span class='ocrx_word' id='word_1_469' title='bbox 1624 919 1834 955; x_wconf 67' lang='grc' dir='ltr'>κατακοπξντες,</span> 
     </span>
    </p>
   </div>
   <div class='ocr_carea' id='block_1_66' title="bbox 1048 1006 1838 1045">
    <p class='ocr_par' dir='ltr' id='par_1_66' title="bbox 1048 1006 1838 1045">
     <span class='ocr_line' id='line_1_66' title="bbox 1048 1006 1838 1045; baseline 0.004 -11"><span class='ocrx_word' id='word_1_470' title='bbox 1048 1007 1092 1035; x_wconf 89' lang='lat'><strong>63.</strong></span> <span class='ocrx_word' id='word_1_471' title='bbox 1104 1007 1146 1035; x_wconf 93' lang='lat' dir='ltr'><strong>Tu</strong></span> <span class='ocrx_word' id='word_1_472' title='bbox 1161 1006 1388 1041; x_wconf 81' lang='lat' dir='ltr'><strong>autem,sincere</strong></span> <span class='ocrx_word' id='word_1_473' title='bbox 1400 1006 1555 1040; x_wconf 83' lang='lat' dir='ltr'><strong>monacho,</strong></span> <span class='ocrx_word' id='word_1_474' title='bbox 1570 1015 1652 1041; x_wconf 81' lang='lat' dir='ltr'><strong>cura,</strong></span> <span class='ocrx_word' id='word_1_475' title='bbox 1667 1008 1718 1036; x_wconf 85' lang='lat' dir='ltr'><strong>Dei</strong></span> <span class='ocrx_word' id='word_1_476' title='bbox 1732 1009 1838 1045; x_wconf 80' lang='lat' dir='ltr'><strong>gratia,</strong></span> 
     </span>
    </p>
   </div>
   <div class='ocr_carea' id='block_1_67' title="bbox 1013 1051 1839 1089">
    <p class='ocr_par' dir='ltr' id='par_1_67' title="bbox 1013 1051 1839 1089">
     <span class='ocr_line' id='line_1_67' title="bbox 1013 1051 1839 1089; baseline 0.004 -10"><span class='ocrx_word' id='word_1_477' title='bbox 1013 1053 1042 1080; x_wconf 89' lang='lat' dir='ltr'><strong>et</strong></span> <span class='ocrx_word' id='word_1_478' title='bbox 1069 1052 1149 1080; x_wconf 86' lang='lat' dir='ltr'><strong>disce</strong></span> <span class='ocrx_word' id='word_1_479' title='bbox 1177 1051 1349 1088; x_wconf 84' lang='lat' dir='ltr'><strong>locupletari</strong></span> <span class='ocrx_word' id='word_1_480' title='bbox 1365 1052 1452 1079; x_wconf 85' lang='lat' dir='ltr'><strong>etiam</strong></span> <span class='ocrx_word' id='word_1_481' title='bbox 1480 1053 1547 1087; x_wconf 85' lang='lat' dir='ltr'><strong>post</strong></span> <span class='ocrx_word' id='word_1_482' title='bbox 1562 1053 1713 1080; x_wconf 88' lang='lat' dir='ltr'><strong>tonsuram</strong></span> <span class='ocrx_word' id='word_1_483' title='bbox 1727 1061 1734 1087; x_wconf 88' lang='lat'><strong>;</strong></span> <span class='ocrx_word' id='word_1_484' title='bbox 1751 1053 1839 1089; x_wconf 88' lang='lat' dir='ltr'><strong>idque</strong></span> 
     </span>
    </p>
   </div>
   <div class='ocr_carea' id='block_1_68' title="bbox 1013 1095 1840 1134">
    <p class='ocr_par' dir='ltr' id='par_1_68' title="bbox 1013 1095 1840 1134">
     <span class='ocr_line' id='line_1_68' title="bbox 1013 1095 1840 1134; baseline 0.004 -11"><span class='ocrx_word' id='word_1_485' title='bbox 1013 1104 1070 1123; x_wconf 94' lang='lat' dir='ltr'><strong>non</strong></span> <span class='ocrx_word' id='word_1_486' title='bbox 1087 1095 1230 1129; x_wconf 82' lang='lat' dir='ltr'><strong>absolute,</strong></span> <span class='ocrx_word' id='word_1_487' title='bbox 1243 1096 1294 1123; x_wconf 85' lang='lat' dir='ltr'><strong>sed</strong></span> <span class='ocrx_word' id='word_1_488' title='bbox 1311 1104 1343 1124; x_wconf 91' lang='lat' dir='ltr'><strong>eo</strong></span> <span class='ocrx_word' id='word_1_489' title='bbox 1359 1103 1448 1123; x_wconf 90' lang='lat' dir='ltr'><strong>sensu</strong></span> <span class='ocrx_word' id='word_1_490' title='bbox 1460 1103 1518 1131; x_wconf 90' lang='lat' dir='ltr'><strong>quo</strong></span> <span class='ocrx_word' id='word_1_491' title='bbox 1530 1095 1623 1132; x_wconf 85' lang='lat' dir='ltr'><strong>prius,</strong></span> <span class='ocrx_word' id='word_1_492' title='bbox 1635 1096 1664 1124; x_wconf 90' lang='lat' dir='ltr'><strong>in</strong></span> <span class='ocrx_word' id='word_1_493' title='bbox 1680 1100 1840 1134; x_wconf 87' lang='lat' dir='ltr'><strong>conspectu</strong></span> 
     </span>
    </p>
   </div>
   <div class='ocr_carea' id='block_1_69' title="bbox 1013 1139 1840 1178">
    <p class='ocr_par' dir='ltr' id='par_1_69' title="bbox 1013 1139 1840 1178">
     <span class='ocr_line' id='line_1_69' title="bbox 1013 1139 1840 1178; baseline 0.002 -10"><span class='ocrx_word' id='word_1_494' title='bbox 1013 1139 1064 1168; x_wconf 85' lang='lat' dir='ltr'><strong>Dei</strong></span> <span class='ocrx_word' id='word_1_495' title='bbox 1089 1139 1207 1174; x_wconf 87' lang='lat' dir='ltr'><strong>audisti,</strong></span> <span class='ocrx_word' id='word_1_496' title='bbox 1224 1142 1252 1167; x_wconf 91' lang='lat' dir='ltr'><strong>et</strong></span> <span class='ocrx_word' id='word_1_497' title='bbox 1268 1140 1345 1168; x_wconf 87' lang='lat' dir='ltr'><strong>sicut</strong></span> <span class='ocrx_word' id='word_1_498' title='bbox 1359 1139 1494 1167; x_wconf 83' lang='lat' dir='ltr'><strong>minister</strong></span> <span class='ocrx_word' id='word_1_499' title='bbox 1521 1139 1617 1168; x_wconf 86' lang='lat' dir='ltr'><strong>sciens</strong></span> <span class='ocrx_word' id='word_1_500' title='bbox 1634 1141 1744 1177; x_wconf 88' lang='lat' dir='ltr'><strong>optime</strong></span> <span class='ocrx_word' id='word_1_501' title='bbox 1768 1141 1840 1178; x_wconf 91' lang='lat' dir='ltr'><strong>quid</strong></span> 
     </span>
    </p>
   </div>
   <div class='ocr_carea' id='block_1_70' title="bbox 1013 1183 1841 1220">
    <p class='ocr_par' dir='ltr' id='par_1_70' title="bbox 1013 1183 1841 1220">
     <span class='ocr_line' id='line_1_70' title="bbox 1013 1183 1841 1220; baseline 0.002 -8"><span class='ocrx_word' id='word_1_502' title='bbox 1013 1185 1122 1212; x_wconf 83' lang='lat' dir='ltr'><strong>diceret</strong></span> <span class='ocrx_word' id='word_1_503' title='bbox 1133 1184 1302 1220; x_wconf 76' lang='lat' dir='ltr'><strong>postulavit,</strong></span> <span class='ocrx_word' id='word_1_504' title='bbox 1319 1186 1348 1212; x_wconf 88' lang='lat' dir='ltr'><strong>et</strong></span> <span class='ocrx_word' id='word_1_505' title='bbox 1375 1184 1453 1212; x_wconf 85' lang='lat' dir='ltr'><strong>sicut</strong></span> <span class='ocrx_word' id='word_1_506' title='bbox 1479 1183 1542 1220; x_wconf 86' lang='lat' dir='ltr'><strong>ipse</strong></span> <span class='ocrx_word' id='word_1_507' title='bbox 1566 1185 1692 1220; x_wconf 83' lang='lat' dir='ltr'><strong>perfecte</strong></span> <span class='ocrx_word' id='word_1_508' title='bbox 1708 1186 1796 1220; x_wconf 85' lang='lat' dir='ltr'><strong>nosti,</strong></span> <span class='ocrx_word' id='word_1_509' title='bbox 1811 1187 1841 1214; x_wconf 86' lang='lat' dir='ltr'><strong>et</strong></span> 
     </span>
    </p>
   </div>
   <div class='ocr_carea' id='block_1_71' title="bbox 1013 1228 1842 1265">
    <p class='ocr_par' dir='ltr' id='par_1_71' title="bbox 1013 1228 1842 1265">
     <span class='ocr_line' id='line_1_71' title="bbox 1013 1228 1842 1265; baseline 0.002 -9"><span class='ocrx_word' id='word_1_510' title='bbox 1013 1229 1238 1257; x_wconf 79' lang='lat' dir='ltr'><strong>circumstantes</strong></span> <span class='ocrx_word' id='word_1_511' title='bbox 1263 1228 1430 1256; x_wconf 87' lang='lat' dir='ltr'><strong>audierunt.</strong></span> <span class='ocrx_word' id='word_1_512' title='bbox 1446 1229 1509 1256; x_wconf 90' lang='lat' dir='ltr'><strong>Non</strong></span> <span class='ocrx_word' id='word_1_513' title='bbox 1539 1229 1704 1265; x_wconf 85' lang='lat' dir='ltr'><strong>simplicem</strong></span> <span class='ocrx_word' id='word_1_514' title='bbox 1736 1236 1842 1258; x_wconf 83' lang='lat' dir='ltr'><strong>novam</strong></span> 
     </span>
    </p>
   </div>
   <div class='ocr_carea' id='block_1_72' title="bbox 1015 1273 1840 1310">
    <p class='ocr_par' dir='ltr' id='par_1_72' title="bbox 1015 1273 1840 1310">
     <span class='ocr_line' id='line_1_72' title="bbox 1015 1273 1840 1310; baseline 0.002 -10"><span class='ocrx_word' id='word_1_515' title='bbox 1015 1273 1265 1309; x_wconf 82' lang='lat' dir='ltr'><strong>comparationem</strong></span> <span class='ocrx_word' id='word_1_516' title='bbox 1282 1273 1311 1300; x_wconf 90' lang='lat' dir='ltr'><strong>in</strong></span> <span class='ocrx_word' id='word_1_517' title='bbox 1327 1273 1506 1301; x_wconf 87' lang='lat' dir='ltr'><strong>monasterio</strong></span> <span class='ocrx_word' id='word_1_518' title='bbox 1517 1273 1626 1301; x_wconf 83' lang='lat' dir='ltr'><strong>audisti</strong></span> <span class='ocrx_word' id='word_1_519' title='bbox 1638 1277 1667 1302; x_wconf 90' lang='lat' dir='ltr'><strong>et</strong></span> <span class='ocrx_word' id='word_1_520' title='bbox 1678 1274 1840 1310; x_wconf 83' lang='lat' dir='ltr'><strong>repudiasti</strong></span> 
     </span>
    </p>
   </div>
   <div class='ocr_carea' id='block_1_73' title="bbox 1014 1316 1839 1355">
    <p class='ocr_par' dir='ltr' id='par_1_73' title="bbox 1014 1316 1839 1355">
     <span class='ocr_line' id='line_1_73' title="bbox 1014 1316 1839 1355; baseline 0.004 -10"><span class='ocrx_word' id='word_1_521' title='bbox 1014 1318 1065 1345; x_wconf 85' lang='lat' dir='ltr'><strong>sed</strong></span> <span class='ocrx_word' id='word_1_522' title='bbox 1081 1320 1110 1345; x_wconf 86' lang='lat' dir='ltr'><strong>et</strong></span> <span class='ocrx_word' id='word_1_523' title='bbox 1124 1317 1179 1345; x_wconf 90' lang='lat' dir='ltr'><strong>hoc</strong></span> <span class='ocrx_word' id='word_1_524' title='bbox 1194 1316 1327 1345; x_wconf 87' lang='lat' dir='ltr'><strong>additum</strong></span> <span class='ocrx_word' id='word_1_525' title='bbox 1342 1317 1398 1345; x_wconf 81' lang='lat' dir='ltr'><strong>fuit</strong></span> <span class='ocrx_word' id='word_1_526' title='bbox 1409 1325 1415 1344; x_wconf 92' lang='lat'><strong>:</strong></span> <span class='ocrx_word' id='word_1_527' title='bbox 1427 1328 1441 1342; x_wconf 85' lang='lat'>«</span> <span class='ocrx_word' id='word_1_528' title='bbox 1456 1317 1633 1354; x_wconf 79' lang='lat' dir='ltr'><strong>privatam,»</strong></span> <span class='ocrx_word' id='word_1_529' title='bbox 1647 1318 1759 1347; x_wconf 85' lang='lat' dir='ltr'><strong>scilicet</strong></span> <span class='ocrx_word' id='word_1_530' title='bbox 1774 1327 1839 1355; x_wconf 66' lang='lat' dir='ltr'><strong>quae</strong></span> 
     </span>
    </p>
   </div>
   <div class='ocr_carea' id='block_1_74' title="bbox 1013 1361 1840 1398">
    <p class='ocr_par' dir='ltr' id='par_1_74' title="bbox 1013 1361 1840 1398">
     <span class='ocr_line' id='line_1_74' title="bbox 1013 1361 1840 1398; baseline 0.002 -9"><span class='ocrx_word' id='word_1_531' title='bbox 1013 1362 1065 1389; x_wconf 88' lang='lat' dir='ltr'><strong>tibi</strong></span> <span class='ocrx_word' id='word_1_532' title='bbox 1082 1361 1200 1398; x_wconf 83' lang='lat' dir='ltr'><strong>propria</strong></span> <span class='ocrx_word' id='word_1_533' title='bbox 1215 1364 1260 1390; x_wconf 87' lang='lat' dir='ltr'><strong>est</strong></span> <span class='ocrx_word' id='word_1_534' title='bbox 1274 1370 1280 1388; x_wconf 91' lang='lat'><strong>:</strong></span> <span class='ocrx_word' id='word_1_535' title='bbox 1295 1369 1332 1389; x_wconf 90' lang='lat' dir='ltr'><strong>ne</strong></span> <span class='ocrx_word' id='word_1_536' title='bbox 1359 1362 1446 1390; x_wconf 90' lang='lat' dir='ltr'><strong>verbo</strong></span> <span class='ocrx_word' id='word_1_537' title='bbox 1471 1362 1638 1391; x_wconf 82' lang='lat' dir='ltr'><strong>Salomonis</strong></span> <span class='ocrx_word' id='word_1_538' title='bbox 1660 1363 1737 1391; x_wconf 86' lang='lat' dir='ltr'><strong>male</strong></span> <span class='ocrx_word' id='word_1_539' title='bbox 1752 1363 1840 1392; x_wconf 88' lang='lat' dir='ltr'><strong>intel-</strong></span> 
     </span>
    </p>
   </div>
   <div class='ocr_carea' id='block_1_75' title="bbox 1013 1405 1839 1444">
    <p class='ocr_par' dir='ltr' id='par_1_75' title="bbox 1013 1405 1839 1444">
     <span class='ocr_line' id='line_1_75' title="bbox 1013 1405 1839 1444; baseline 0.005 -11"><span class='ocrx_word' id='word_1_540' title='bbox 1013 1406 1087 1434; x_wconf 89' lang='lat' dir='ltr'><strong>lecto</strong></span> <span class='ocrx_word' id='word_1_541' title='bbox 1100 1415 1128 1434; x_wconf 65' lang='grc' dir='ltr'><strong>ιιι</strong></span> <span class='ocrx_word' id='word_1_542' title='bbox 1138 1406 1245 1434; x_wconf 86' lang='lat' dir='ltr'><strong>Fontes</strong></span> <span class='ocrx_word' id='word_1_543' title='bbox 1255 1415 1337 1442; x_wconf 75' lang='lat' dir='ltr'><strong>aquae</strong></span> <span class='ocrx_word' id='word_1_544' title='bbox 1346 1405 1452 1434; x_wconf 84' lang='lat' dir='ltr'><strong>habeto</strong></span> <span class='ocrx_word' id='word_1_545' title='bbox 1463 1406 1572 1440; x_wconf 85' lang='lat' dir='ltr'><strong>solus,»</strong></span> <span class='ocrx_word' id='word_1_546' title='bbox 1584 1407 1693 1443; x_wconf 85' lang='lat' dir='ltr'><strong>cogites</strong></span> <span class='ocrx_word' id='word_1_547' title='bbox 1699 1415 1762 1444; x_wconf 60' lang='lat' dir='ltr'><strong>quas</strong></span> <span class='ocrx_word' id='word_1_548' title='bbox 1771 1410 1839 1444; x_wconf 88' lang='lat' dir='ltr'><strong>post</strong></span> 
     </span>
    </p>
   </div>
   <div class='ocr_carea' id='block_1_76' title="bbox 1013 1450 1839 1489">
    <p class='ocr_par' dir='ltr' id='par_1_76' title="bbox 1013 1450 1839 1489">
     <span class='ocr_line' id='line_1_76' title="bbox 1013 1450 1839 1489; baseline 0.004 -11"><span class='ocrx_word' id='word_1_549' title='bbox 1013 1453 1166 1478; x_wconf 79' lang='lat' dir='ltr'><strong>tonsuram</strong></span> <span class='ocrx_word' id='word_1_550' title='bbox 1174 1451 1381 1486; x_wconf 83' lang='lat' dir='ltr'><strong>undecumque</strong></span> <span class='ocrx_word' id='word_1_551' title='bbox 1389 1450 1424 1478; x_wconf 85' lang='lat' dir='ltr'><strong>ad</strong></span> <span class='ocrx_word' id='word_1_552' title='bbox 1431 1453 1458 1478; x_wconf 90' lang='lat' dir='ltr'><strong>te</strong></span> <span class='ocrx_word' id='word_1_553' title='bbox 1466 1450 1607 1486; x_wconf 85' lang='lat' dir='ltr'><strong>venerint,</strong></span> <span class='ocrx_word' id='word_1_554' title='bbox 1616 1451 1762 1488; x_wconf 90' lang='lat' dir='ltr'><strong>privatum</strong></span> <span class='ocrx_word' id='word_1_555' title='bbox 1771 1461 1839 1489; x_wconf 90' lang='lat' dir='ltr'><strong>pos-</strong></span> 
     </span>
    </p>
   </div>
   <div class='ocr_carea' id='block_1_77' title="bbox 1014 1495 1838 1533">
    <p class='ocr_par' dir='ltr' id='par_1_77' title="bbox 1014 1495 1838 1533">
     <span class='ocr_line' id='line_1_77' title="bbox 1014 1495 1838 1533; baseline 0.005 -11"><span class='ocrx_word' id='word_1_556' title='bbox 1014 1495 1108 1523; x_wconf 90' lang='lat' dir='ltr'><strong>sidere</strong></span> <span class='ocrx_word' id='word_1_557' title='bbox 1126 1496 1192 1530; x_wconf 89' lang='lat' dir='ltr'><strong>;sed</strong></span> <span class='ocrx_word' id='word_1_558' title='bbox 1205 1497 1237 1523; x_wconf 89' lang='lat' dir='ltr'><strong>ut</strong></span> <span class='ocrx_word' id='word_1_559' title='bbox 1259 1495 1309 1522; x_wconf 90' lang='lat' dir='ltr'><strong>illa</strong></span> <span class='ocrx_word' id='word_1_560' title='bbox 1327 1503 1387 1531; x_wconf 88' lang='lat' dir='ltr'><strong>qua</strong></span> <span class='ocrx_word' id='word_1_561' title='bbox 1397 1504 1450 1531; x_wconf 85' lang='lat' dir='ltr'><strong>par</strong></span> <span class='ocrx_word' id='word_1_562' title='bbox 1464 1495 1519 1523; x_wconf 88' lang='lat' dir='ltr'><strong>erit</strong></span> <span class='ocrx_word' id='word_1_563' title='bbox 1530 1497 1687 1529; x_wconf 81' lang='lat' dir='ltr'><strong>referas,ut</strong></span> <span class='ocrx_word' id='word_1_564' title='bbox 1701 1498 1838 1533; x_wconf 66' lang='lat' dir='ltr'><strong>pralatus</strong></span> 
     </span>
    </p>
   </div>
   <div class='ocr_carea' id='block_1_78' title="bbox 1013 1539 1839 1578">
    <p class='ocr_par' dir='ltr' id='par_1_78' title="bbox 1013 1539 1839 1578">
     <span class='ocr_line' id='line_1_78' title="bbox 1013 1539 1839 1578; baseline 0.005 -11"><span class='ocrx_word' id='word_1_565' title='bbox 1013 1539 1220 1567; x_wconf 87' lang='lat' dir='ltr'><strong>communitati</strong></span> <span class='ocrx_word' id='word_1_566' title='bbox 1232 1547 1266 1568; x_wconf 84' lang='lat' dir='ltr'><strong>ea</strong></span> <span class='ocrx_word' id='word_1_567' title='bbox 1276 1539 1459 1576; x_wconf 86' lang='lat' dir='ltr'><strong>receptacula</strong></span> <span class='ocrx_word' id='word_1_568' title='bbox 1468 1541 1638 1569; x_wconf 81' lang='lat' dir='ltr'><strong>monasterii</strong></span> <span class='ocrx_word' id='word_1_569' title='bbox 1650 1549 1791 1578; x_wconf 82' lang='lat' dir='ltr'><strong>reserves,</strong></span> <span class='ocrx_word' id='word_1_570' title='bbox 1808 1543 1839 1571; x_wconf 91' lang='lat' dir='ltr'><strong>in</strong></span> 
     </span>
    </p>
   </div>
   <div class='ocr_carea' id='block_1_79' title="bbox 1014 1584 1839 1622">
    <p class='ocr_par' dir='ltr' id='par_1_79' title="bbox 1014 1584 1839 1622">
     <span class='ocr_line' id='line_1_79' title="bbox 1014 1584 1839 1622; baseline 0.005 -11"><span class='ocrx_word' id='word_1_571' title='bbox 1014 1584 1162 1611; x_wconf 83' lang='lat' dir='ltr'><strong>fortunam</strong></span> <span class='ocrx_word' id='word_1_572' title='bbox 1178 1585 1309 1611; x_wconf 90' lang='lat' dir='ltr'><strong>omnium</strong></span> <span class='ocrx_word' id='word_1_573' title='bbox 1334 1585 1550 1620; x_wconf 82' lang='lat' dir='ltr'><strong>concurrentia,</strong></span> <span class='ocrx_word' id='word_1_574' title='bbox 1565 1587 1594 1613; x_wconf 88' lang='lat' dir='ltr'><strong>et</strong></span> <span class='ocrx_word' id='word_1_575' title='bbox 1608 1585 1769 1622; x_wconf 83' lang='lat' dir='ltr'><strong>subjectus,</strong></span> <span class='ocrx_word' id='word_1_576' title='bbox 1786 1595 1839 1615; x_wconf 87' lang='lat' dir='ltr'><strong>seu</strong></span> 
     </span>
    </p>
   </div>
   <div class='ocr_carea' id='block_1_80' title="bbox 1013 1628 1840 1668">
    <p class='ocr_par' dir='ltr' id='par_1_80' title="bbox 1013 1628 1840 1668">
     <span class='ocr_line' id='line_1_80' title="bbox 1013 1628 1840 1668; baseline 0.006 -13"><span class='ocrx_word' id='word_1_577' title='bbox 1013 1628 1043 1656; x_wconf 93' lang='lat' dir='ltr'><strong>in</strong></span> <span class='ocrx_word' id='word_1_578' title='bbox 1054 1628 1141 1656; x_wconf 84' lang='lat' dir='ltr'><strong>ferias</strong></span> <span class='ocrx_word' id='word_1_579' title='bbox 1148 1629 1183 1656; x_wconf 87' lang='lat' dir='ltr'><strong>ad</strong></span> <span class='ocrx_word' id='word_1_580' title='bbox 1198 1628 1515 1664; x_wconf 68' lang='lat' dir='ltr'><strong>praelatum,aii‘eras,ut</strong></span> <span class='ocrx_word' id='word_1_581' title='bbox 1525 1629 1572 1657; x_wconf 90' lang='lat' dir='ltr'><strong>hic</strong></span> <span class='ocrx_word' id='word_1_582' title='bbox 1580 1631 1742 1659; x_wconf 86' lang='lat' dir='ltr'><strong>secundum</strong></span> <span class='ocrx_word' id='word_1_583' title='bbox 1753 1639 1840 1668; x_wconf 86' lang='lat' dir='ltr'><strong>regu-</strong></span> 
     </span>
    </p>
   </div>
   <div class='ocr_carea' id='block_1_81' title="bbox 1013 1673 1840 1712">
    <p class='ocr_par' dir='ltr' id='par_1_81' title="bbox 1013 1673 1840 1712">
     <span class='ocr_line' id='line_1_81' title="bbox 1013 1673 1840 1712; baseline 0.005 -12"><span class='ocrx_word' id='word_1_584' title='bbox 1013 1673 1073 1701; x_wconf 86' lang='lat' dir='ltr'><strong>lam</strong></span> <span class='ocrx_word' id='word_1_585' title='bbox 1098 1675 1176 1709; x_wconf 84' lang='lat' dir='ltr'><strong>agat,</strong></span> <span class='ocrx_word' id='word_1_586' title='bbox 1192 1675 1220 1700; x_wconf 88' lang='lat' dir='ltr'><strong>et</strong></span> <span class='ocrx_word' id='word_1_587' title='bbox 1235 1675 1286 1701; x_wconf 86' lang='lat' dir='ltr'><strong>tua</strong></span> <span class='ocrx_word' id='word_1_588' title='bbox 1297 1673 1424 1709; x_wconf 82' lang='lat' dir='ltr'><strong>dignitas</strong></span> <span class='ocrx_word' id='word_1_589' title='bbox 1441 1673 1558 1702; x_wconf 78' lang='lat' dir='ltr'><strong>divitias</strong></span> <span class='ocrx_word' id='word_1_590' title='bbox 1571 1682 1605 1702; x_wconf 84' lang='lat' dir='ltr'><strong>ex</strong></span> <span class='ocrx_word' id='word_1_591' title='bbox 1623 1675 1840 1712; x_wconf 83' lang='lat' dir='ltr'><strong>comparatione</strong></span> 
     </span>
    </p>
   </div>
   <div class='ocr_carea' id='block_1_82' title="bbox 1013 1717 1839 1754">
    <p class='ocr_par' dir='ltr' id='par_1_82' title="bbox 1013 1717 1839 1754">
     <span class='ocr_line' id='line_1_82' title="bbox 1013 1717 1839 1754; baseline 0.005 -10"><span class='ocrx_word' id='word_1_592' title='bbox 1013 1725 1095 1751; x_wconf 88' lang='lat' dir='ltr'><strong>nova,</strong></span> <span class='ocrx_word' id='word_1_593' title='bbox 1112 1720 1144 1744; x_wconf 91' lang='lat' dir='ltr'><strong>ut</strong></span> <span class='ocrx_word' id='word_1_594' title='bbox 1160 1717 1271 1745; x_wconf 86' lang='lat' dir='ltr'><strong>dictum</strong></span> <span class='ocrx_word' id='word_1_595' title='bbox 1288 1720 1342 1751; x_wconf 86' lang='lat' dir='ltr'><strong>est,</strong></span> <span class='ocrx_word' id='word_1_596' title='bbox 1360 1719 1392 1745; x_wconf 87' lang='lat' dir='ltr'><strong>ut</strong></span> <span class='ocrx_word' id='word_1_597' title='bbox 1414 1717 1585 1746; x_wconf 89' lang='lat' dir='ltr'><strong>indecorum</strong></span> <span class='ocrx_word' id='word_1_598' title='bbox 1611 1722 1699 1754; x_wconf 83' lang='lat' dir='ltr'><strong>esset,</strong></span> <span class='ocrx_word' id='word_1_599' title='bbox 1714 1720 1815 1748; x_wconf 87' lang='lat' dir='ltr'><strong>divitet</strong></span> <span class='ocrx_word' id='word_1_600' title='bbox 1832 1730 1839 1749; x_wconf 92' lang='lat'>:</span> 
     </span>
    </p>
   </div>
   <div class='ocr_carea' id='block_1_83' title="bbox 1012 1762 1838 1799">
    <p class='ocr_par' dir='ltr' id='par_1_83' title="bbox 1012 1762 1838 1799">
     <span class='ocr_line' id='line_1_83' title="bbox 1012 1762 1838 1799; baseline 0.005 -10"><span class='ocrx_word' id='word_1_601' title='bbox 1012 1762 1325 1798; x_wconf 85' lang='lat' dir='ltr'><strong>proptereamonachis</strong></span> <span class='ocrx_word' id='word_1_602' title='bbox 1342 1770 1378 1789; x_wconf 88' lang='lat' dir='ltr'><strong>ne</strong></span> <span class='ocrx_word' id='word_1_603' title='bbox 1395 1762 1584 1798; x_wconf 77' lang='lat' dir='ltr'><strong>acquirerent</strong></span> <span class='ocrx_word' id='word_1_604' title='bbox 1595 1766 1625 1791; x_wconf 86' lang='lat' dir='ltr'><strong>et</strong></span> <span class='ocrx_word' id='word_1_605' title='bbox 1640 1764 1838 1799; x_wconf 88' lang='lat' dir='ltr'><strong>cumularent,</strong></span> 
     </span>
    </p>
   </div>
   <div class='ocr_carea' id='block_1_84' title="bbox 1011 1806 1840 1843">
    <p class='ocr_par' dir='ltr' id='par_1_84' title="bbox 1011 1806 1840 1843">
     <span class='ocr_line' id='line_1_84' title="bbox 1011 1806 1840 1843; baseline 0.004 -8"><span class='ocrx_word' id='word_1_606' title='bbox 1011 1814 1069 1835; x_wconf 90' lang='lat' dir='ltr'><strong>non</strong></span> <span class='ocrx_word' id='word_1_607' title='bbox 1091 1806 1154 1834; x_wconf 86' lang='lat' dir='ltr'><strong>sine</strong></span> <span class='ocrx_word' id='word_1_608' title='bbox 1175 1806 1337 1842; x_wconf 85' lang='lat' dir='ltr'><strong>reticentia,</strong></span> <span class='ocrx_word' id='word_1_609' title='bbox 1354 1806 1535 1842; x_wconf 87' lang='lat' dir='ltr'><strong>prohibitum</strong></span> <span class='ocrx_word' id='word_1_610' title='bbox 1559 1808 1615 1836; x_wconf 77' lang='lat' dir='ltr'><strong>fuit</strong></span> <span class='ocrx_word' id='word_1_611' title='bbox 1627 1817 1633 1843; x_wconf 88' lang='lat'>;</span> <span class='ocrx_word' id='word_1_612' title='bbox 1646 1811 1673 1836; x_wconf 85' lang='lat' dir='ltr'><strong>et</strong></span> <span class='ocrx_word' id='word_1_613' title='bbox 1688 1809 1730 1836; x_wconf 81' lang='lat' dir='ltr'><strong>sic</strong></span> <span class='ocrx_word' id='word_1_614' title='bbox 1746 1809 1840 1838; x_wconf 86' lang='lat' dir='ltr'><strong>multa</strong></span> 
     </span>
    </p>
   </div>
   <div class='ocr_carea' id='block_1_85' title="bbox 1012 1850 1838 1888">
    <p class='ocr_par' dir='ltr' id='par_1_85' title="bbox 1012 1850 1838 1888">
     <span class='ocr_line' id='line_1_85' title="bbox 1012 1850 1838 1888; baseline 0.004 -9"><span class='ocrx_word' id='word_1_615' title='bbox 1012 1850 1089 1879; x_wconf 84' lang='lat' dir='ltr'><strong>mala</strong></span> <span class='ocrx_word' id='word_1_616' title='bbox 1113 1851 1295 1887; x_wconf 84' lang='lat' dir='ltr'><strong>paupertatis</strong></span> <span class='ocrx_word' id='word_1_617' title='bbox 1311 1851 1442 1887; x_wconf 69' lang='lat' dir='ltr'><strong>effugies.</strong></span> <span class='ocrx_word' id='word_1_618' title='bbox 1459 1851 1611 1888; x_wconf 87' lang='lat' dir='ltr'><strong>Multiplex</strong></span> <span class='ocrx_word' id='word_1_619' title='bbox 1623 1853 1701 1881; x_wconf 83' lang='lat' dir='ltr'><strong>enim</strong></span> <span class='ocrx_word' id='word_1_620' title='bbox 1717 1854 1838 1882; x_wconf 88' lang='lat' dir='ltr'><strong>miseria</strong></span> 
     </span>
    </p>
   </div>
   <div class='ocr_carea' id='block_1_86' title="bbox 1011 1895 1834 1935">
    <p class='ocr_par' dir='ltr' id='par_1_86' title="bbox 1011 1895 1834 1935">
     <span class='ocr_line' id='line_1_86' title="bbox 1011 1895 1834 1935; baseline 0.006 -12"><span class='ocrx_word' id='word_1_621' title='bbox 1011 1895 1190 1932; x_wconf 85' lang='lat' dir='ltr'><strong>divitiarum,</strong></span> <span class='ocrx_word' id='word_1_622' title='bbox 1208 1905 1282 1932; x_wconf 89' lang='lat' dir='ltr'><strong>quas</strong></span> <span class='ocrx_word' id='word_1_623' title='bbox 1302 1896 1459 1924; x_wconf 87' lang='lat' dir='ltr'><strong>comitatur</strong></span> <span class='ocrx_word' id='word_1_624' title='bbox 1469 1896 1588 1931; x_wconf 89' lang='lat' dir='ltr'><strong>invidia,</strong></span> <span class='ocrx_word' id='word_1_625' title='bbox 1600 1898 1679 1935; x_wconf 73' lang='lat' dir='ltr'><strong>rixae,</strong></span> <span class='ocrx_word' id='word_1_626' title='bbox 1690 1899 1834 1934; x_wconf 84' lang='lat' dir='ltr'><strong>confusio,</strong></span> 
     </span>
    </p>
   </div>
   <div class='ocr_carea' id='block_1_87' title="bbox 1007 1941 1836 1981">
    <p class='ocr_par' dir='ltr' id='par_1_87' title="bbox 1007 1941 1836 1981">
     <span class='ocr_line' id='line_1_87' title="bbox 1007 1941 1836 1981; baseline 0.007 -13"><span class='ocrx_word' id='word_1_627' title='bbox 1007 1941 1161 1976; x_wconf 86' lang='lat' dir='ltr'><strong>jactantia,</strong></span> <span class='ocrx_word' id='word_1_628' title='bbox 1176 1941 1310 1977; x_wconf 87' lang='lat' dir='ltr'><strong>voluptas</strong></span> <span class='ocrx_word' id='word_1_629' title='bbox 1324 1950 1399 1970; x_wconf 89' lang='lat' dir='ltr'><strong>vana</strong></span> <span class='ocrx_word' id='word_1_630' title='bbox 1413 1941 1578 1978; x_wconf 90' lang='lat' dir='ltr'><strong>similisque</strong></span> <span class='ocrx_word' id='word_1_631' title='bbox 1590 1943 1693 1979; x_wconf 84' lang='lat' dir='ltr'><strong>gloria,</strong></span> <span class='ocrx_word' id='word_1_632' title='bbox 1710 1952 1836 1981; x_wconf 85' lang='lat' dir='ltr'><strong>quorum</strong></span> 
     </span>
    </p>
   </div>
   <div class='ocr_carea' id='block_1_88' title="bbox 1012 1986 1834 2023">
    <p class='ocr_par' dir='ltr' id='par_1_88' title="bbox 1012 1986 1834 2023">
     <span class='ocr_line' id='line_1_88' title="bbox 1012 1986 1834 2023; baseline 0.006 -10"><span class='ocrx_word' id='word_1_633' title='bbox 1012 1986 1144 2013; x_wconf 90' lang='lat' dir='ltr'><strong>omnium</strong></span> <span class='ocrx_word' id='word_1_634' title='bbox 1173 1994 1275 2022; x_wconf 86' lang='lat' dir='ltr'><strong>expers</strong></span> <span class='ocrx_word' id='word_1_635' title='bbox 1300 1988 1344 2013; x_wconf 87' lang='lat' dir='ltr'><strong>est</strong></span> <span class='ocrx_word' id='word_1_636' title='bbox 1370 1994 1455 2014; x_wconf 87' lang='lat' dir='ltr'><strong>verus</strong></span> <span class='ocrx_word' id='word_1_637' title='bbox 1480 1988 1653 2023; x_wconf 86' lang='lat' dir='ltr'><strong>monachus,</strong></span> <span class='ocrx_word' id='word_1_638' title='bbox 1671 1991 1704 2017; x_wconf 89' lang='lat' dir='ltr'><strong>ut</strong></span> <span class='ocrx_word' id='word_1_639' title='bbox 1718 1994 1834 2018; x_wconf 62' lang='lat' dir='ltr'><strong>secretae</strong></span> 
     </span>
    </p>
   </div>
   <div class='ocr_carea' id='block_1_89' title="bbox 1014 2030 1836 2069">
    <p class='ocr_par' dir='ltr' id='par_1_89' title="bbox 1014 2030 1836 2069">
     <span class='ocr_line' id='line_1_89' title="bbox 1014 2030 1836 2069; baseline 0.005 -12"><span class='ocrx_word' id='word_1_640' title='bbox 1014 2030 1258 2064; x_wconf 74' lang='lat' dir='ltr'><strong>manducationis,</strong></span> <span class='ocrx_word' id='word_1_641' title='bbox 1275 2030 1310 2057; x_wconf 88' lang='lat' dir='ltr'><strong>de</strong></span> <span class='ocrx_word' id='word_1_642' title='bbox 1318 2038 1377 2065; x_wconf 89' lang='lat' dir='ltr'><strong>qua</strong></span> <span class='ocrx_word' id='word_1_643' title='bbox 1391 2039 1448 2058; x_wconf 90' lang='lat' dir='ltr'><strong>non</strong></span> <span class='ocrx_word' id='word_1_644' title='bbox 1460 2031 1590 2058; x_wconf 83' lang='lat' dir='ltr'><strong>accusari</strong></span> <span class='ocrx_word' id='word_1_645' title='bbox 1603 2040 1659 2059; x_wconf 90' lang='lat' dir='ltr'><strong>non</strong></span> <span class='ocrx_word' id='word_1_646' title='bbox 1676 2035 1770 2067; x_wconf 86' lang='lat' dir='ltr'><strong>potest</strong></span> <span class='ocrx_word' id='word_1_647' title='bbox 1784 2033 1836 2069; x_wconf 90' lang='lat' dir='ltr'><strong>qui</strong></span> 
     </span>
    </p>
   </div>
   <div class='ocr_carea' id='block_1_90' title="bbox 1014 2074 1837 2112">
    <p class='ocr_par' dir='ltr' id='par_1_90' title="bbox 1014 2074 1837 2112">
     <span class='ocr_line' id='line_1_90' title="bbox 1014 2074 1837 2112; baseline 0.006 -11"><span class='ocrx_word' id='word_1_648' title='bbox 1014 2082 1083 2110; x_wconf 83' lang='lat' dir='ltr'><strong>opes</strong></span> <span class='ocrx_word' id='word_1_649' title='bbox 1095 2074 1225 2109; x_wconf 86' lang='lat' dir='ltr'><strong>privatas</strong></span> <span class='ocrx_word' id='word_1_650' title='bbox 1249 2074 1415 2109; x_wconf 84' lang='lat' dir='ltr'><strong>acquisivit.</strong></span> <span class='ocrx_word' id='word_1_651' title='bbox 1433 2075 1486 2106; x_wconf 87' lang='lat' dir='ltr'><strong>Qui</strong></span> <span class='ocrx_word' id='word_1_652' title='bbox 1502 2075 1580 2102; x_wconf 90' lang='lat' dir='ltr'><strong>enim</strong></span> <span class='ocrx_word' id='word_1_653' title='bbox 1596 2075 1632 2103; x_wconf 90' lang='lat' dir='ltr'><strong>de</strong></span> <span class='ocrx_word' id='word_1_654' title='bbox 1647 2077 1752 2112; x_wconf 78' lang='lat' dir='ltr'><strong>majori</strong></span> <span class='ocrx_word' id='word_1_655' title='bbox 1767 2085 1837 2106; x_wconf 87' lang='lat' dir='ltr'><strong>con-</strong></span> 
     </span>
    </p>
   </div>
   <div class='ocr_carea' id='block_1_91' title="bbox 1015 2118 1839 2154">
    <p class='ocr_par' dir='ltr' id='par_1_91' title="bbox 1015 2118 1839 2154">
     <span class='ocr_line' id='line_1_91' title="bbox 1015 2118 1839 2154; baseline 0.007 -10"><span class='ocrx_word' id='word_1_656' title='bbox 1015 2118 1144 2145; x_wconf 84' lang='lat' dir='ltr'><strong>vincitur</strong></span> <span class='ocrx_word' id='word_1_657' title='bbox 1157 2118 1193 2145; x_wconf 84' lang='lat' dir='ltr'><strong>de</strong></span> <span class='ocrx_word' id='word_1_658' title='bbox 1209 2118 1373 2146; x_wconf 88' lang='lat' dir='ltr'><strong>minoribus</strong></span> <span class='ocrx_word' id='word_1_659' title='bbox 1388 2118 1418 2145; x_wconf 88' lang='lat' dir='ltr'><strong>in</strong></span> <span class='ocrx_word' id='word_1_660' title='bbox 1442 2118 1641 2154; x_wconf 85' lang='lat' dir='ltr'><strong>suspicionem</strong></span> <span class='ocrx_word' id='word_1_661' title='bbox 1671 2128 1728 2148; x_wconf 90' lang='lat' dir='ltr'><strong>non</strong></span> <span class='ocrx_word' id='word_1_662' title='bbox 1744 2121 1839 2150; x_wconf 90' lang='lat' dir='ltr'><strong>modi-</strong></span> 
     </span>
    </p>
   </div>
   <div class='ocr_carea' id='block_1_92' title="bbox 1015 2161 1842 2202">
    <p class='ocr_par' dir='ltr' id='par_1_92' title="bbox 1015 2161 1842 2202">
     <span class='ocr_line' id='line_1_92' title="bbox 1015 2161 1842 2202; baseline 0.007 -13"><span class='ocrx_word' id='word_1_663' title='bbox 1015 2170 1079 2190; x_wconf 86' lang='lat' dir='ltr'><strong>cam</strong></span> <span class='ocrx_word' id='word_1_664' title='bbox 1095 2162 1208 2197; x_wconf 87' lang='lat' dir='ltr'><strong>incidit,</strong></span> <span class='ocrx_word' id='word_1_665' title='bbox 1224 2165 1252 2190; x_wconf 84' lang='lat' dir='ltr'><strong>et</strong></span> <span class='ocrx_word' id='word_1_666' title='bbox 1278 2161 1430 2198; x_wconf 79' lang='lat' dir='ltr'><strong>illegitime</strong></span> <span class='ocrx_word' id='word_1_667' title='bbox 1455 2162 1582 2191; x_wconf 87' lang='lat' dir='ltr'><strong>divitiari</strong></span> <span class='ocrx_word' id='word_1_668' title='bbox 1610 2164 1677 2200; x_wconf 88' lang='lat' dir='ltr'><strong>plus</strong></span> <span class='ocrx_word' id='word_1_669' title='bbox 1693 2167 1738 2193; x_wconf 87' lang='lat' dir='ltr'><strong>est</strong></span> <span class='ocrx_word' id='word_1_670' title='bbox 1753 2174 1842 2202; x_wconf 83' lang='lat' dir='ltr'><strong>quam</strong></span> 
     </span>
    </p>
   </div>
   <div class='ocr_carea' id='block_1_93' title="bbox 1015 2206 1843 2244">
    <p class='ocr_par' dir='ltr' id='par_1_93' title="bbox 1015 2206 1843 2244">
     <span class='ocr_line' id='line_1_93' title="bbox 1015 2206 1843 2244; baseline 0.006 -10"><span class='ocrx_word' id='word_1_671' title='bbox 1015 2208 1126 2234; x_wconf 86' lang='lat' dir='ltr'><strong>secreto</strong></span> <span class='ocrx_word' id='word_1_672' title='bbox 1138 2206 1441 2234; x_wconf 84' lang='lat' dir='ltr'><strong>manducare.Deinde</strong></span> <span class='ocrx_word' id='word_1_673' title='bbox 1450 2207 1611 2236; x_wconf 85' lang='lat' dir='ltr'><strong>monachus</strong></span> <span class='ocrx_word' id='word_1_674' title='bbox 1619 2209 1669 2244; x_wconf 89' lang='lat' dir='ltr'><strong>qui</strong></span> <span class='ocrx_word' id='word_1_675' title='bbox 1677 2210 1710 2237; x_wconf 88' lang='lat' dir='ltr'><strong>ad</strong></span> <span class='ocrx_word' id='word_1_676' title='bbox 1720 2212 1843 2239; x_wconf 86' lang='lat' dir='ltr'><strong>mandu-</strong></span> 
     </span>
    </p>
   </div>
   <div class='ocr_carea' id='block_1_94' title="bbox 1016 2251 1841 2289">
    <p class='ocr_par' dir='ltr' id='par_1_94' title="bbox 1016 2251 1841 2289">
     <span class='ocr_line' id='line_1_94' title="bbox 1016 2251 1841 2289; baseline 0.007 -11"><span class='ocrx_word' id='word_1_677' title='bbox 1016 2251 1142 2279; x_wconf 84' lang='lat' dir='ltr'><strong>candum</strong></span> <span class='ocrx_word' id='word_1_678' title='bbox 1155 2251 1276 2286; x_wconf 78' lang='lat' dir='ltr'><strong>colligit,</strong></span> <span class='ocrx_word' id='word_1_679' title='bbox 1294 2259 1361 2279; x_wconf 81' lang='lat' dir='ltr'><strong>mox</strong></span> <span class='ocrx_word' id='word_1_680' title='bbox 1376 2251 1412 2279; x_wconf 83' lang='lat' dir='ltr'><strong>ad</strong></span> <span class='ocrx_word' id='word_1_681' title='bbox 1421 2252 1600 2288; x_wconf 81' lang='lat' dir='ltr'><strong>voluptatem</strong></span> <span class='ocrx_word' id='word_1_682' title='bbox 1612 2253 1724 2289; x_wconf 87' lang='lat' dir='ltr'><strong>aliquid</strong></span> <span class='ocrx_word' id='word_1_683' title='bbox 1737 2255 1841 2284; x_wconf 84' lang='lat' dir='ltr'><strong>addet:</strong></span> 
     </span>
    </p>
   </div>
   <div class='ocr_carea' id='block_1_95' title="bbox 1019 2295 1845 2333">
    <p class='ocr_par' dir='ltr' id='par_1_95' title="bbox 1019 2295 1845 2333">
     <span class='ocr_line' id='line_1_95' title="bbox 1019 2295 1845 2333; baseline 0.007 -10"><span class='ocrx_word' id='word_1_684' title='bbox 1019 2295 1166 2324; x_wconf 79' lang='lat' dir='ltr'><strong>fruitionis</strong></span> <span class='ocrx_word' id='word_1_685' title='bbox 1193 2296 1272 2323; x_wconf 89' lang='lat' dir='ltr'><strong>enim</strong></span> <span class='ocrx_word' id='word_1_686' title='bbox 1294 2304 1361 2332; x_wconf 85' lang='lat' dir='ltr'><strong>pars</strong></span> <span class='ocrx_word' id='word_1_687' title='bbox 1373 2305 1430 2324; x_wconf 90' lang='lat' dir='ltr'><strong>non</strong></span> <span class='ocrx_word' id='word_1_688' title='bbox 1451 2296 1571 2324; x_wconf 88' lang='lat' dir='ltr'><strong>minima</strong></span> <span class='ocrx_word' id='word_1_689' title='bbox 1585 2298 1663 2333; x_wconf 89' lang='lat' dir='ltr'><strong>apud</strong></span> <span class='ocrx_word' id='word_1_690' title='bbox 1678 2300 1845 2329; x_wconf 82' lang='lat' dir='ltr'><strong>mundanas</strong></span> 
     </span>
    </p>
   </div>
   <div class='ocr_carea' id='block_1_96' title="bbox 137 2333 958 2380">
    <p class='ocr_par' dir='ltr' id='par_1_96' title="bbox 137 2339 958 2380">
     <span class='ocr_line' id='line_1_96' title="bbox 137 2339 958 2380; baseline -0.002 -11"><span class='ocrx_word' id='word_1_691' title='bbox 137 2341 253 2371; x_wconf 72' lang='grc' dir='ltr'>ὅποντος</span> <span class='ocrx_word' id='word_1_692' title='bbox 281 2341 310 2368; x_wconf 76' lang='grc' dir='ltr'>ἂν</span> <span class='ocrx_word' id='word_1_693' title='bbox 339 2339 381 2374; x_wconf 62' lang='grc' dir='ltr'><strong>εἷὴ</strong></span> <span class='ocrx_word' id='word_1_694' title='bbox 410 2341 465 2380; x_wconf 80' lang='grc' dir='ltr'>οὐχ</span> <span class='ocrx_word' id='word_1_695' title='bbox 492 2340 591 2376; x_wconf 69' lang='grc' dir='ltr'>ἥκιστα</span> <span class='ocrx_word' id='word_1_696' title='bbox 613 2340 658 2368; x_wconf 68' lang='grc' dir='ltr'><strong>καὶ</strong></span> <span class='ocrx_word' id='word_1_697' title='bbox 688 2340 732 2368; x_wconf 76' lang='grc' dir='ltr'><strong>ἐπὶ</strong></span> <span class='ocrx_word' id='word_1_698' title='bbox 760 2343 800 2376; x_wconf 82' lang='grc' dir='ltr'>τῷ</span> <span class='ocrx_word' id='word_1_699' title='bbox 828 2339 958 2368; x_wconf 65' lang='grc' dir='ltr'>ἐλάττονι</span> 
     </span>
    </p>
   </div>
   <div class='ocr_carea' id='block_1_97' title="bbox 1015 2333 1845 2380">
    <p class='ocr_par' dir='ltr' id='par_1_97' title="bbox 1019 2341 1845 2380">
     <span class='ocr_line' id='line_1_97' title="bbox 1019 2341 1845 2380; baseline 0.006 -12"><span class='ocrx_word' id='word_1_700' title='bbox 1019 2343 1064 2369; x_wconf 84' lang='lat' dir='ltr'><strong>est</strong></span> <span class='ocrx_word' id='word_1_701' title='bbox 1078 2341 1217 2368; x_wconf 75' lang='lat' dir='ltr'><strong>comestio</strong></span> <span class='ocrx_word' id='word_1_702' title='bbox 1227 2348 1233 2374; x_wconf 90' lang='lat'>;</span> <span class='ocrx_word' id='word_1_703' title='bbox 1245 2341 1322 2376; x_wconf 83' lang='lat' dir='ltr'><strong>apud</strong></span> <span class='ocrx_word' id='word_1_704' title='bbox 1337 2341 1496 2369; x_wconf 86' lang='lat' dir='ltr'><strong>monachos</strong></span> <span class='ocrx_word' id='word_1_705' title='bbox 1508 2343 1605 2370; x_wconf 86' lang='lat' dir='ltr'><strong>autem</strong></span> <span class='ocrx_word' id='word_1_706' title='bbox 1618 2351 1677 2370; x_wconf 88' lang='lat' dir='ltr'><strong>non</strong></span> <span class='ocrx_word' id='word_1_707' title='bbox 1692 2345 1845 2380; x_wconf 89' lang='lat' dir='ltr'><strong>comestio,</strong></span> 
     </span>
    </p>
   </div>
   <div class='ocr_carea' id='block_1_98' title="bbox 141 2383 965 2424">
    <p class='ocr_par' dir='ltr' id='par_1_98' title="bbox 141 2383 965 2424">
     <span class='ocr_line' id='line_1_98' title="bbox 141 2383 965 2424; baseline 0 -12"><span class='ocrx_word' id='word_1_708' title='bbox 141 2388 232 2422; x_wconf 78' lang='grc' dir='ltr'>μεῖζον</span> <span class='ocrx_word' id='word_1_709' title='bbox 247 2383 275 2412; x_wconf 78' lang='grc' dir='ltr'>δὲ</span> <span class='ocrx_word' id='word_1_710' title='bbox 299 2385 406 2417; x_wconf 85' lang='grc' dir='ltr'>πάντως</span> <span class='ocrx_word' id='word_1_711' title='bbox 433 2386 447 2413; x_wconf 93' lang='grc' dir='ltr'>ὁ</span> <span class='ocrx_word' id='word_1_712' title='bbox 477 2385 588 2423; x_wconf 78' lang='grc' dir='ltr'>ἄκαιρος</span> <span class='ocrx_word' id='word_1_713' title='bbox 616 2385 813 2424; x_wconf 72' lang='grc' dir='ltr'>χρηματισμὸς</span> <span class='ocrx_word' id='word_1_714' title='bbox 837 2387 886 2412; x_wconf 73' lang='grc' dir='ltr'><strong>τοῦ</strong></span> <span class='ocrx_word' id='word_1_715' title='bbox 916 2384 965 2412; x_wconf 88' lang='grc' dir='ltr'>λα-</span> 
     </span>
    </p>
   </div>
   <div class='ocr_carea' id='block_1_99' title="bbox 142 2429 967 2468">
    <p class='ocr_par' dir='ltr' id='par_1_99' title="bbox 142 2429 967 2468">
     <span class='ocr_line' id='line_1_99' title="bbox 142 2429 967 2468; baseline -0.002 -11"><span class='ocrx_word' id='word_1_716' title='bbox 142 2431 298 2468; x_wconf 79' lang='grc' dir='ltr'>θροφαγεῖν.</span> <span class='ocrx_word' id='word_1_717' title='bbox 328 2430 379 2457; x_wconf 79' lang='grc' dir='ltr'>Καὶ</span> <span class='ocrx_word' id='word_1_718' title='bbox 409 2431 463 2466; x_wconf 78' lang='grc' dir='ltr'>μὴν</span> <span class='ocrx_word' id='word_1_719' title='bbox 495 2430 617 2468; x_wconf 84' lang='grc' dir='ltr'>μοναχὸς</span> <span class='ocrx_word' id='word_1_720' title='bbox 641 2431 674 2457; x_wconf 79' lang='grc' dir='ltr'><strong>τὰ</strong></span> <span class='ocrx_word' id='word_1_721' title='bbox 689 2430 756 2467; x_wconf 84' lang='grc' dir='ltr'>πρὸς</span> <span class='ocrx_word' id='word_1_722' title='bbox 773 2429 894 2465; x_wconf 77' lang='grc' dir='ltr'>δαπάνην</span> <span class='ocrx_word' id='word_1_723' title='bbox 910 2440 967 2456; x_wconf 90' lang='grc' dir='ltr'>συν-</span> 
     </span>
    </p>
   </div>
   <div class='ocr_carea' id='block_1_100' title="bbox 139 2472 965 2512">
    <p class='ocr_par' dir='ltr' id='par_1_100' title="bbox 139 2472 965 2512">
     <span class='ocr_line' id='line_1_100' title="bbox 139 2472 965 2512; baseline 0 -10"><span class='ocrx_word' id='word_1_724' title='bbox 139 2474 211 2512; x_wconf 89' lang='grc' dir='ltr'>άγων</span> <span class='ocrx_word' id='word_1_725' title='bbox 224 2473 297 2511; x_wconf 84' lang='grc' dir='ltr'>τάχα</span> <span class='ocrx_word' id='word_1_726' title='bbox 326 2473 357 2500; x_wconf 76' lang='grc' dir='ltr'><strong>ἂν</strong></span> <span class='ocrx_word' id='word_1_727' title='bbox 386 2472 579 2502; x_wconf 78' lang='grc' dir='ltr'>καταϐαλεὶταί</span> <span class='ocrx_word' id='word_1_728' title='bbox 609 2485 635 2502; x_wconf 91' lang='grc' dir='ltr'><strong>τι</strong></span> <span class='ocrx_word' id='word_1_729' title='bbox 664 2475 709 2502; x_wconf 83' lang='grc' dir='ltr'><strong>καὶ</strong></span> <span class='ocrx_word' id='word_1_730' title='bbox 736 2474 779 2502; x_wconf 80' lang='grc' dir='ltr'><strong>ἐπὶ</strong></span> <span class='ocrx_word' id='word_1_731' title='bbox 807 2474 965 2502; x_wconf 81' lang='grc' dir='ltr'>ἀπολαύσει.</span> 
     </span>
    </p>
   </div>
   <div class='ocr_carea' id='block_1_101' title="bbox 139 2516 967 2556">
    <p class='ocr_par' dir='ltr' id='par_1_101' title="bbox 139 2516 967 2556">
     <span class='ocr_line' id='line_1_101' title="bbox 139 2516 967 2556; baseline -0.002 -9"><span class='ocrx_word' id='word_1_732' title='bbox 139 2518 229 2556; x_wconf 74' lang='grc' dir='ltr'>Μέρος</span> <span class='ocrx_word' id='word_1_733' title='bbox 259 2516 288 2545; x_wconf 65' lang='grc' dir='ltr'><strong>δὲ</strong></span> <span class='ocrx_word' id='word_1_734' title='bbox 316 2517 366 2545; x_wconf 85' lang='grc' dir='ltr'>οὐκ</span> <span class='ocrx_word' id='word_1_735' title='bbox 395 2517 540 2556; x_wconf 78' lang='grc' dir='ltr'>ἐλάχιστον</span> <span class='ocrx_word' id='word_1_736' title='bbox 570 2518 747 2551; x_wconf 83' lang='grc' dir='ltr'>ἀπολαύσεως</span> <span class='ocrx_word' id='word_1_737' title='bbox 772 2519 798 2546; x_wconf 74' lang='grc' dir='ltr'>ἐν</span> <span class='ocrx_word' id='word_1_738' title='bbox 822 2521 967 2555; x_wconf 85' lang='grc' dir='ltr'>κοσμικοῖς</span> 
     </span>
    </p>
   </div>
   <div class='ocr_carea' id='block_1_102' title="bbox 142 2562 969 2602">
    <p class='ocr_par' dir='ltr' id='par_1_102' title="bbox 142 2562 969 2602">
     <span class='ocr_line' id='line_1_102' title="bbox 142 2562 969 2602; baseline -0.002 -11"><span class='ocrx_word' id='word_1_739' title='bbox 142 2563 190 2601; x_wconf 71' lang='grc' dir='ltr'>μὶν</span> <span class='ocrx_word' id='word_1_740' title='bbox 221 2563 252 2590; x_wconf 85' lang='grc' dir='ltr'>τὸ</span> <span class='ocrx_word' id='word_1_741' title='bbox 280 2565 384 2602; x_wconf 83' lang='grc' dir='ltr'>φαγεῖν,</span> <span class='ocrx_word' id='word_1_742' title='bbox 416 2562 441 2589; x_wconf 72' lang='grc' dir='ltr'>ἐν</span> <span class='ocrx_word' id='word_1_743' title='bbox 461 2565 602 2600; x_wconf 86' lang='grc' dir='ltr'>μοναχοῖς,</span> <span class='ocrx_word' id='word_1_744' title='bbox 620 2562 648 2591; x_wconf 70' lang='grc' dir='ltr'><strong>δὲ</strong></span> <span class='ocrx_word' id='word_1_745' title='bbox 665 2563 696 2591; x_wconf 83' lang='grc' dir='ltr'><strong>ού</strong></span> <span class='ocrx_word' id='word_1_746' title='bbox 711 2564 753 2598; x_wconf 75' lang='grc' dir='ltr'>τὸ,</span> <span class='ocrx_word' id='word_1_747' title='bbox 768 2563 918 2595; x_wconf 77' lang='grc' dir='ltr'>ἀσυνθέτως</span> <span class='ocrx_word' id='word_1_748' title='bbox 935 2563 969 2590; x_wconf 86' lang='grc' dir='ltr'><strong>εἷ-</strong></span> 
     </span>
    </p>
   </div>
   <div class='ocr_carea' id='block_1_103' title="bbox 141 2606 968 2646">
    <p class='ocr_par' dir='ltr' id='par_1_103' title="bbox 141 2606 968 2646">
     <span class='ocr_line' id='line_1_103' title="bbox 141 2606 968 2646; baseline -0.002 -10"><span class='ocrx_word' id='word_1_749' title='bbox 141 2611 215 2642; x_wconf 73' lang='grc' dir='ltr'>πεῖν,</span> <span class='ocrx_word' id='word_1_750' title='bbox 239 2610 331 2646; x_wconf 83' lang='grc' dir='ltr'>φαγεῖν</span> <span class='ocrx_word' id='word_1_751' title='bbox 362 2606 436 2643; x_wconf 79' lang='grc' dir='ltr'>(αὐτὸ</span> <span class='ocrx_word' id='word_1_752' title='bbox 465 2607 515 2646; x_wconf 78' lang='grc' dir='ltr'><strong>γὰρ</strong></span> <span class='ocrx_word' id='word_1_753' title='bbox 545 2608 690 2645; x_wconf 88' lang='grc' dir='ltr'>πάγκοινόν</span> <span class='ocrx_word' id='word_1_754' title='bbox 716 2607 809 2644; x_wconf 83' lang='grc' dir='ltr'>ἔστιν),</span> <span class='ocrx_word' id='word_1_755' title='bbox 838 2606 910 2635; x_wconf 76' lang='grc' dir='ltr'>ἀλλὰ</span> <span class='ocrx_word' id='word_1_756' title='bbox 938 2606 968 2634; x_wconf 67' lang='grc' dir='ltr'>τὰ</span> 
     </span>
    </p>
   </div>
   <div class='ocr_carea' id='block_1_104' title="bbox 143 2651 969 2691">
    <p class='ocr_par' dir='ltr' id='par_1_104' title="bbox 143 2651 969 2691">
     <span class='ocr_line' id='line_1_104' title="bbox 143 2651 969 2691; baseline -0.001 -11"><span class='ocrx_word' id='word_1_757' title='bbox 143 2653 336 2691; x_wconf 77' lang='grc' dir='ltr'>λαθροφαγεῖν,</span> <span class='ocrx_word' id='word_1_758' title='bbox 353 2651 479 2679; x_wconf 81' lang='grc' dir='ltr'>δταυτόν</span> <span class='ocrx_word' id='word_1_759' title='bbox 505 2652 559 2679; x_wconf 79' lang='grc' dir='ltr'>ἐστι</span> <span class='ocrx_word' id='word_1_760' title='bbox 587 2654 627 2688; x_wconf 81' lang='grc' dir='ltr'>τῷ</span> <span class='ocrx_word' id='word_1_761' title='bbox 650 2651 738 2687; x_wconf 66' lang='grc' dir='ltr'>ἡδέως</span> <span class='ocrx_word' id='word_1_762' title='bbox 766 2655 870 2690; x_wconf 71' lang='grc' dir='ltr'>φαγεῖψ</span> <span class='ocrx_word' id='word_1_763' title='bbox 901 2657 969 2684; x_wconf 85' lang='grc' dir='ltr'>καθ-</span> 
     </span>
    </p>
   </div>
   <div class='ocr_carea' id='block_1_105' title="bbox 143 2695 970 2735">
    <p class='ocr_par' dir='ltr' id='par_1_105' title="bbox 143 2695 970 2735">
     <span class='ocr_line' id='line_1_105' title="bbox 143 2695 970 2735; baseline -0.001 -11"><span class='ocrx_word' id='word_1_764' title='bbox 143 2696 186 2724; x_wconf 86' lang='grc' dir='ltr'><strong>ότι</strong></span> <span class='ocrx_word' id='word_1_765' title='bbox 201 2696 246 2724; x_wconf 82' lang='grc' dir='ltr'><strong>καὶ</strong></span> <span class='ocrx_word' id='word_1_766' title='bbox 279 2697 386 2731; x_wconf 77' lang='grc' dir='ltr'>κλοπῆς</span> <span class='ocrx_word' id='word_1_767' title='bbox 413 2695 486 2734; x_wconf 79' lang='grc' dir='ltr'>ὕδωρ</span> <span class='ocrx_word' id='word_1_768' title='bbox 510 2695 641 2735; x_wconf 83' lang='grc' dir='ltr'>γλυκερὸν</span> <span class='ocrx_word' id='word_1_769' title='bbox 667 2696 806 2735; x_wconf 67' lang='grc' dir='ltr'>γράφεται.</span> <span class='ocrx_word' id='word_1_770' title='bbox 837 2697 883 2724; x_wconf 84' lang='grc' dir='ltr'>Ἕν</span> <span class='ocrx_word' id='word_1_771' title='bbox 898 2697 970 2733; x_wconf 80' lang='grc' dir='ltr'>τάχα</span> 
     </span>
    </p>
   </div>
   <div class='ocr_carea' id='block_1_106' title="bbox 146 2741 970 2780">
    <p class='ocr_par' dir='ltr' id='par_1_106' title="bbox 146 2741 970 2780">
     <span class='ocr_line' id='line_1_106' title="bbox 146 2741 970 2780; baseline -0.001 -11"><span class='ocrx_word' id='word_1_772' title='bbox 146 2752 229 2780; x_wconf 87' lang='grc' dir='ltr'>μονον</span> <span class='ocrx_word' id='word_1_773' title='bbox 247 2742 262 2769; x_wconf 87' lang='grc' dir='ltr'>ὁ</span> <span class='ocrx_word' id='word_1_774' title='bbox 283 2743 407 2774; x_wconf 77' lang='grc' dir='ltr'>τοιοῦτος</span> <span class='ocrx_word' id='word_1_775' title='bbox 435 2741 510 2779; x_wconf 75' lang='grc' dir='ltr'>ἅγιος</span> <span class='ocrx_word' id='word_1_776' title='bbox 539 2741 755 2778; x_wconf 86' lang='grc' dir='ltr'>χρηματιστικὸς</span> <span class='ocrx_word' id='word_1_777' title='bbox 781 2741 888 2778; x_wconf 86' lang='grc' dir='ltr'>νομίσοι</span> <span class='ocrx_word' id='word_1_778' title='bbox 903 2741 970 2779; x_wconf 84' lang='grc' dir='ltr'>ἀγα-</span> 
     </span>
    </p>
   </div>
   <div class='ocr_carea' id='block_1_107' title="bbox 187 2850 677 2886">
    <p class='ocr_par' dir='ltr' id='par_1_107' title="bbox 187 2850 677 2886">
     <span class='ocr_line' id='line_1_107' title="bbox 187 2850 677 2886; baseline 0.002 -7"><span class='ocrx_word' id='word_1_779' title='bbox 187 2850 209 2870; x_wconf 73' lang='lat'><em>“</em></span> <span class='ocrx_word' id='word_1_780' title='bbox 223 2850 305 2881; x_wconf 83' lang='lat' dir='ltr'><strong>Prov.</strong></span> <span class='ocrx_word' id='word_1_781' title='bbox 321 2859 347 2886; x_wconf 75' lang='grc' dir='ltr'><strong>ν,</strong></span> <span class='ocrx_word' id='word_1_782' title='bbox 362 2851 406 2880; x_wconf 86' lang='grc'><strong>17.</strong></span> <span class='ocrx_word' id='word_1_783' title='bbox 448 2851 470 2871; x_wconf 76' lang='grc' dir='ltr'>ί⁴</span> <span class='ocrx_word' id='word_1_784' title='bbox 484 2850 574 2883; x_wconf 83' lang='lat' dir='ltr'><strong>Eccli.</strong></span> <span class='ocrx_word' id='word_1_785' title='bbox 588 2851 632 2886; x_wconf 80' lang='grc'>10,</span> <span class='ocrx_word' id='word_1_786' title='bbox 647 2851 677 2880; x_wconf 87' lang='grc' dir='ltr'><strong>ϐ.</strong></span> 
     </span>
    </p>
   </div>
   <div class='ocr_carea' id='block_1_108' title="bbox 1022 2385 1845 2423">
    <p class='ocr_par' dir='ltr' id='par_1_108' title="bbox 1022 2385 1845 2423">
     <span class='ocr_line' id='line_1_108' title="bbox 1022 2385 1845 2423; baseline 0.007 -11"><span class='ocrx_word' id='word_1_787' title='bbox 1022 2386 1057 2413; x_wconf 85' lang='lat' dir='ltr'><strong>ad</strong></span> <span class='ocrx_word' id='word_1_788' title='bbox 1073 2385 1251 2420; x_wconf 87' lang='lat' dir='ltr'><strong>loquendum</strong></span> <span class='ocrx_word' id='word_1_789' title='bbox 1268 2385 1451 2420; x_wconf 87' lang='lat' dir='ltr'><strong>disjunctim,</strong></span> <span class='ocrx_word' id='word_1_790' title='bbox 1461 2386 1512 2414; x_wconf 89' lang='lat' dir='ltr'><strong>sed</strong></span> <span class='ocrx_word' id='word_1_791' title='bbox 1525 2389 1637 2415; x_wconf 86' lang='lat' dir='ltr'><strong>secreta</strong></span> <span class='ocrx_word' id='word_1_792' title='bbox 1647 2388 1845 2423; x_wconf 83' lang='lat' dir='ltr'><strong>manducatio.</strong></span> 
     </span>
    </p>
   </div>
   <div class='ocr_carea' id='block_1_109' title="bbox 1022 2429 1846 2469">
    <p class='ocr_par' dir='ltr' id='par_1_109' title="bbox 1022 2429 1846 2469">
     <span class='ocr_line' id='line_1_109' title="bbox 1022 2429 1846 2469; baseline 0.007 -12"><span class='ocrx_word' id='word_1_793' title='bbox 1022 2438 1073 2458; x_wconf 87' lang='lat' dir='ltr'><strong>seu</strong></span> <span class='ocrx_word' id='word_1_794' title='bbox 1085 2429 1162 2465; x_wconf 89' lang='lat' dir='ltr'><strong>quod</strong></span> <span class='ocrx_word' id='word_1_795' title='bbox 1174 2430 1251 2458; x_wconf 85' lang='lat' dir='ltr'><strong>idem</strong></span> <span class='ocrx_word' id='word_1_796' title='bbox 1263 2432 1308 2458; x_wconf 88' lang='lat' dir='ltr'><strong>est</strong></span> <span class='ocrx_word' id='word_1_797' title='bbox 1322 2429 1495 2465; x_wconf 82' lang='lat' dir='ltr'><strong>voluptuose</strong></span> <span class='ocrx_word' id='word_1_798' title='bbox 1506 2431 1695 2466; x_wconf 87' lang='lat' dir='ltr'><strong>manducare,</strong></span> <span class='ocrx_word' id='word_1_799' title='bbox 1705 2435 1846 2469; x_wconf 83' lang='lat' dir='ltr'><strong>quemad-</strong></span> 
     </span>
    </p>
   </div>
   <div class='ocr_carea' id='block_1_110' title="bbox 1023 2474 1849 2510">
    <p class='ocr_par' dir='ltr' id='par_1_110' title="bbox 1023 2474 1849 2510">
     <span class='ocr_line' id='line_1_110' title="bbox 1023 2474 1849 2510; baseline 0.008 -9"><span class='ocrx_word' id='word_1_800' title='bbox 1023 2474 1143 2502; x_wconf 91' lang='lat' dir='ltr'><strong>modum</strong></span> <span class='ocrx_word' id='word_1_801' title='bbox 1153 2474 1336 2502; x_wconf 85' lang='lat' dir='ltr'><strong>dulcioresse</strong></span> <span class='ocrx_word' id='word_1_802' title='bbox 1344 2474 1453 2502; x_wconf 88' lang='lat' dir='ltr'><strong>dicitur</strong></span> <span class='ocrx_word' id='word_1_803' title='bbox 1464 2483 1541 2510; x_wconf 81' lang='lat' dir='ltr'><strong>aqua</strong></span> <span class='ocrx_word' id='word_1_804' title='bbox 1557 2475 1749 2506; x_wconf 87' lang='lat' dir='ltr'><strong>furata.Forte</strong></span> <span class='ocrx_word' id='word_1_805' title='bbox 1756 2487 1849 2507; x_wconf 88' lang='lat' dir='ltr'><strong>unum</strong></span> 
     </span>
    </p>
   </div>
   <div class='ocr_carea' id='block_1_111' title="bbox 1023 2519 1848 2556">
    <p class='ocr_par' dir='ltr' id='par_1_111' title="bbox 1023 2519 1848 2556">
     <span class='ocr_line' id='line_1_111' title="bbox 1023 2519 1848 2556; baseline 0.008 -11"><span class='ocrx_word' id='word_1_806' title='bbox 1023 2519 1132 2546; x_wconf 91' lang='lat' dir='ltr'><strong>bonum</strong></span> <span class='ocrx_word' id='word_1_807' title='bbox 1148 2519 1224 2554; x_wconf 90' lang='lat' dir='ltr'><strong>quod</strong></span> <span class='ocrx_word' id='word_1_808' title='bbox 1240 2519 1318 2547; x_wconf 86' lang='lat' dir='ltr'><strong>vovit</strong></span> <span class='ocrx_word' id='word_1_809' title='bbox 1330 2521 1451 2546; x_wconf 86' lang='lat' dir='ltr'><strong>sanctus</strong></span> <span class='ocrx_word' id='word_1_810' title='bbox 1467 2519 1514 2546; x_wconf 88' lang='lat' dir='ltr'><strong>hic</strong></span> <span class='ocrx_word' id='word_1_811' title='bbox 1530 2521 1694 2556; x_wconf 89' lang='lat' dir='ltr'><strong>negotiator</strong></span> <span class='ocrx_word' id='word_1_812' title='bbox 1709 2523 1737 2551; x_wconf 90' lang='lat' dir='ltr'><strong>id</strong></span> <span class='ocrx_word' id='word_1_813' title='bbox 1755 2532 1848 2552; x_wconf 90' lang='lat' dir='ltr'><strong>unum</strong></span> 
     </span>
    </p>
   </div>
   <div class='ocr_carea' id='block_1_112' title="bbox 1024 2563 1850 2604">
    <p class='ocr_par' dir='ltr' id='par_1_112' title="bbox 1024 2563 1850 2604">
     <span class='ocr_line' id='line_1_112' title="bbox 1024 2563 1850 2604; baseline 0.008 -14"><span class='ocrx_word' id='word_1_814' title='bbox 1024 2563 1183 2590; x_wconf 80' lang='lat' dir='ltr'><strong>arbitratur</strong></span> <span class='ocrx_word' id='word_1_815' title='bbox 1198 2563 1316 2596; x_wconf 81' lang='lat' dir='ltr'><strong>habere,</strong></span> <span class='ocrx_word' id='word_1_816' title='bbox 1333 2571 1390 2591; x_wconf 91' lang='lat' dir='ltr'><strong>non</strong></span> <span class='ocrx_word' id='word_1_817' title='bbox 1407 2571 1472 2590; x_wconf 87' lang='lat' dir='ltr'><strong>esse</strong></span> <span class='ocrx_word' id='word_1_818' title='bbox 1493 2564 1613 2593; x_wconf 91' lang='lat' dir='ltr'><strong>omnino</strong></span> <span class='ocrx_word' id='word_1_819' title='bbox 1627 2566 1765 2595; x_wconf 89' lang='lat' dir='ltr'><strong>otiosum.</strong></span> <span class='ocrx_word' id='word_1_820' title='bbox 1785 2569 1850 2604; x_wconf 85' lang='lat' dir='ltr'><strong>Ipse</strong></span> 
     </span>
    </p>
   </div>
   <div class='ocr_carea' id='block_1_113' title="bbox 1023 2607 1852 2645">
    <p class='ocr_par' dir='ltr' id='par_1_113' title="bbox 1023 2607 1852 2645">
     <span class='ocr_line' id='line_1_113' title="bbox 1023 2607 1852 2645; baseline 0.006 -10"><span class='ocrx_word' id='word_1_821' title='bbox 1023 2608 1101 2635; x_wconf 89' lang='lat' dir='ltr'><strong>istud</strong></span> <span class='ocrx_word' id='word_1_822' title='bbox 1118 2617 1174 2636; x_wconf 90' lang='lat' dir='ltr'><strong>non</strong></span> <span class='ocrx_word' id='word_1_823' title='bbox 1191 2608 1359 2644; x_wconf 87' lang='lat' dir='ltr'><strong>intelligens</strong></span> <span class='ocrx_word' id='word_1_824' title='bbox 1374 2616 1380 2635; x_wconf 90' lang='lat'>:</span> <span class='ocrx_word' id='word_1_825' title='bbox 1396 2617 1409 2633; x_wconf 73' lang='grc' dir='ltr'>ι</span> <span class='ocrx_word' id='word_1_826' title='bbox 1426 2607 1546 2636; x_wconf 91' lang='lat' dir='ltr'><strong>Nullum</strong></span> <span class='ocrx_word' id='word_1_827' title='bbox 1561 2618 1635 2645; x_wconf 87' lang='lat' dir='ltr'><strong>opus</strong></span> <span class='ocrx_word' id='word_1_828' title='bbox 1651 2611 1787 2640; x_wconf 88' lang='lat' dir='ltr'><strong>ruborem</strong></span> <span class='ocrx_word' id='word_1_829' title='bbox 1803 2612 1852 2640; x_wconf 79' lang='lat' dir='ltr'><strong>ad-</strong></span> 
     </span>
    </p>
   </div>
   <div class='ocr_carea' id='block_1_114' title="bbox 1024 2652 1851 2691">
    <p class='ocr_par' dir='ltr' id='par_1_114' title="bbox 1024 2652 1851 2691">
     <span class='ocr_line' id='line_1_114' title="bbox 1024 2652 1851 2691; baseline 0.007 -12"><span class='ocrx_word' id='word_1_830' title='bbox 1024 2652 1068 2680; x_wconf 85' lang='lat' dir='ltr'><strong>dit</strong></span> <span class='ocrx_word' id='word_1_831' title='bbox 1083 2653 1115 2687; x_wconf 75' lang='lat'><strong>“,</strong></span> <span class='ocrx_word' id='word_1_832' title='bbox 1129 2653 1164 2679; x_wconf 85' lang='lat' dir='ltr'><strong>ad</strong></span> <span class='ocrx_word' id='word_1_833' title='bbox 1181 2660 1212 2680; x_wconf 80' lang='lat' dir='ltr'><strong>se</strong></span> <span class='ocrx_word' id='word_1_834' title='bbox 1233 2652 1458 2687; x_wconf 81' lang='lat' dir='ltr'><strong>justiﬁcandum</strong></span> <span class='ocrx_word' id='word_1_835' title='bbox 1485 2652 1596 2681; x_wconf 90' lang='lat' dir='ltr'><strong>nullum</strong></span> <span class='ocrx_word' id='word_1_836' title='bbox 1613 2663 1687 2691; x_wconf 86' lang='lat' dir='ltr'><strong>opus</strong></span> <span class='ocrx_word' id='word_1_837' title='bbox 1702 2656 1851 2689; x_wconf 78' lang='lat' dir='ltr'><strong>injussum</strong></span> 
     </span>
    </p>
   </div>
   <div class='ocr_carea' id='block_1_115' title="bbox 1024 2697 1852 2735">
    <p class='ocr_par' dir='ltr' id='par_1_115' title="bbox 1024 2697 1852 2735">
     <span class='ocr_line' id='line_1_115' title="bbox 1024 2697 1852 2735; baseline 0.006 -11"><span class='ocrx_word' id='word_1_838' title='bbox 1024 2704 1089 2725; x_wconf 83' lang='lat' dir='ltr'><strong>esse</strong></span> <span class='ocrx_word' id='word_1_839' title='bbox 1105 2697 1257 2731; x_wconf 83' lang='lat' dir='ltr'><strong>monacho,</strong></span> <span class='ocrx_word' id='word_1_840' title='bbox 1275 2697 1398 2733; x_wconf 88' lang='lat' dir='ltr'><strong>ideoque</strong></span> <span class='ocrx_word' id='word_1_841' title='bbox 1412 2705 1465 2724; x_wconf 86' lang='lat' dir='ltr'><strong>nec</strong></span> <span class='ocrx_word' id='word_1_842' title='bbox 1480 2697 1617 2731; x_wconf 85' lang='lat' dir='ltr'><strong>divitiari,</strong></span> <span class='ocrx_word' id='word_1_843' title='bbox 1635 2699 1781 2735; x_wconf 86' lang='lat' dir='ltr'><strong>siquidem</strong></span> <span class='ocrx_word' id='word_1_844' title='bbox 1797 2699 1852 2729; x_wconf 86' lang='lat' dir='ltr'><strong>hoc</strong></span> 
     </span>
    </p>
   </div>
   <div class='ocr_carea' id='block_1_116' title="bbox 1024 2741 1853 2782">
    <p class='ocr_par' dir='ltr' id='par_1_116' title="bbox 1024 2741 1853 2782">
     <span class='ocr_line' id='line_1_116' title="bbox 1024 2741 1853 2782; baseline 0.006 -13"><span class='ocrx_word' id='word_1_845' title='bbox 1024 2742 1061 2770; x_wconf 84' lang='lat' dir='ltr'><strong>ad</strong></span> <span class='ocrx_word' id='word_1_846' title='bbox 1075 2742 1258 2778; x_wconf 86' lang='lat' dir='ltr'><strong>operandum</strong></span> <span class='ocrx_word' id='word_1_847' title='bbox 1274 2741 1389 2770; x_wconf 88' lang='lat' dir='ltr'><strong>attinet.</strong></span> <span class='ocrx_word' id='word_1_848' title='bbox 1418 2741 1572 2771; x_wconf 82' lang='lat' dir='ltr'><strong>Manifesta</strong></span> <span class='ocrx_word' id='word_1_849' title='bbox 1589 2743 1720 2780; x_wconf 86' lang='lat' dir='ltr'><strong>seipsum</strong></span> <span class='ocrx_word' id='word_1_850' title='bbox 1733 2745 1853 2782; x_wconf 82' lang='lat' dir='ltr'><strong>decipit,</strong></span> 
     </span>
    </p>
   </div>
  </div>
