2018 3158
1818 43 1933 152 .

200 172 260 203 783
592 172 798 204 EUSTATHII
820 171 1203 203 THESSALONICENSIS
1224 171 1516 204 METROPOLITJE
1855 177 1918 209 784

200 235 250 272 qui
264 235 306 263 ita
320 235 469 271 intelligit.
485 235 739 268 Quemadmodum
761 235 840 262 enim
862 235 1007 263 laborioso

1083 233 1128 266 θὸν
1155 230 1228 272 ἔχειν
1256 233 1287 262 τὸ
1316 234 1396 271 (καΘὰ
1421 234 1604 274 ἐξωσιώσατο)
1633 249 1648 263 ‹‹
1675 238 1714 274 μὴ
1731 238 1830 277 ἀεργὸς
1848 240 1918 268 εἶναι

199 280 287 308 homo
294 281 444 309 consuevit
451 289 467 307 a
479 279 608 308 laudatis
621 279 753 316 personis
765 279 976 313 commendari,
988 279 1008 306 it

1081 277 1120 310 εἷς
1145 279 1176 306 τὸ
1209 277 1350 310 παντελές.
1381 289 1394 305 ι
1425 279 1473 307 Καί
1500 291 1553 308 που
1581 281 1626 308 καὶ
1641 282 1724 313 αὐτὸς
1737 285 1915 321 παρανοήσας

1079 324 1110 350 τὸ
1139 335 1152 347 ε(
1179 323 1274 360 Ἔργον
1303 322 1326 350 δ’
1355 322 1431 351 οὐδὲν
1450 322 1565 359 ὄνειδος,
1597 324 1807 363 »προϐαλεῆαι
1825 328 1857 355 ἂν
1874 329 1913 361 είς

1081 365 1230 401 δικαίωσιν,
1265 379 1277 394 ι
1310 367 1394 404 μηδὲν
1410 379 1436 395 τι
1452 366 1528 407 ἔργον
1553 370 1622 407 πρὸς
1638 370 1796 408 ὀνειδισμοῦ
1811 373 1880 400 εἶναι
1896 386 1910 400 n

1078 414 1118 447 τῷ
1149 414 1271 449 μοναχῷ,
1304 412 1403 456 οῦκοῦν
1433 413 1504 449 μηδδ
1530 415 1560 442 τὸ
1590 417 1826 453 χρηματίζεσθαι·
1857 417 1911 456 εῗγῑ

1077 456 1121 483 καὶ
1150 455 1215 484 αὐτὸ
1246 456 1283 487 εἴς
1314 453 1393 495 ἔργον
1410 457 1550 495 ὑπάγεται.
1576 459 1679 495 Ἀπατᾷ
1709 459 1739 487 δὶ
1766 453 1910 499 ἀριδήλώς

1078 499 1169 526 ἑαυτὸν
1200 500 1214 527 ὁ
1241 499 1312 527 οὕτω
1340 502 1427 529 νοῶν.
1453 501 1526 529 Καθὰ
1553 502 1605 540 γὰρ
1641 504 1655 530 ὁ
1687 505 1838 542 πρακτικὸς
1865 506 1908 532 hri

1077 543 1278 579 ἐπαινουμένων
1318 544 1472 581 προσώπων
1508 544 1622 574 εἴθισται
1659 546 1804 586 λέγεσθαι,
1836 549 1909 577 οὓτω

1074 588 1119 616 καὶ
1145 589 1158 616 ὁ
1190 588 1341 626 ἔργατικός·
1369 589 1392 625 ᾧ
1417 589 1537 622 ἐναντίος
1566 592 1580 618 ὁ
1607 592 1712 630 ἆεργός.
1740 593 1841 631 Εἷγὰρ
1863 594 1908 622 καὶ

198 327 227 354 et
237 325 406 362 operarius;
422 325 468 352 cui
485 325 649 352 contrarius
665 326 710 351 est
724 323 933 351 otiosus.Licet
947 323 1024 350 enim

198 372 278 398 actor
293 372 322 397 et
337 369 412 397 male
425 377 549 404 opcrans
561 368 740 404 (κπκοοργὸς),
766 369 816 404 qui
839 368 972 395 eamdem
988 368 1024 395 ob

198 422 318 442 causam
342 414 494 449 κακοῦργος
521 413 644 448 dicitur,
676 414 711 440 ab
740 421 826 448 opere
855 415 883 440 et
911 412 1024 440 actione

197 459 377 492 deriventur,
409 457 484 484 bona
514 460 611 484 tamen
642 457 772 492 phrasis,
802 457 890 484 solita
904 456 1021 490 locutio,

196 502 354 535 sententia,
371 501 414 529 lex
442 501 528 535 bona,
544 503 572 528 et
600 501 673 528 bene
702 501 816 528 dicendi
832 500 1021 537 exemplaria,

194 546 224 574 in
241 554 361 574 sensum
377 546 486 573 bonum
501 545 702 573 sublimiorem
718 548 747 573 et
769 545 900 573 divinum
926 545 1020 573 dedu-

193 592 308 624 xerunt,
326 589 401 618 sicut
416 590 571 623 actionem,
588 590 627 617 ita
642 592 670 617 et
685 598 758 625 opus
772 592 800 617 et
815 598 947 617 causam.

193 635 207 661 ὁ
222 633 320 672 ρἑτης
348 633 391 660 καὶ
419 633 433 660 ὁ
458 633 607 670 κακοεργὸς
638 633 664 669 (ὁ
694 632 728 660 δι’
757 633 822 660 αὐτὸ
846 633 893 660 καὶ
921 634 1083 671 κακουργος)
1100 631 1170 671 ἔργῳ
1189 633 1233 661 καὶ
1260 633 1352 672 πράξει
1376 637 1614 671 παρωνυμοῦνται,
1639 636 1711 664 ἀλλὰ
1735 639 1753 672 ἡ
1777 638 1902 676 ἐνάρετος

194 679 302 717 φράσις,
319 679 336 712 ἡ
367 677 428 708 ἐθὰς
457 676 610 711 διάλεκτος,
640 679 657 712 ἡ
687 678 868 714 ἀξιωματικὴ,
894 677 925 704 τὸ
957 677 1083 714 ἆνάρετον
1118 677 1244 713 κύρωμα,
1283 677 1314 704 τὸ
1343 677 1566 716 χρηστολογικὸν
1590 679 1708 717 τύπωμα
1736 682 1775 713 είς
1803 683 1906 720 ἀγαθὴν

192 721 390 759 ἁπεκλήρωσαν
424 719 526 749 ἔννοιαν
555 722 600 749 καὶ
628 721 749 758 ὑψηλήν·
779 723 824 749 καὶ
842 722 914 750 οὕτω
929 722 1011 755 θείαν,
1043 721 1134 759 ὥσπερ
1163 721 1212 755 τὴν
1242 723 1347 759 πρᾶξιν,
1375 722 1446 750 οὕτω
1474 725 1519 750 καὶ
1549 725 1581 751 τὸ
1607 723 1685 762 ἔργον
1714 726 1758 753 καὶ
1868 728 1908 754 αἱ-

194 767 261 795 τίαν.

224 812 269 839 64.
286 813 326 839 De
339 811 386 839 his
401 810 538 839 subtilius
551 811 695 839 disserere
716 811 909 848 superﬂuum.
928 811 1014 847 Ergo,

190 855 362 884 omonache
389 855 482 889 avide,
513 855 616 891 cupide
645 855 816 883 divitiarum
846 857 948 883 contra
971 864 1014 883 re-

1107 808 1153 844 ES'.
1186 810 1313 847 ῙΙεριττὸν
1340 809 1368 838 ἐν
1396 813 1453 841 τοῖς
1479 810 1538 849 ἄρτι
1555 812 1740 851 φυλοκρινεῖν.
1756 815 1796 844 Οὐ
1811 817 1904 844 τοίνυν

1072 854 1093 880 ὦ
1122 854 1233 889 κτητικὲ
1261 855 1376 892 μοναχὶ,
1407 855 1452 882 καὶ
1481 856 1658 889 ἀκανονίστως
1688 861 1902 896 χρηματισταὶ,

190 900 302 936 gulam,
318 902 346 928 et
360 902 425 936 post
439 900 688 928 consecrationem
713 900 804 927 labori
828 900 954 928 maxime
969 900 1009 927 de

1072 899 1115 925 καὶ
1143 899 1210 935 μετὰ
1239 897 1381 937 ἒπιορκίας
1411 899 1580 938 ἐνεργέστατε
1597 923 1604 936 ,
1633 902 1650 936 ἢ
1680 892 1830 937 πρακτικὸς
1848 927 1855 939 ,

189 945 261 978 dite,
277 945 314 973 ab
329 945 500 973 hominibus
517 945 629 973 ratione
654 945 804 973 utentibus
820 953 877 973 non
897 945 1017 980 judica-

186 989 265 1018 beris
279 998 364 1026 agere
380 993 409 1018 et
437 990 553 1026 operari
575 990 739 1018 secundum
764 989 855 1017 Deum
881 990 1015 1026 quandiu

187 1034 217 1062 in
241 1042 275 1062 eo
305 1037 385 1062 statu
416 1034 625 1070 permanebis;
656 1034 715 1062 imo
744 1042 812 1062 vero
842 1034 1014 1070 negotiator,

186 1078 300 1107 otiosus
318 1100 325 1114 ,
356 1081 517 1111 mercator.
546 1077 713 1114 lucripeta,
744 1078 864 1106 omnino
892 1078 1015 1106 alecula-

186 1123 228 1150 ris
243 1130 319 1157 esse,
335 1125 363 1151 et
390 1123 561 1158 quicunque
584 1123 661 1150 alius
691 1123 785 1159 magis
805 1131 894 1158 quam
910 1131 1013 1151 mona-

187 1167 260 1195 chus
271 1167 427 1203 perfectus.
444 1168 484 1195 Te
507 1167 571 1203 jam
601 1167 766 1195 discernere
795 1167 920 1194 arbitror
936 1167 1013 1203 quod

187 1212 401 1248 acquirendum
419 1214 472 1245 est,
492 1214 568 1239 certo
584 1211 683 1247 aliquo
709 1212 806 1244 modo,
821 1214 850 1239 et
867 1220 961 1247 usque
975 1212 1011 1239 ad

185 1252 378 1292 superfluum.
396 1258 453 1292 Ego
476 1259 573 1283 autem
596 1263 663 1282 cum
679 1256 788 1292 optime
804 1256 933 1283 noverim
951 1265 1012 1283 ma-

185 1308 273 1336 gnam
281 1300 502 1337 illegitimarum
511 1300 677 1327 divitiarum
686 1299 829 1327 malitiam
837 1300 912 1335 apud
924 1308 1012 1327 saecu-

183 1344 260 1372 lares
275 1345 317 1372 tui
334 1343 457 1377 similes,
484 1343 594 1379 aliquid
612 1351 718 1370 novum
740 1343 916 1379 superaddo,
932 1346 961 1370 et
977 1343 1010 1370 fi-

184 1389 286 1417 denter
297 1389 362 1416 dico
373 1388 538 1416 necessario
555 1386 712 1423 aliquando
724 1389 752 1415 te
767 1387 897 1422 ditari,et
907 1395 1010 1424 super-

184 1432 398 1465 efﬂuere.Quod
412 1440 469 1460 non
477 1433 509 1459 tit
516 1431 600 1467 quasi
607 1439 641 1459 ex
647 1432 719 1459 artis
728 1431 1010 1465 machinationibus,

183 1477 235 1505 sed
251 1476 301 1504 Dei
316 1477 422 1513 gratia,
439 1484 505 1512 erga
522 1475 626 1512 dignos
653 1476 707 1503 hoc
723 1476 853 1512 prremio,
869 1476 918 1511 qui
937 1476 1010 1504 nihil

182 1521 368 1559 possidentes
395 1521 495 1548 omnia
518 1520 661 1548 obtinent.
688 1522 780 1554 Quam
796 1520 1008 1548 abundantiam

182 1566 267 1594 nobis
283 1565 444 1594 ostendunt
460 1572 516 1592 non
545 1565 632 1592 modo
647 1564 819 1601 evangelica
846 1567 963 1600 spartae,
981 1568 1010 1593 et
1025 1575 1046 1608 ρ

182 1610 426 1646 cophini.necnon
443 1612 472 1637 et
484 1608 682 1645 apostolorum
696 1611 771 1636 recte
788 1609 907 1645 plenum
919 1621 933 1634 ‹‹
948 1619 1008 1638 ma-

184 1655 250 1691 gnis
266 1654 399 1691 piscibus
412 1656 529 1682 centum
542 1653 757 1689 quinquaginta
772 1654 867 1681 tribus
879 1654 901 1671 ¹⁸
913 1663 919 1687 ;
933 1665 946 1679 ››
959 1654 1008 1682 sed

183 1699 281 1728 adhuc
296 1699 373 1735 apud
388 1701 499 1726 veteres
514 1700 543 1726 et
556 1699 731 1726 recentiores
747 1700 892 1733 auctores,
908 1698 1011 1726 horrea

183 1744 295 1778 absque
308 1743 406 1771 labore
421 1745 449 1770 et
465 1750 551 1778 opere
567 1742 666 1769 statim
683 1742 832 1775 confecta;
858 1745 887 1770 et
900 1742 1009 1778 hydrina

183 1788 284 1816 farinae
300 1787 457 1824 prophetas,
483 1786 532 1821 qui
561 1786 642 1813 rami.
655 1786 811 1820 subvenit;
837 1789 865 1814 et
878 1794 929 1814 vas
944 1795 1008 1822 par-

183 1841 252 1861 vum
268 1832 365 1860 oleum
382 1838 499 1866 semper
524 1830 688 1864 effundens,
712 1830 826 1866 aliaque
840 1832 901 1859 visa
917 1839 1010 1867 usque

183 1877 218 1904 ad
236 1883 364 1912 praesens
391 1874 542 1902 miracula.
576 1875 687 1902 Etenim
717 1875 794 1911 apud
811 1877 941 1903 nostram
957 1884 1008 1912 ge-

182 1919 374 1952 nerationem,
404 1919 433 1946 in
465 1919 602 1946 domibus
633 1921 688 1946 Deo
717 1919 864 1955 acceptis,
889 1923 1008 1956 experta

181 1966 252 1992 sunt
266 1963 449 2000 receptacula
460 1971 523 1999 quae
535 1963 634 1990 vinum
647 1966 676 1991 et
686 1963 783 1991 oleum
797 1972 904 1999 magna
915 1973 1007 1999 quan-

178 2009 273 2041 titate,
289 2017 353 2045 quae
377 2008 423 2035 vix
445 2008 591 2036 exhauriri
618 2011 740 2044 poterat,
766 2012 951 2044 acceperunt,
976 2009 1006 2037 in

180 2053 288 2090 quibus
317 2053 442 2080 arbitror
468 2051 610 2088 liquorem
643 2061 795 2088 nunquam
823 2053 1006 2081 defectorum

179 2099 281 2133 fuisse,
299 2097 354 2126 nisi
370 2098 407 2125 ab
423 2097 629 2125 haurientibus
646 2097 821 2125 miraculum
839 2097 893 2125 hoc
912 2098 1006 2126 divul-

178 2146 278 2179 gatum
294 2144 381 2171 esset.
399 2142 481 2174 Quod
509 2142 686 2178 prodigium,
704 2142 788 2178 quasi
815 2151 867 2178 pro
884 2143 1005 2178 agendis

177 2188 281 2224 gratiis
298 2187 457 2224 proditum,
475 2186 603 2222 amplius
620 2194 791 2222 permanere
810 2195 866 2214 non
882 2190 926 2215 est
940 2196 1004 2223 per-

175 2232 366 2266 missum,sed
384 2232 550 2260 confessum
567 2231 667 2258 statim
684 2231 884 2264 cessavit,Deo
899 2240 1004 2267 nempe

173 2276 246 2305 illud
263 2279 413 2313 operante,
429 2276 489 2303 sive
515 2278 634 2311 propter
657 2275 791 2303 homines
816 2275 870 2303 hoc
890 2276 1000 2303 beneﬁ-

172 2321 251 2349 cium
266 2323 413 2357 expertos,
430 2320 491 2347 sive
508 2321 624 2356 propter
639 2319 802 2353 audientes,
820 2320 880 2348 sive
903 2320 1002 2356 potius

171 2368 291 2401 propter
305 2367 457 2400 utrosque.

206 2409 251 2436 65.
269 2409 349 2442 Quod
366 2411 444 2436 recto
471 2408 557 2435 modo
583 2407 760 2444 acquierere,
790 2410 818 2436 et
839 2409 956 2443 addere,
972 2411 1000 2437 et

172 2453 267 2481 multa
281 2453 474 2481 accrescenlia
505 2453 702 2488 superaddere
719 2461 775 2480 non
805 2454 843 2480 sit
869 2453 998 2489 prohibi-

171 2500 246 2532 tum,
260 2498 323 2534 jam
339 2506 464 2533 magnus
488 2498 541 2525 Job
566 2497 704 2530 ostendit,
726 2505 813 2533 quem
840 2498 937 2525 multas
953 2498 997 2525 di-

169 2542 246 2569 vitia)
262 2550 319 2570 non
337 2542 548 2578 impediverant
562 2541 631 2577 quin
658 2541 736 2569 istud
761 2542 963 2570 testimonium
980 2551 996 2570 a

168 2589 225 2615 Deo
241 2586 394 2622 acciperet,
420 2594 508 2620 super
536 2594 638 2614 omnes
663 2586 797 2614 homines
814 2587 904 2621 hujus
920 2589 994 2614 tem-

166 2632 247 2668 poris
263 2632 300 2660 ad
315 2632 407 2659 Deum
424 2630 553 2666 proxime
570 2631 716 2658 accedere.
732 2633 764 2658 Et
780 2631 852 2658 mihi
868 2631 995 2659 occurrit

167 2676 285 2713 aliquod
302 2684 404 2704 recens
417 2674 595 2710 exemplum,
612 2684 670 2711 quo
700 2675 787 2703 verba
811 2684 876 2704 mea
891 2676 993 2704 conﬁr-

169 2724 297 2750 mantur.

205 2827 226 2844 ¹⁵
239 2828 324 2855 Joan.
341 2835 399 2861 xxx,
417 2826 460 2853 11.

1072 941 1212 987 ἐργατικὸς
1240 943 1309 987 κατα
1337 943 1402 971 Θεὸν
1432 954 1499 972 ειναι
1534 947 1651 983 κριθήσῃ
1686 949 1759 985 παρὰ
1787 959 1818 987 γε
1845 953 1903 981 τοῖς

1070 989 1132 1014 νοῦν
1148 984 1270 1024 ἔχουσιν,
1291 986 1343 1019 in):
1372 987 1402 1015 ἃν
1430 991 1556 1021 τοιοῦτος
1583 990 1678 1028 μένῃς·
1708 984 1800 1020 ἀλλὰ.
1817 1004 1903 1031 πραγ-

1071 1032 1244 1067 ματευτικὸς,
1259 1031 1304 1058 καὶ
1320 1031 1428 1069 ἀεργὸς,
1443 1033 1489 1060 καὶ
1505 1034 1715 1072 ἐμπορευτικὸς,
1741 1038 1786 1065 καὶ
1814 1037 1901 1074 ἐμπο-

1070 1074 1161 1109 λαῖος,
1191 1075 1234 1103 καὶ
1259 1074 1389 1114 κερδῷος,
1415 1077 1460 1104 καὶ
1479 1077 1538 1115 βίος
1559 1078 1735 1118 αὐτόχρημα,
1752 1083 1799 1109 καὶ
1815 1084 1902 1111 πάντα

1070 1119 1176 1156 μᾶλλον
1192 1120 1226 1148 τὰ
1240 1119 1344 1156 (illud)
1356 1120 1585 1160 μεγαλόσχημος.
1595 1125 1709 1162 Ἕγνως,
1727 1126 1819 1162 οἶμαι,
1834 1126 1900 1163 ἤδη,

1068 1163 1134 1201 ὅπερ
1159 1165 1272 1199 κτητέον
1287 1164 1358 1192 ἄοτιν
1383 1164 1414 1192 οὗ
1429 1166 1474 1193 καὶ
1501 1166 1743 1205 ὑπερεκπερισσοῦ·
1770 1171 1844 1209 Ἐγὼ
1875 1171 1902 1199 εἰ

1067 1209 1267 1243 πλεονάζουσαν
1280 1208 1306 1236 ἐν
1321 1211 1380 1240 τοῖς
1390 1212 1438 1237 τοῦ
1448 1211 1517 1238 κατὰ
1532 1211 1560 1238 σὲ
1576 1212 1637 1249 βιου
1652 1215 1682 1249 εᾷ
1692 1212 1774 1246 εῗλδὼς
1784 1216 1835 1250 τήν
1851 1220 1902 1251 τῆς

1067 1252 1180 1290 ἀκαίρου
1195 1253 1317 1288 κτήσεως
1330 1254 1438 1288 κακίαν,
1465 1262 1681 1294 προσεπιτιθημι
1705 1259 1776 1286 καίτι
1803 1260 1899 1295 πλέον,

1065 1297 1110 1323 καὶ
1127 1296 1198 1334 λέγω
1213 1297 1396 1335 θαρρούντως,
1423 1299 1465 1326 ὅτι
1481 1299 1582 1338 ἀνάγκῃ
1599 1302 1647 1338 μὲν
1663 1301 1717 1330 ἐστι
1743 1304 1790 1331 καὶ
1817 1305 1897 1343 ὑπερο

1066 1341 1210 1376 κεκτῆσθαί
1235 1341 1264 1369 σὲ
1287 1353 1364 1378 ποτε,
1387 1343 1425 1374 ὡς
1448 1344 1492 1372 καὶ
1508 1346 1686 1383 περισσεύειν⁴
1714 1348 1779 1376 αὐτὸ
1811 1348 1841 1377 δὲ
1867 1341 1896 1378 οὗ

1068 1384 1150 1422 μόνον
1185 1386 1253 1414 κατὰ
1285 1387 1386 1424 τέχνην
1423 1393 1637 1427 περιουσιασμοῦ
1676 1391 1788 1430 γίνεται,
1822 1393 1896 1422 ἀλλὰ

1064 1429 1108 1457 καὶ
1123 1429 1182 1466 θείᾳ
1205 1431 1298 1468 χάριτι
1326 1435 1384 1463 τοῖς
1409 1433 1492 1468 ἀξίοις
1519 1437 1567 1462 τοῦ
1595 1429 1722 1464 τοιούτου
1751 1438 1850 1466 καλοῦ·
1869 1439 1894 1466 οἶ

1066 1473 1151 1511 μηδὲν
1181 1473 1300 1513 ἔχοντες,
1334 1476 1420 1504 πάντα
1441 1477 1598 1516 κατέχουσι.
1631 1480 1680 1508 Καὶ
1704 1480 1820 1516 δηλοῦσι
1848 1494 1893 1511 πε-

1064 1520 1184 1557 ριουσίαν
1210 1521 1338 1556 τοιαύτην
1370 1521 1401 1549 οὗ
1433 1523 1514 1559 μόνον
1537 1525 1564 1551 αἱ
1594 1525 1768 1564 εὐαγγελικαί
1795 1530 1890 1567 σπυρί-

1065 1562 1120 1600 δες,
1148 1565 1193 1592 καὶ
1223 1566 1249 1592 οἱ
1279 1565 1397 1604 κόφινοι,
1427 1567 1472 1596 καὶ
1499 1569 1531 1596 τὸ
1561 1562 1743 1599 ἀποστολικὸν
1771 1562 1896 1607 δίκτυον,

1065 1609 1131 1647 ὅπερ
1162 1609 1303 1646 ἐμεστώθη
1331 1614 1465 1648 περιττῶς
1478 1615 1537 1644 τοῖς
1565 1615 1638 1652 τρισὶ
1666 1616 1710 1643 καὶ
1726 1618 1896 1652 πεντήκοντα

1065 1653 1109 1681 καὶ
1125 1653 1218 1681 ἑκατὸν
1249 1654 1380 1691 μεγάλοις
1400 1655 1519 1694 ἰχθύσιν,
1537 1657 1609 1686 ἀλλὰ
1637 1659 1682 1687 καὶ
1698 1661 1730 1688 τὰ
1745 1662 1808 1689 καθ’
1823 1662 1894 1691 ἱστο-

1066 1698 1123 1734 ρίαν
1161 1698 1206 1725 καὶ
1244 1697 1362 1726 παλαιὰν
1401 1700 1446 1728 καὶ
1473 1701 1533 1729 νέαν
1564 1701 1663 1740 αἶ’φνης
1696 1704 1896 1743 ἐμπιπλάμενι

1065 1742 1148 1778 ὡρεῖα
1177 1741 1249 1788 δίχα,
1271 1743 1339 1770 πόνυ
1354 1743 1399 1771 καὶ
1418 1744 1555 1783 ἰργασίας,
1580 1747 1624 1774 καὶ
1649 1749 1666 1783 ἠ
1691 1751 1740 1776 τοῦ
1769 1741 1897 1788 θεραπεύ-

1065 1796 1159 1830 σαντος
1187 1785 1270 1830 λιμὸν
1299 1789 1442 1827 προφήτου
1469 1789 1588 1827 ἀλεύρου
1619 1790 1715 1830 ὑδρία,
1745 1785 1806 1822 καὶ·
1823 1796 1836 1822 ὁ
1866 1796 1896 1823 τὸ

1064 1829 1155 1858 ἔλαιον
1185 1828 1317 1862 ἐκϐλύσας
1345 1833 1492 1870 καμψάκης
1522 1835 1560 1866 είς
1591 1828 1710 1864 ἀίνναον·
1741 1837 1780 1866 ἔτι
1798 1838 1828 1866 δὲ
1850 1840 1895 1867 καὶ

1063 1874 1104 1922 τὰ.
1125 1875 1208 1922 μέχρι
1231 1875 1462 1922 νῦνῌβλεπόμενα
1484 1879 1621 1915 τεράστια.
1636 1882 1814 1919 Πιπείρανται
1843 1884 1893 1922 γὰρ

1062 1919 1106 1967 καὶ
1122 1919 1148 1946 ὲν
1239 1920 1300 1967 καθῖ
1323 1921 1398 1967 ᾑ-μᾶς
1420 1924 1497 1959 γενιᾷ
1522 1922 1619 1962 δοχιῖα
1641 1924 1667 1953 ἐν
1692 1924 1778 1958 οἴκοις
1802 1919 1892 1967 emor-

1063 1962 1147 1997 λὲσιν,
1165 1964 1235 1992 οἶνον
1255 1964 1300 1991 καὶ
1324 1964 1415 1992 ἔλαιον
1444 1967 1569 2002 στὲξαντα
1600 1970 1683 2007 μέχρι
1712 1970 1823 1999 πολλοῦ
1853 1962 1892 2004 εἷς

1062 2007 1284 2044 δυσεξάντλητον,
1300 2010 1340 2040 οἷς
1367 2009 1428 2038 οὔδὶ
1452 2012 1482 2046 ἣν
1518 2011 1548 2040 ἃν
1579 2012 1833 2053 ὲπιΛεῖψαι,οἴμαι,
1861 2018 1892 2045 τὸ

1061 2052 1246 2090 στεγόμενον,
1273 2054 1295 2081 εί
1327 2055 1365 2090 μή
1395 2054 1549 2090 ἐξελαλεῖτο
1578 2058 1609 2085 τὸ
1637 2061 1727 2096 θαῦμα
1757 2061 1809 2088 ὑπό
1837 2065 1891 2089 τῶν

1060 2096 1268 2144 ἐξαντλούντων.
1297 2098 1443 2144 ’βκφανθὲν
1473 2099 1502 2128 δὲ
1530 2101 1781 2141 ἆνθομολογήσεως
1813 2105 1890 2144 λόγῳ

1058 2142 1089 2169 τὸ
1106 2143 1267 2180 μυστήριον,
1284 2142 1373 2171 οὐκέτι
1401 2145 1487 2180 μένειν
1513 2145 1622 2184 ἀφείθη,
1653 2147 1727 2176 ἀλλὰ
1755 2142 1889 2186 συνεξέλι-

1058 2196 1105 2213 πεν
1154 2187 1314 2224 μυστήριον,
1332 2188 1421 2216 οὐκέτι
1439 2189 1526 2225 μένειν
1538 2190 1648 2230 ἀφείθη,
1664 2192 1737 2221 ἀλλὰ
1752 2195 1888 2232 συνεξέλι-

1058 2241 1105 2257 πεν
1122 2231 1135 2257 ό
1165 2232 1371 2268 μυστηριαισμός
1401 2235 1441 2269 τῷ
1465 2233 1659 2272 ἐξαγγέλματι,
1683 2238 1751 2265 Θεοῦ
1777 2231 1886 2266 οἴκονο-

1058 2276 1195 2311 μήσαντος
1223 2275 1287 2303 αὐτό
1315 2275 1357 2304 ἐπ’
1386 2276 1478 2315 ἀγαθῷ
1503 2278 1522 2313 ἢ
1547 2282 1601 2307 τῶν
1629 2281 1662 2308 τὸ
1686 2281 1771 2309 καλὸν
1786 2283 1886 2315 παθόν.

1055 2329 1120 2353 των,
1148 2319 1166 2354 ἢ
1192 2322 1246 2346 τῶν
1278 2320 1418 2356 μαθόντων
1435 2331 1441 2337 ·
1470 2322 1543 2354 εἰκὸς
1572 2322 1601 2351 δὲ
1633 2326 1680 2352 καὶ
1705 2324 1739 2353 δι’
1767 2327 1884 2366 ἀμφοτέ-

1057 2373 1132 2401 ρους.

1090 2408 1133 2443 Es'.
1154 2409 1215 2437 ’Ότι
1232 2409 1319 2436 δὲκαὶ
1335 2410 1366 2437 τὸ
1388 2413 1499 2443 κτᾶσθαι
1523 2412 1591 2439 κατά
1617 2412 1697 2451 λόγον
1723 2414 1816 2452 ὀρθὸν,
1841 2417 1884 2444 καὶ

1052 2452 1084 2479 τὸ
1098 2452 1267 2488 ἐπικτᾶσθαι,
1283 2453 1327 2480 καί
1343 2454 1408 2482 αὐτὸ
1425 2453 1453 2482 δὲ
1467 2456 1498 2483 τὸ
1523 2454 1568 2483 διὰ
1592 2462 1696 2495 συχνῆς
1722 2461 1882 2496 προσθήκης

1054 2497 1235 2534 ὑπερκτᾶσθαι
1252 2497 1282 2525 οὐ
1298 2498 1461 2536 κεκώλυται,
1487 2501 1589 2538 φθάσας
1621 2502 1668 2538 μὲν
1691 2503 1736 2531 καὶ
1762 2505 1776 2532 ὸ
1803 2505 1882 2542 μέγας

1051 2541 1218 2570 ἐπιστώσατο
1236 2541 1308 2580 Ἰὼϐ,
1325 2545 1353 2571 ’ὸν
1372 2544 1448 2572 οὐδὲν
1465 2547 1482 2580 ἡ
1498 2545 1732 2584 πολυκτημοσῦνη
1761 2541 1882 2578 ἐκώλυσε

1052 2591 1275 2624 μεμαρτυρῆσθαι
1301 2589 1373 2624 παρὰ
1396 2591 1445 2616 τοῦ
1469 2592 1535 2617 Θεοῦ
1560 2591 1653 2626 αὑτοῦ,
1683 2593 1750 2631 ὑπὲρ
1781 2595 1881 2625 πάντας

1048 2631 1110 2662 τοὺς
1125 2631 1187 2659 τότε
1202 2632 1362 2670 ἀνθρώπους
1377 2633 1507 2672 ἐγγύτατα
1522 2637 1684 2672 παρεστάναι
1701 2637 1784 2674 αὐτῷ·
1802 2639 1880 2677 ἐπέρ-

1047 2685 1124 2713 χεται
1142 2674 1170 2703 δὲ
1187 2687 1235 2713 μοι
1249 2677 1293 2704 καὶ
1309 2678 1458 2717 προσφάτῳ
1471 2679 1525 2706 τινὶ
1539 2680 1584 2708 τὸν
1598 2679 1681 2718 λόγον
1695 2684 1793 2710 τοῦτον
1811 2674 1877 2712 ὑπο-

1047 2718 1174 2758 δείγματι
1190 2721 1386 2754 πιστώσασθαι.
