2018 3158
142 209 202 240 183

655 211 706 241 DE
727 209 973 241 EMENDANDA
996 209 1089 241 VITA
1111 209 1350 241 MONACHIGA.

1792 209 1853 242 788

178 276 225 312 εξ.
249 277 419 314 Μεμνήμεθα
442 279 490 304 τοῦ
524 277 550 304 ιν
575 276 686 315 ἀγαθοῖς
717 276 856 315 βασιλεῦσι
889 286 961 314 περι-

1059 278 1103 305 66.
1121 277 1304 305 Meminimus
1328 276 1471 305 Manuelis
1495 276 1570 304 inter
1591 276 1718 311 optimos
1739 277 1832 313 princi

143 320 247 348 κλύτου
275 321 406 357 Μανουήλ
425 330 430 337 ·
448 320 559 358 οἴδαμεν
589 322 632 349 καὶ
662 323 693 349 τὸ
722 320 969 359 μεγαλοπολιτικὸν

144 364 336 404 Προδρομικὸν
366 368 500 403 σεμνεῖον,
516 367 565 400 τήν
592 365 700 404 πέτραν,
719 366 744 401 ἐξ
760 367 792 400 ’ἧς
824 365 971 403 ψαλμικῶς

144 409 189 437 καὶ
231 408 314 438 ὕδατα
353 409 506 448 ῥυΐσκονται
546 411 667 448 σωτήρια
698 413 756 442 τοῖς
786 410 969 448 εὖαγγελικῶς

142 454 227 482 πίνειν
254 453 386 487 ἐθέλουσι·
415 455 458 483 καὶ
487 454 549 492 μὲλι
574 453 603 483 δὲ
625 455 788 491 θηλάζουσιν
819 456 844 482 οἱ
868 454 898 482 ἐκ
923 465 968 482 πι-

140 498 219 536 κρίας
244 499 376 537 βιωτικῆς
404 499 473 537 αὐτῇ
498 499 683 534 πελάζοντες’
708 500 745 532 εἰς
774 501 805 535 ἣν
833 501 859 527 οἱ
887 509 968 527 κατα-

140 543 283 582 φεύγοντες
300 543 406 581 λαγωοὶ
423 543 531 576 λέοντες
556 546 615 576 τοῖς
643 543 835 581 δαιμονιώδεσι
861 543 968 581 θηρίοις

139 585 320 617 ἐκϐαίνουσιν.
349 590 469 620 Ἐκεῖνος
506 587 539 623 δὴ
570 589 584 616 6
624 589 789 627 μακαριστὸς
829 586 966 626 βασιλεὺς,

139 632 250 669 μυρίαις
282 632 552 671 περιεποιχισμὲνος
583 633 732 672 φροντίσιν,
757 634 801 664 αἶς
837 633 872 660 τὰ
899 632 966 660 κατὰ

136 677 240 713 κόσμον
273 677 342 714 μέγα
372 676 634 714 διοικονομούμενος
664 677 867 716 παρεκρούετο,
893 675 964 704 ἔστιν

138 720 170 748 οὗ
185 721 256 759 ταχὺ
284 722 328 748 καὶ
351 723 404 749 τῶν
435 722 624 760 σμικροτάτων
652 721 837 759 ἐπιμέλεσθαι,
862 721 965 749 ἀναλα-

138 760 253 800 ϐόμενός
277 775 344 792 ποτε
369 765 409 796 εἰς
435 767 497 792 νοῦν
527 765 595 804 ἀωρὶ
624 766 721 797 νυκτὸς
752 766 839 804 γάμον
870 765 962 804 εὐγενῆ

137 808 277 846 ιξαρτόσαι
302 808 376 846 (οὐδὶ
407 809 458 848 γὰρ
483 808 546 837 οὐδὲ
581 810 674 842 νύκτες
703 811 833 838 ἀνάπαυον
860 809 963 838 ἐκεῖνον

137 851 308 891 ἐγρηγορότα
333 853 397 891 ὑπὲρ
421 856 469 882 τοῦ
493 855 608 892 κόσμου,
634 855 679 883 καὶ
707 856 880 893 γυμνάζοντα
903 855 964 882 ἑαυ-

135 896 181 924 τὸν
211 900 310 934 μικροῦ
338 898 383 926 καὶ
413 897 453 930 εἷς
491 898 613 936 ἄϋπνον),
644 899 764 927 ἐκέλευσι
802 899 962 934 τελεσθῆναι

1024 330 1076 357 pes
1091 322 1242 358 conspicui
1258 322 1296 358 (6]
1311 331 1317 356 ;
1331 321 1467 349 novimus
1482 321 1570 349 etiam
1583 321 1715 349 Prodomi
1747 330 1850 350 mona-

1025 367 1147 394 sterium
1159 367 1189 394 in
1206 367 1277 394 urbe
1290 375 1407 402 magna,
1420 368 1543 402 petram,
1558 374 1572 392 e
1589 374 1647 401 qua
1671 374 1748 401 aqua
1773 366 1853 402 psal-

1024 411 1128 446 mistae,
1154 411 1292 439 salutaris
1321 410 1509 446 cupientibus
1545 410 1710 446 evangelice
1739 410 1849 446 bibere,

1023 456 1125 490 efﬂuit;
1138 456 1215 484 unde
1231 455 1288 484 mel
1304 458 1416 492 sugunt
1431 455 1481 491 qui
1498 463 1562 482 eam
1578 463 1612 482 ex
1629 462 1727 482 amaro
1743 456 1849 484 saeculo

1023 500 1221 536 propinquant
1238 509 1244 534 ;
1261 499 1291 527 in
1308 508 1396 535 quam
1412 499 1614 536 confugientes
1642 499 1757 534 lepores
1774 500 1850 528 ﬁunt

1022 543 1120 572 leones
1135 545 1203 572 feris
1218 543 1374 572 diabolicis
1388 543 1544 571 terribiles.
1574 543 1627 571 Hic
1642 551 1710 579 ergo
1742 543 1847 572 beatus

1021 596 1082 622 rex,
1098 589 1179 617 mille
1193 588 1273 616 curis
1288 589 1423 624 stipatus;
1435 588 1544 624 quibus
1560 595 1606 615 res
1622 595 1729 623 magna
1744 587 1849 615 mundi

1021 633 1234 661 administrans
1248 633 1643 667 insaniebat,nonnunquam
1653 632 1689 659 de
1704 631 1846 660 minimis.

1020 678 1108 705 etiam
1124 676 1429 712 curabat;aliquendo,
1447 676 1520 704 hora
1533 676 1627 704 noctis
1650 675 1778 710 insolita,
1800 684 1848 705 co-

1019 723 1092 758 gitat
1103 722 1215 750 nobiles
1242 722 1360 758 nuptias
1390 721 1528 757 perficere
1556 721 1621 756 (nec
1644 720 1723 748 enim
1744 723 1845 749 noctes

1019 767 1090 802 ipsa:
1100 775 1168 794 eum
1185 767 1220 794 de
1237 766 1347 794 mundo
1358 765 1572 801 vigilantem;et
1585 765 1717 801 seipsum
1737 765 1851 801 agitau-

1018 814 1077 840 tem
1106 810 1321 847 aliquantulum
1352 818 1387 837 ne
1416 810 1566 843 dormiret,
1592 809 1741 846 quiescere
1767 810 1848 838 sine-

1019 856 1110 890 bant).
1126 857 1154 883 et
1168 855 1249 891 jubet
1264 853 1413 882 celebrari.
1429 854 1499 882 Erat
1513 854 1594 882 locus
1611 854 1783 890 nuptiarum
1816 855 1846 882 in

1019 900 1198 934 Blachernis,
1216 908 1232 928 s
1247 899 1355 935 quibus
1371 901 1456 927 Petra
1471 907 1529 927 non
1540 898 1626 935 longe
1642 898 1750 933 distat;
1771 901 1845 927 tem-

135 941 181 968 τὸν
206 941 303 995 γάμον.
324 943 374 970 Ἤν
399 941 428 970 δὶ
449 942 534 976 τόπος
556 946 596 980 τῷ
615 944 697 981 γάμῳ
724 945 755 972 τὸ
782 943 807 971 ἐν
840 942 961 982 Βλαχέρ-

1019 953 1073 981 pus
1088 947 1185 972 autem
1214 944 1331 972 initium
1357 943 1457 979 magni
1482 943 1600 980 jejunii,
1621 943 1738 979 quando
1767 943 1845 972 casei

135 995 194 1017 ναις
218 985 364 1023 παλάτιον,
384 987 466 1024 οὗπερ
493 987 543 1015 οὐκ
566 987 604 1019 είς
633 989 737 1026 μακρὰν
760 989 778 1023 ἡ
804 988 891 1025 Πὲτρα
920 987 962 1015 δι-

135 1029 252 1057 ίσταται·
269 1030 363 1067 καιρὸς
386 1029 415 1057 δὲ
439 1032 457 1065 ἡ
482 1034 532 1065 τῆς
560 1030 681 1069 μεγάλης
707 1031 830 1067 νηστείας
845 1030 962 1068 πρόδρο-

137 1083 187 1109 μος
207 1074 370 1113 τυροφάγος.
393 1075 437 1106 Ὠς
461 1073 490 1102 ὃὶ
512 1076 538 1102 οἱ
562 1075 606 1103 ἰπὶ
635 1079 684 1110 τῆς
714 1075 855 1114 θεραπείας
884 1075 963 1103 ἐθαύ-

137 1128 234 1154 μασαν,
263 1119 286 1146 εἰ
315 1118 340 1146 ἐν
369 1119 427 1157 ὥρᾳ
453 1119 566 1158 τοιαύτῃ
596 1119 785 1148 ἐπιτάσσονται
823 1121 962 1159 πράγματι

137 1160 258 1199 δεομένῳ
284 1161 382 1201 τριϐῆς
409 1167 505 1202 καιροῦ
535 1165 648 1201 ἱκανῆς,
675 1165 721 1192 καὶ
758 1165 888 1193 ἆπόθοντο
916 1168 964 1193 τοῦ

136 1206 382 1246 ἰπιπημονάρχου
408 1208 553 1246 βασιλέως,
567 1212 625 1240 πῶς
649 1220 714 1237 ποτε
741 1209 793 1248 ἄρα
813 1210 857 1237 καὶ
874 1210 964 1245 ἐξανύ-

137 1261 214 1278 σουσι
241 1252 272 1279 τὸ
300 1251 448 1290 ἐπίταγμα,
465 1253 510 1281 ὅτε
538 1253 653 1290 οὐδεμία
675 1254 813 1292 γαμήλιος
842 1255 965 1292 χορηγία

138 1295 289 1330 ὑπόκειται,
305 1295 347 1324 ὅτι
371 1297 409 1334 μὴ
440 1298 523 1334 μόνον
552 1299 586 1325 τά
608 1302 660 1333 τῆς
686 1297 878 1336 εὖλογήσεως’
895 1298 964 1326 ἐκεῖ·

135 1349 181 1371 νος
204 1339 380 1376 ἀναπολησας
416 1341 455 1372 εἰς
483 1343 544 1369 νοῦν
583 1342 726 1380 ἀγχινοίας
753 1342 841 1380 λόγῳ,
864 1343 909 1370 καὶ
939 1342 965 1371 ἐν

135 1382 289 1432 ἀδιαστάτῳ
308 1430 313 1432 _
331 1385 424 1432 χρόνῳ
440 1386 511 1432 ἡ
557 1386 660 1424 Πέτραν
686 1386 872 1432 Ηὲνθυμηθεὶς,
901 1386 963 1432 ἔφη⁷

133 1427 234 1460 ἐκεῖθεν
250 1430 408 1466 γενήσεσθαι
438 1429 469 1457 ἂν
484 1430 515 1458 τὸ
530 1433 581 1458 πᾶν
606 1433 654 1458 τοῦ
685 1429 776 1469 ἔργου.
804 1431 856 1460 Καὶ
887 1427 964 1463 εὐθὺς

133 1471 258 1508 ἐπιτάξας
287 1472 428 1508 ἰξξστειλε.
458 1475 508 1502 Καὶ
545 1475 571 1502 οἱ
610 1473 752 1502 δουλευταξ
789 1474 963 1514 ταχυδρόμοι

132 1516 228 1544 αὐτίκα
256 1516 301 1545 ἐπὶ
329 1519 379 1553 τὴν
408 1518 510 1556 Πᾶτραν
529 1527 536 1535 '
567 1519 612 1546 καὶ
637 1519 784 1548 ἐκόπτοντο
821 1520 848 1547 αἱ
878 1519 965 1548 πῦλαι

132 1561 308 1599 θερμότερον,
323 1563 360 1594 ὡς
388 1562 438 1590 οὐκ
465 1562 495 1590 ἃν
526 1563 592 1591 εἶναι
621 1562 712 1592 δολεῖν
736 1565 766 1592 τὸ
781 1566 892 1602 κροῦμα
920 1565 960 1592 εὖ·

133 1604 289 1635 παίδευτον.
322 1607 370 1634 Καὶ
397 1607 430 1642 ἦν
461 1607 532 1635 οὕτω
559 1605 684 1646 θόρυϐος.
716 1608 763 1637 Καὶ
793 1609 807 1637 ὁ
838 1610 960 1647 θυοωρὸς

135 1647 329 1688 εὐλαϐέστερον
365 1652 487 1689 σκώψας,
512 1652 569 1680 εἶτα
593 1645 624 1680 τὸ
652 1652 737 1680 αἴτιον
762 1655 810 1681 τοῦ
838 1645 959 1692 ταράχου
976 1645 997 1678 C

134 1695 239 1731 μαθὼν,
265 1695 418 1734 ἀνατρέχει,
447 1696 492 1724 καὶ
525 1699 566 1732 τῷ
593 1699 744 1733 προεστῶτι
777 1696 904 1735 ἀγγέλλει
929 1699 960 1726 τὸ

131 1739 279 1775 συμπεσόν.
315 1740 368 1768 Καὶ
404 1740 504 1771 ἐκεῖνος
540 1741 678 1772 ἀσπασίως
717 1741 852 1770 ἑπιτάσσιι
890 1742 960 1770 ἀπο-

131 1782 291 1818 τελεσθῆναι
314 1784 346 1812 τὸ
375 1784 471 1821 ἀρέσαν
498 1786 532 1822 τῇ
561 1785 695 1823 βασιλείᾳ.
713 1786 762 1814 Καὶ
792 1787 849 1823 ἅμα
877 1787 959 1824 λόγος

131 1827 220 1863 οὗτος,
237 1828 294 1864 ἅμα
323 1826 402 1866 ἔργον
432 1829 530 1857 ἐκεῖνο’
546 1831 678 1867 Ἕτοιμος
709 1830 789 1868 ἄρτος
818 1834 959 1863 παντοῖος·

130 1872 145 1899 6
173 1870 252 1907 δίκην
282 1873 369 1912 ἀφροῦ
400 1874 444 1901 καὶ
487 1874 602 1911 σομφὸς,
642 1874 826 1913 ὑπέρλευκος·
857 1876 871 1903 ὁ
903 1886 952 1913 μετ

129 1915 229 1944 ἐκεῖνον
251 1915 312 1944 οὕτε
335 1920 470 1952 τοιοῦτος,
498 1917 571 1946 ἀλλὰ
594 1918 639 1946 καὶ
664 1919 770 1951 ναστός.
786 1920 817 1947 Ἡ
846 1920 959 1948 πολυει-

130 1958 180 1994 δὴς
211 1961 293 1997 μάζα.
323 1962 403 1992 Οἶνος
430 1962 592 2000 πρόχειρος,
624 1963 654 1990 οὐ
685 1963 766 2000 μόνον
795 1965 809 1991 6
837 1965 959 2004 στύφωνν

129 2003 201 2032 ἀλλὰ
224 2006 269 2033 καὶ
300 2006 314 2033 ὸ
337 2005 491 2044 γλυκάζων.
521 2007 553 2034 Ἡ
582 2011 826 2045 παραμεμενηκυῖα
852 2009 960 2047 ὀπώρα·

128 2049 161 2078 Ἠ
176 2048 267 2086 ὰλμὰς
292 2049 381 2079 ἐλαία.
397 2051 484 2088 Τυρὺς
513 2050 642 2088 δαψιλής.
661 2052 765 2090 Ἰχθύες
789 2053 957 2091 ταριχευτοΓ

128 2094 199 2125 τινὶς
224 2093 253 2121 δὲ
280 2095 325 2122 καὶ
353 2095 382 2122 ἐκ
414 2096 572 2135 προσφάτου
611 2095 767 2131 ἁλίπαστοι,
795 2096 899 2125 πολλοὶ
930 2097 959 2125 δὲ

129 2138 172 2166 καὶ
188 2137 296 2173 όξωτοί.
313 2138 370 2168 Οὐκ
390 2138 514 2167 ἐνέλιπον
540 2137 569 2166 δὶ
598 2138 660 2167 οὖὸὶ
683 2139 723 2167 ὦᾶι
751 2139 855 2177 ἰχθύων
882 2151 958 2169 τετα-

130 2183 288 2221 ριχευμένα·
319 2183 398 2221 γένος
426 2184 495 2211 αὐτὰ
519 2183 722 2222 ἱκάτερον,8σα
750 2195 778 2212 τε
807 2185 846 2217 εἰς
875 2183 959 2213 δυάδα

128 2226 262 2263 πλακώδη
287 2228 463 2266 παράκεινται
496 2229 704 2267 παραυγάζοντα
732 2229 770 2260 είς
796 2229 957 2267 ὑπέρυθρον,

127 2271 172 2299 καὶ
201 2272 251 2299 ὅσα
276 2271 321 2300 ἐπὶ
345 2272 468 2311 ἀῤῥίχων
492 2272 595 2310 μέλανα
609 2273 735 2311 κὲχυνται
766 2273 901 2312 σωρηδόψ
920 2275 956 2302 ὧν

1017 990 1230 1017 eduntur.Cum
1246 991 1343 1016 autem
1362 987 1462 1015 famuli
1485 987 1674 1021 mirarentur,
1714 987 1772 1015 sibi
1792 987 1843 1015 tali

1017 1035 1148 1069 tempore
1163 1041 1237 1069 opus
1253 1032 1391 1068 imperari
1407 1032 1485 1068 quod
1501 1031 1655 1059 intervallo
1672 1032 1744 1060 satis
1756 1031 1842 1068 longo

1017 1078 1176 1114 indigebat,
1193 1080 1222 1105 et
1237 1085 1304 1105 cum
1320 1085 1337 1104 a
1351 1085 1418 1112 rege
1434 1076 1560 1112 sapienti
1574 1078 1738 1112 quererent
1765 1084 1844 1112 quo-

1018 1123 1106 1150 modo
1116 1123 1203 1158 jussa
1217 1121 1453 1157 implerent,cnm
1462 1120 1535 1148 nihil
1546 1122 1624 1148 esset
1635 1120 1844 1157 nuptiisregiis

1019 1169 1154 1203 paratum
1170 1167 1227 1194 nisi
1241 1167 1330 1194 verba
1340 1165 1626 1199 benedictionis;ista
1634 1165 1732 1193 animo
1748 1165 1844 1193 medi-

1019 1214 1099 1239 tatus
1111 1214 1144 1239 ut
1157 1211 1201 1238 vir
1217 1212 1356 1247 prudens.
1369 1212 1398 1238 et
1409 1210 1524 1238 Petram
1538 1209 1684 1245 extemplo
1700 1209 1843 1246 cogitans,

1019 1256 1091 1283 dicit
1100 1255 1203 1283 exinde
1216 1255 1395 1283 trahendum
1409 1263 1474 1282 esse
1491 1262 1578 1282 omne
1593 1262 1678 1290 opus.
1695 1255 1730 1282 Et
1745 1254 1845 1282 statim

1020 1300 1134 1336 aliquos
1149 1299 1303 1335 delegavit.
1321 1299 1414 1334 Igitur
1430 1298 1532 1326 famuli
1547 1299 1582 1326 ad
1614 1300 1728 1326 Petram
1744 1298 1845 1326 statim

1019 1344 1324 1379 concurrere,januas
1353 1343 1489 1370 ardenter
1516 1342 1698 1379 propulsare,
1724 1345 1757 1371 ut
1780 1343 1844 1378 jam

1020 1397 1078 1417 non
1087 1389 1234 1416 videretur
1244 1387 1398 1415 hominum
1411 1388 1612 1416 modestorum
1623 1387 1847 1424 strepitus.Erat

1020 1433 1106 1470 plane
1122 1433 1372 1461 tumultus.Caute
1387 1433 1524 1468 objurgat
1534 1432 1656 1466 janitor,
1672 1435 1710 1467 et,
1728 1432 1845 1469 cognita

1021 1486 1110 1506 causa
1117 1477 1401 1511 tumultus,recurrit
1411 1485 1475 1504 eam
1485 1477 1618 1512 praefecto
1629 1476 1721 1504 relatu
1727 1477 1844 1509 rus.Qui

1020 1522 1234 1557 comiterjubet
1248 1521 1364 1557 impleri
1380 1520 1519 1557 placitum
1534 1521 1658 1557 regium.
1675 1522 1766 1554 Quem
1783 1529 1845 1549 ser-

1020 1574 1137 1594 monem
1153 1566 1272 1594 effectus
1285 1565 1390 1593 iterum
1407 1565 1734 1600 consequitur.Paratur
1757 1565 1843 1601 panis

1020 1611 1115 1639 omnis
1141 1609 1266 1646 generis,
1286 1617 1404 1646 azymus
1420 1611 1448 1637 et
1478 1609 1681 1643 fermentatus,
1707 1609 1843 1638 albedins

1017 1655 1173 1692 egregius;
1190 1654 1241 1690 qui
1265 1657 1366 1690 postea
1387 1654 1544 1690 apponitur
1560 1662 1617 1682 non
1647 1656 1692 1682 est
1719 1654 1839 1688 similis,

1015 1701 1068 1728 sed
1083 1707 1279 1736 compressus.
1296 1698 1472 1726 Multifornis
1488 1698 1632 1734 placenta.
1662 1698 1769 1727 Vinum
1795 1700 1841 1727 est

1015 1746 1051 1772 ad
1067 1752 1199 1778 manum,
1217 1752 1274 1771 non
1292 1743 1378 1771 modo
1395 1751 1469 1778 acre,
1486 1743 1537 1771 sed
1553 1745 1582 1771 et
1605 1743 1699 1772 dulce.
1715 1745 1839 1772 Fructus

1016 1790 1125 1826 optime
1153 1788 1327 1816 conservati.
1355 1788 1450 1816 Muria
1464 1796 1498 1815 ex
1536 1788 1609 1822 oleo,
1639 1788 1716 1816 casei
1755 1789 1839 1824 varii,

1015 1834 1108 1870 pisces
1121 1832 1182 1861 sole
1197 1832 1318 1867 conditi,
1335 1831 1454 1868 quidam
1471 1832 1731 1868 recentes,iplures
1747 1834 1842 1863 aceto.

1014 1878 1072 1907 Nec
1088 1878 1209 1906 deerant
1224 1885 1277 1905 ova
1290 1877 1416 1913 piscium
1445 1879 1621 1913 congregata
1637 1885 1643 1905 :
1665 1877 1788 1905 totidem
1804 1885 1839 1906 ex

1015 1925 1139 1958 utroque
1153 1929 1258 1958 genere
1273 1923 1335 1950 :tot
1347 1929 1437 1958 super
1452 1922 1525 1949 duos
1539 1921 1653 1950 cotillos
1673 1922 1759 1958 quasi
1787 1931 1839 1950 ru-

1013 1967 1164 1995 bescentia
1177 1969 1385 2003 opponuntur:
1403 1968 1446 1994 tot
1460 1974 1550 2002 super
1576 1966 1722 1995 canistros
1752 1967 1839 2003 nigra

1012 2013 1221 2039 coacervantur
1235 2019 1241 2038 :
1254 2010 1314 2038 haec
1330 2010 1419 2038 allata
1447 2013 1517 2038 sunt
1537 2019 1573 2038 ex
1601 2013 1701 2040 austro
1727 2011 1762 2039 ad
1781 2011 1839 2039 alia

1013 2056 1089 2090 loca,
1103 2058 1132 2084 et
1146 2056 1181 2083 ad
1197 2055 1354 2083 Euximum
1369 2055 1477 2083 Tanais
1490 2055 1665 2083 attulit.lsts
1680 2056 1779 2084 omnia
1796 2056 1837 2083 si-

1015 2099 1077 2128 mul
1093 2099 1212 2127 collecta
1227 2101 1308 2134 sunt,
1324 2102 1352 2126 et
1369 2099 1508 2134 imposita
1537 2098 1627 2127 mulis
1657 2102 1742 2134 atque
1771 2099 1838 2127 aliis

1015 2145 1155 2172 armentis
1172 2143 1298 2171 abducta
1312 2145 1391 2171 sunt.
1423 2143 1535 2175 Quibus
1560 2146 1628 2171 ante
1643 2143 1743 2171 oculos
1759 2144 1837 2180 regis

1014 2188 1164 2224 expositis,
1180 2187 1228 2215 ille
1244 2188 1373 2216 faustum
1390 2189 1536 2223 stuporem
1550 2187 1692 2223 concepit,
1704 2190 1733 2216 et
1747 2187 1839 2216 mira-

1013 2234 1062 2261 tus
1075 2234 1129 2266 est;
1147 2240 1323 2269 omnemque
1339 2235 1512 2268 apparatum
1529 2231 1637 2268 nuptiae
1650 2231 1836 2262 invenerunt.

1014 2277 1123 2306 Exinde
1139 2278 1258 2305 curatus
1272 2279 1317 2305 est
1327 2276 1382 2305 iste
1398 2285 1449 2304 rex
1477 2276 1702 2312 potentissimus
1718 2279 1748 2304 et
1775 2279 1835 2305 Rex

129 2316 254 2363 χορηγὸς
271 2316 375 2363 iit-715w
402 2318 518 2363 βορείων
538 2318 612 2363 πρὸς
630 2317 726 2350 ἄλλοις
750 2319 847 2351 τόποις
872 2319 917 2346 καὶ
944 2320 957 2347 ὁ

1017 2330 1115 2358 regum
1125 2322 1199 2349 Deus
1205 2320 1386 2357 gloriﬁcatus
1398 2321 1520 2356 est.lpse
1529 2323 1651 2349 sanctus
1657 2321 1837 2350 Prodromus

132 2360 170 2392 εἷς
191 2360 238 2387 τὸν
264 2360 387 2397 Εὔξεινον
412 2360 555 2391 ἐκϐάλλων
575 2362 684 2394 Τάναϊς.
701 2364 848 2401 Ἤθροιστο
873 2366 957 2392 ταῦτα

133 2404 271 2440 ὀμοῦ·καῖ
295 2405 484 2445 ἀναληφθέντα
507 2406 551 2435 hri
575 2418 605 2435 τε
628 2408 752 2444 ἡμιόνων
780 2408 826 2436 καὶ
855 2407 956 2436 λοιποῦ

135 2447 325 2486 βαστάγματος
353 2451 479 2489 ἀπήχση.
495 2451 549 2480 Καὶ
578 2451 617 2484 sic
640 2452 701 2489 ὄψιν
717 2452 831 2480 πεσόντα
859 2455 882 2490 ᾦ
908 2454 955 2491 βα-

133 2491 216 2529 σιλεῖ¹
246 2492 340 2536 ἐκείνῳ
361 2494 407 2530 μὶν
439 2495 644 2534 ἑνεθησαύρισαν
675 2497 765 2534 Θαῦμα
794 2496 956 2536 εὐλογητὸν,

131 2536 176 2564 καὶ
202 2535 399 2575 ἠγαλλιάσατο·
415 2540 455 2574 τῷ
477 2537 505 2566 δὲ
526 2540 609 2576 γάμῳ
633 2539 807 2578 ἐχορήγησαν
837 2541 905 2568 ἅπαν
927 2541 957 2568 τὸ

131 2580 308 2619 πρόσφορον.
339 2582 473 2610 Ἐντεῦθεν
511 2582 675 2620 ἐθεραπεύθη
708 2585 722 2612 ὁ
762 2585 844 2623 μέγας
883 2585 957 2623 βασι-

132 2624 194 2658 λεὺς
231 2625 342 2661 ἐκεῖνος,
368 2626 412 2654 καὶ
451 2625 578 2663 ἐδοξάσθη
613 2629 627 2655 ὁ
656 2625 845 2664 παμϐασιλεὺς
881 2629 956 2661 Θεός·

131 2668 309 2706 συνεδοξάσθη
334 2671 379 2699 καὶ
413 2671 427 2698 6
451 2670 600 2709 ἀγιώτατος
629 2671 802 2710 Πρόδρομος,
829 2673 957 2712 φιλήσας,

132 2712 222 2752 ὥσπερ
252 2715 301 2750 τὴν
327 2715 497 2752 παλαιτάτην
526 2714 667 2753 γύμνωσιν
692 2717 785 2753 αὐτοῦ,
814 2717 885 2745 οὕτω
913 2719 958 2746 καὶ

1011 2366 1175 2395 celebratus
1191 2365 1255 2401 fuit,
1268 2365 1318 2400 qui
1329 2365 1406 2393 sicut
1421 2364 1503 2401 prius
1519 2373 1604 2392 suam
1634 2365 1834 2401 exiguitatem,

1011 2411 1054 2439 sic
1069 2412 1170 2447 postea
1197 2409 1377 2438 Prodromici
1413 2409 1583 2437 monasterii
1621 2410 1834 2438 incrementum

1012 2454 1235 2483 dileverat.Huic
1252 2454 1384 2482 addenda
1400 2456 1462 2482 erat
1477 2454 1556 2490 regis
1571 2455 1834 2491 remuneratio,pro

1012 2499 1163 2536 acquisitis
1175 2499 1301 2527 boniszet
1316 2507 1350 2526 ea
1379 2499 1490 2526 fructus
1518 2501 1579 2527 erat
1616 2499 1833 2536 benevolentiae,

1011 2546 1041 2573 et
1055 2544 1152 2580 iudicii
1169 2543 1471 2580 spiritualis,pretium
1496 2551 1548 2579 pro
1572 2544 1659 2572 rebus
1674 2544 1835 2578 exhaustis,

1012 2589 1035 2617 si
1052 2597 1108 2616 non
1127 2588 1160 2616 ad
1175 2587 1434 2624 pauperes,s'.iltem
1462 2587 1495 2614 ad
1511 2587 1596 2615 aliam
1629 2589 1833 2617 necessitatem

1013 2635 1041 2661 et
1056 2633 1186 2660 divinum
1203 2632 1344 2669 placitum
1359 2632 1516 2668 eroganda.
1536 2633 1637 2660 Vidisti
1647 2641 1716 2670 ergo
1732 2642 1836 2662 novam

1013 2677 1375 2713 acquisitionem,eamque
1399 2676 1477 2704 intra
1500 2678 1724 2714 monasterium,
1742 2678 1837 2714 magis

1014 2720 1133 2758 dignam
1149 2721 1298 2750 laudibus.
1327 2719 1548 2756 Acquirendum
1572 2729 1651 2758 ergo,
1673 2724 1701 2749 et
1728 2722 1836 2750 iterum

166 2826 205 2863 (6)
220 2829 334 2857 Munuel
348 2829 525 2871 Comnenus,
541 2829 593 2894 qui
609 2838 685 2859 anno
701 2831 852 2860 11474100
868 2831 1035 2863 Graecorum
1049 2833 1207 2871 imperium
1224 2833 1363 2869 obtinuit,
1379 2833 1415 2862 ab
1449 2833 1515 2863 aliis
1544 2834 1712 2863 auctoribus
1733 2833 1832 2863 minus

166 2870 220 2892 iam
234 2872 251 2893 α
265 2866 365 2894 nostro
380 2865 532 2894 Eustathio
560 2865 696 2894 sudatur.

133 2870 220 2899 quam
234 2872 251 2893 α
265 2866 365 2895 nostro
380 2864 532 2895 Eustathio
547 2864 696 2895 laudatur.
