2018 3158
153 159 214 192 ’18⁵1

540 159 752 191 EUSTATHII
774 159 1159 192 THESSALONIGENSIS
1182 159 1476 192 METROPOLITJE

1809 163 1876 193 788

154 225 378 262 acquirendum,
390 227 418 253 et
433 227 732 262 supcracquirendum
753 229 797 254 est
814 226 975 260 manachis,

1045 225 1065 253 τὸ
1095 224 1202 264 ὕστερον
1246 225 1280 253 δι’
1311 226 1391 254 αὐτοῦ
1424 227 1553 262 κτητικὸν
1591 228 1641 259 τῆς
1669 225 1873 264 Προδρομικῆς

154 279 206 307 pro
223 272 372 299 moreest.
403 270 494 298 Aliter
509 270 588 298 enim
616 271 721 299 melius
750 273 795 299 est
822 271 882 299 illis
905 271 980 298 fame

1045 274 1131 305 ιονῆς.
1148 270 1347 306 Έπηκολούθιι
1364 270 1393 299 δὲ
1412 271 1519 303 τούτοις
1545 271 1640 299 αὐτίκα
1663 271 1707 298 καὶ
1735 270 1873 309 βασιλική

155 315 365 344 miserabiliter
393 314 513 343 interire
542 323 629 351 quam
658 315 735 344 bona
762 315 852 343 vetita
881 315 979 351 acqui-

155 368 229 388 rere.

1035 314 1214 350 ἀντισήκωσις
1238 314 1273 343 δι’
1297 315 1494 351 ἐκπικτήσιως.
1525 316 1634 353 Καρπὸς
1659 316 1728 351 αὕτη
1758 317 1874 353 εὐγνω-

1036 358 1156 395 μοσύνης
1178 360 1223 387 καὶ
1251 359 1410 398 διακρίσεως
1440 364 1626 397 πνευματικῆς
1641 371 1648 378 ’
1667 361 1763 397 μισθὸς
1793 360 1875 396 ἐξαν-

152 402 286 439 τλήσεως,
305 402 329 431 si
352 404 396 431 καὶ
423 404 460 440 μὴ
489 403 558 441 πρὸς
586 402 698 440 πάντας,
713 403 777 431 ἀλλ’
803 402 848 431 οὖν
876 403 914 434 εἰς
944 401 1002 430 δέον
1027 401 1120 435 ἄλλως
1149 404 1193 432 καὶ
1221 407 1278 441 Θεῷ
1307 403 1497 433 ιύαπόδεκτον.
1528 405 1580 434 Καὶ
1607 404 1668 433 ἴδοὺ
1699 405 1875 443 ὑπέρκτησις

154 448 200 477 καὶ
227 447 295 483 αὕτη
328 449 477 486 μοναχική,
508 447 596 476 πολὺν
626 447 756 480 ἆθὲλουσα
784 449 830 476 τὸν
860 447 977 476 ἔπαινον.
1004 448 1124 483 Κτητὲον
1154 449 1211 484 οὖν,
1241 450 1285 477 καὶ
1314 449 1484 485 ἐπικτητέον,
1515 450 1560 478 καὶ
1591 450 1773 488 ὑπερκτητέον
1803 450 1875 481 τοὺς

157 493 306 531 μοναχοὺς,
323 493 361 525 ὡς
391 491 450 521 δέον
480 492 562 521 ἆστίν.
579 492 692 526 ’Ἄλλως
716 492 745 521 δὲ
769 492 885 522 κάλλιον
914 492 990 530 λιμῷ
1017 494 1105 521 θανεῖν
1133 493 1230 526 αὐτοὺς
1264 493 1397 530 οἷ’κτιστα,
1426 494 1444 529 ἢ
1477 496 1644 533 περικεῖσθαι
1671 496 1767 531 κτῆσιν
1799 496 1875 523 ἆσαι-

156 537 291 567 νόνιστον.

191 610 237 644 67,
253 611 323 638 Cum
340 617 506 638 sermonem
522 609 558 637 de
573 610 662 638 rebus
677 618 693 637 a
715 609 868 638 monachis
883 609 981 644 acqui-

156 654 255 683 rendis
272 654 315 682 sic
329 653 546 690 compleverim,
576 654 655 682 istud
683 661 800 690 quoque
814 654 844 682 in
871 661 981 681 memo-

1073 609 1118 644 ξξ.
1133 609 1212 638 Οὕτω
1237 609 1267 637 δὶ
1298 611 1466 646 καταστήσας
1495 610 1541 638 καὶ
1577 611 1622 638 τὸν
1650 610 1713 648 περὶ
1743 611 1875 646 κτήσεως

1038 657 1192 691 μοναχικῆς
1213 653 1308 692 λόγον,
1322 661 1366 682 και
1391 655 1424 682 τὰ
1447 655 1533 683 λοιπὰ
1547 654 1585 691 δὲ,
1602 655 1642 687 οἷς
1668 655 1795 691 ἀπετάξω
1815 666 1875 682 xv.-

156 698 230 726 riam
258 699 412 733 revocabo,
442 699 520 734 quod
549 698 638 726 vetita
673 698 774 732 habes,
804 706 856 726 nec
885 697 981 726 solum

1045 698 1162 734 δόμενος,
1180 698 1301 735 ἐκθήσωι
1319 699 1379 734 ἥκω
1403 700 1513 728 κάκεῖνο
1543 700 1581 732 εἷς
1603 699 1769 736 ὑπόμνησιν,
1787 699 1838 732 ὡς,
1853 699 1874 726 ’ἃ

155 743 258 777 habes,
275 744 325 771 sed
336 743 424 771 etiam
441 745 662 779 perseveranter
690 743 780 771 habes
795 746 823 771 et
847 743 957 770 retines
973 751 980 776 ;

1038 742 1085 779 μὶν
1102 744 1292 782 προσετάχθης
1306 745 1344 781 μὴ
1363 742 1448 782 ἔχειν,
1465 744 1496 772 οὖ
1511 744 1595 782 μόνον
1617 743 1702 783 ἔχεις,
1718 743 1797 771 ἀλλὰ
1825 744 1874 771 καί

156 795 220 823 quas
249 789 347 816 autem
378 787 491 815 fortiter
520 787 637 822 habere,
667 789 696 814 et
710 787 834 815 ﬁrmiter
857 786 982 814 retinere

1045 788 1177 819 ιπιτείνιις
1199 789 1248 823 τήν
1275 789 1317 816 ἐπ’
1332 788 1424 821 αὐτοῖς
1438 789 1559 827 άντοχήν
1573 789 1618 817 καὶ
1646 788 1711 825 ἕξιν·
1738 788 1812 816 ὅσων
1840 787 1873 816 δὲ

154 832 260 868 jussus
274 840 305 860 es
321 834 387 868 post
402 832 571 860 mandatum
588 831 714 859 retinere
746 831 871 866 desiisti,
884 831 913 858 in
927 831 982 858 hoc

1045 831 1182 868 ινετάλθης
1209 832 1346 871 ἐγκρατῶς
1370 833 1455 871 ἔχειν,
1481 834 1526 862 καὶ
1564 834 1645 871 ἀπρὶξ
1673 833 1762 861 αὐτῶν
1805 833 1871 860 ἀπιτ-

159 885 277 913 quoque
289 876 460 913 posthabita
487 878 540 904 tua
555 875 761 912 promissione,
789 876 817 903 in
846 877 981 909 tonsura,

159 923 226 950 ante
240 921 333 950 Deum
349 921 539 949 invisibiliter
552 921 785 949 astantem.Audi
803 920 902 957 igitur.

198 1112 243 1140 68.
257 1111 381 1140 Necesse
397 1112 450 1144 est,
463 1109 560 1143 homo,
585 1111 614 1138 te
629 1117 743 1138 servare
759 1109 882 1137 fratrum
906 1116 986 1136 amo-

161 1165 235 1192 rem,
252 1163 365 1192 pacem,
382 1154 626 1187 benevolentiam,
644 1154 748 1181 divinae
765 1153 922 1189 Scriptura
945 1152 986 1180 is-

161 1201 250 1229 oticni
265 1203 293 1228 et
309 1198 493 1228 meditationi
510 1199 631 1231 instare,
641 1201 669 1226 et
684 1198 741 1226 alia
756 1205 918 1234 agera,quaa
934 1198 986 1225 tibi

161 1244 328 1272 necessario
344 1243 476 1271 facienda
491 1242 591 1270 nullus
603 1243 638 1270 de
653 1243 740 1270 turba
756 1242 892 1278 agnovit:
908 1243 987 1270 Tuus

160 1289 284 1317 fratrum
300 1297 383 1316 amor
393 1288 515 1316 ubinam
532 1287 639 1315 mentis
653 1286 692 1315 sit
702 1286 831 1314 ostende.
842 1286 900 1313 Nos
908 1286 985 1313 enim

161 1334 198 1362 de
213 1332 387 1361 bocconscii
409 1340 467 1360 nou
493 1340 608 1360 sumus.
637 1331 821 1366 Quaecunque
848 1331 987 1358 adversus

161 1378 280 1406 fratrem
297 1377 492 1413 concupiscis,
510 1376 583 1413 agis,
601 1384 658 1404 non
674 1375 849 1408 cunctando,
861 1375 911 1402 sed
927 1382 986 1402 uno

162 1423 222 1451 ictu
252 1421 338 1456 oculi,
364 1430 400 1449 ne
428 1421 581 1449 antecedat
621 1419 803 1456 pwnitentia,
846 1421 987 1454 tuamque

162 1467 222 1495 vim
237 1468 386 1502 acceptam
403 1466 548 1499 cohibeat,
578 1473 645 1493 cum
687 1464 824 1492 irasceris
848 1464 987 1491 adversus

163 1512 295 1540 fratrem.
311 1513 345 1539 Et
358 1511 479 1539 fratrem
492 1510 556 1538 dico
571 1517 797 1546 quemcumque,
813 1508 842 1536 in
858 1516 987 1536 commu-

162 1556 284 1585 nitatem
312 1558 410 1584 teeum
428 1555 553 1583 feliciter
567 1555 747 1591 ingressum,
763 1561 830 1581 cum
846 1561 913 1580 eum
925 1552 988 1580 sine

162 1601 259 1638 gladio
289 1600 402 1629 invadis
433 1600 575 1629 .Profecto
604 1599 682 1628 enim
700 1606 757 1626 non
773 1597 891 1625 viveret.
920 1599 986 1624 Tuas

161 1644 361 1681 intelligentiae
376 1644 475 1672 nescio
492 1644 562 1681 quid
579 1643 724 1672 attribuas
739 1642 832 1675 fratri,
848 1649 915 1669 cum
945 1641 987 1669 sic

161 1689 317 1726 indulgeas
329 1689 472 1718 adversus
496 1697 564 1716 eum
592 1686 815 1723 concupiscibili
830 1688 859 1714 et
885 1685 986 1714 irasci-

161 1733 214 1761 bili
230 1733 386 1770 appetitui,
397 1733 455 1761 nisi
470 1733 543 1761 forte
558 1740 625 1761 cum
643 1739 712 1759 eum
739 1731 890 1766 oppsudis.
906 1729 988 1757 Tunc

161 1778 241 1806 enim
256 1780 351 1806 totum
366 1777 560 1810 intellectum,
591 1777 620 1804 id
637 1782 742 1811 nempe
772 1775 848 1810 quod
863 1773 986 1810 judicat,

164 1823 232 1851 huic
247 1825 276 1851 et
289 1823 360 1851 huic
376 1822 430 1850 soli
445 1822 590 1858 impendis
607 1831 613 1856 ;
639 1824 666 1849 te
692 1821 756 1856 ipso
772 1820 844 1847 nihil
867 1820 987 1854 offenso,

164 1867 194 1894 in
210 1867 295 1895 illum
311 1870 405 1894 rotam
421 1869 537 1894 statera
553 1868 609 1894 tua
630 1865 738 1893 critica
754 1864 852 1892 vertis.
868 1864 921 1897 Qui
937 1873 988 1892 au-

164 1913 224 1939 tem
242 1911 456 1939 fraternitatem
485 1911 543 1939 isto
561 1911 648 1938 modo
672 1909 806 1945 despicit,
843 1909 988 1945 quomodo

163 1963 265 1992 pacem
282 1955 438 1991 perfectam
452 1955 559 1983 habere
576 1955 717 1983 dicendus
734 1953 809 1981 erit?
820 1953 887 1981 ﬁnis
910 1953 988 1981 enim

163 1999 245 2036 pacis
259 2002 305 2028 est
332 2007 415 2028 mens
430 1999 494 2028 sine
523 1999 664 2027 tumultu.
695 2000 729 2026 Et
753 1998 900 2034 quomodo
942 2001 988 2026 tu-

163 2043 290 2072 multum
308 2052 365 2072 non
382 2044 475 2072 habeo
491 2047 529 2080 et,
554 2045 603 2080 qui
632 2045 706 2072 iram
732 2045 760 2071 et
780 2043 988 2078 concupiscen-

161 2089 233 2117 tiam
248 2097 307 2117 non
333 2090 485 2126 repressit,
501 2091 530 2117 et
552 2089 608 2117 ists
635 2088 721 2116 modo
738 2086 868 2115 statuit?
900 2095 988 2115 unam

162 2134 294 2170 quidem,
311 2134 503 2162 saevissimam
520 2133 550 2161 in
567 2133 685 2162 homine
700 2133 841 2166 feram;et
856 2131 988 2168 alteram,

164 2178 275 2207 malum
287 2187 411 2215 serpens
427 2188 435 2213 ;
456 2179 565 2215 quippe
584 2178 650 2206 istis
667 2177 752 2205 malis
767 2175 990 2212 intelligentiam

165 2223 316 2260 applicuit:
329 2224 438 2259 quibus
453 2223 597 2259 repressis
607 2221 793 2250 solummodo
808 2228 910 2256 pacem
925 2221 990 2249 ani-

166 2276 244 2305 mus,
260 2271 287 2297 et
301 2276 354 2305 per
367 2276 436 2296 eum
450 2269 531 2296 totus
546 2266 633 2295 homo
645 2265 797 2294 inveniret.

202 2402 248 2429 69.
263 2402 345 2430 Tunc
359 2403 482 2438 quaesita
497 2401 658 2430 mutatione
686 2402 722 2430 de
743 2402 806 2431 loco
821 2403 858 2431 ad
882 2402 990 2437 locum,

167 2454 226 2483 quo
237 2447 319 2483 parvi
335 2449 433 2481 refert,
457 2447 541 2483 quasi
558 2447 594 2475 ad
622 2448 783 2476 curandam
812 2449 990 2485 passionem,

164 2499 268 2527 pacem
283 2491 391 2519 habere
406 2500 518 2525 censes,
535 2492 585 2520 sed
602 2500 632 2520 re
656 2492 722 2528 ipsa
749 2493 911 2521 tumultum
932 2502 991 2521 ma-

162 2535 276 2563 ximum
292 2536 417 2571 invenis,
434 2536 578 2571 siquidem
591 2545 646 2564 non
664 2537 875 2572 permittuntur
903 2546 991 2574 opera

162 2582 285 2608 externa
309 2580 335 2609 ei
360 2580 507 2616 inprimis
532 2581 612 2608 verbi
637 2581 687 2608 Dei
704 2582 868 2617 meditatio,
892 2581 989 2618 lectio,

162 2627 201 2658 at.
217 2625 301 2662 quasi
318 2625 353 2652 de
365 2625 566 2660 antistrophis,
579 2625 715 2654 relectio:
754 2635 806 2654 nec
830 2627 936 2654 ardens
960 2631 989 2654 et

160 2670 290 2706 practice
305 2669 530 2705 meditatio,qua
545 2669 782 2705 meditatione,ut
799 2671 840 2699 ait
855 2671 944 2699 David
957 2671 988 2706 Ν,

161 2716 326 2745 exardescit
340 2714 429 2752 ignis,
452 2715 481 2743 et
496 2713 614 2742 omissis
639 2713 706 2743 aliis
734 2716 897 2744 commodis
919 2723 990 2752 prea-

206 2827 228 2846 υ
243 2828 319 2858 Psal.
335 2836 453 2864 uxvm,
468 2827 494 2856 4.

1036 875 1156 913 ἔχεσθαι,
1174 877 1280 916 ἀφῆκας
1293 877 1453 910 ἀκολούθως
1482 880 1516 915 τῇ
1537 878 1636 916 ἆντυλῇ
1653 879 1788 916 κατέχειν·
1812 877 1871 905 οὐδ’

1001 930 1025 964 Β
1041 919 1153 953 ἐνταῦθα
1167 921 1308 960 φυλάττων
1322 923 1373 957 τὴν
1387 922 1431 950 ἰπὶ
1448 925 1514 950 Θεοῦ
1537 923 1621 951 αὐτοῦ
1650 923 1773 960 ἀοράτως
1803 933 1870 958 πιρ-

1043 964 1185 1002 όντος,ὡς
1214 965 1297 1001 οἶδας,
1328 966 1355 995 ὲν
1383 969 1418 1004 τῇ
1444 969 1528 1006 κουρᾷ
1556 978 1605 995 σου
1633 968 1785 1000 κατάθεσιν.
1820 967 1870 994 Καὶ

1041 1009 1130 1038 τοίνυν
1147 1009 1237 1040 ἄκουε.

1079 1084 1127 1117 ζη¹.
1146 1080 1263 1120 Ἀνάγκη
1292 1082 1424 1111 ἐπίκιιταί
1455 1094 1508 1119 σοι,
1531 1084 1554 1111 ὧ
1583 1084 1674 1118 οὗτος,
1702 1082 1777 1122 ἔχειν
1808 1082 1873 1123 φιλ-

1042 1124 1181 1166 αδελφίαν,
1206 1128 1365 1165 ἡσυχάζειν,
1393 1127 1599 1164 ὲπιιικεύισθαι,
1633 1127 1752 1165 μελίτης
1788 1138 1873 1165 μετα-

1041 1174 1178 1204 ποιεῖσθαι
1206 1171 1251 1199 καὶ
1280 1172 1457 1210 ἀναγνώσεως
1484 1172 1563 1200 θείων
1589 1171 1702 1210 λογίων,
1727 1173 1774 1200 καὶ
1799 1171 1873 1200 ἄλλα

1041 1215 1179 1253 πράττειν,
1201 1217 1217 1243 ἅ
1244 1227 1285 1248 τις
1310 1219 1364 1244 τῶν
1393 1217 1515 1245 ἁπάντων
1546 1217 1595 1245 οὐκ
1624 1217 1694 1245 οἶδεν
1725 1216 1873 1255 ἐποφείλε-

1042 1260 1102 1287 σθαι
1130 1260 1182 1287 ὑπὸ
1208 1263 1265 1289 σοῦ.
1283 1260 1389 1288 Διίκνυε
1403 1263 1468 1298 γοῦν
1484 1262 1514 1289 τὸ
1529 1260 1712 1301 φιλάδελφον,
1726 1264 1780 1289 ποῦ
1806 1272 1873 1289 ποτε

1041 1306 1134 1342 ψυχῆς
1161 1305 1234 1342 παρὰ
1260 1306 1302 1332 σοὶ
1329 1308 1425 1334 κεῖται.
1455 1307 1551 1343 Ἡμεῖς
1577 1307 1629 1345 γὰρ
1671 1306 1701 1334 οὗ
1732 1306 1870 1343 συνῖεμεν.

1041 1350 1111 1378 ’Όσα
1125 1349 1192 1376 κατὰ
1221 1352 1269 1377 τοῦ
1299 1348 1418 1388 ἀδελφοῦ
1447 1349 1637 1387 ἐπιθυμήσεις,
1648 1354 1747 1384 ποιεῖς,
1764 1351 1810 1378 καὶ
1840 1351 1870 1378 οὗ

1042 1393 1188 1431 χρονίζων,
1205 1393 1278 1421 ἀλλὰ
1292 1394 1317 1422 ἐν
1335 1395 1430 1432 ἀκαρεῖ
1454 1395 1567 1433 χρόνου·
1584 1396 1622 1426 ὡς
1650 1395 1691 1430 ἃν,
1709 1406 1799 1432 οιμαι,
1832 1396 1869 1432 μή

1041 1438 1086 1465 καὶ
1115 1439 1235 1477 φθάσασα
1265 1439 1393 1476 μετάνοια
1426 1438 1556 1477 δράξηταί
1582 1450 1630 1467 σου
1655 1443 1706 1474 τῆς
1735 1439 1869 1478 ὶνεργείας

1042 1483 1080 1515 εἷς
1107 1482 1235 1516 κώλυσιν,
1252 1483 1296 1511 ἰὰν
1325 1485 1456 1520 θυμωθῇς
1485 1484 1553 1511 κατὰ
1579 1486 1628 1511 τοῦ
1644 1483 1775 1523 ἀδελφοῦ.
1792 1484 1870 1522 Λέγω

1043 1526 1072 1554 δὲ
1087 1526 1203 1566 ἀδελφὸν
1218 1528 1303 1555 πάντα
1330 1528 1377 1556 τὸν
1404 1527 1442 1560 εἱς
1469 1528 1613 1556 κοινωνίαν
1643 1529 1692 1563 τὴν
1725 1530 1793 1565 μετὰ
1822 1531 1870 1555 σοῦ

1042 1571 1145 1606 ἥκοντα
1173 1571 1320 1610 μακάριον,
1351 1572 1373 1600 sl
1400 1571 1493 1612 ἅξιφος
1529 1572 1682 1604 ἐπιπίπτεις
1718 1572 1803 1609 αὐτῷ.
1834 1574 1870 1601 Ἡ

1002 1615 1024 1649 C
1042 1617 1092 1654 γὰρ
1122 1616 1152 1644 ἂν
1181 1616 1230 1644 οὐκ
1252 1616 1281 1644 ἂν
1305 1615 1367 1644 οὐδὲ
1389 1616 1448 1652 ἔζη.
1465 1618 1521 1646 Τοῦ
1536 1616 1565 1645 δὲ
1580 1617 1606 1645 ἐν
1637 1618 1678 1645 σιὶ
1709 1616 1870 1655 λογιστικοῦ

1042 1661 1093 1688 οὐκ
1117 1659 1176 1688 οἶδα
1200 1660 1299 1688 ὁπόσον
1316 1660 1462 1698 ἀπονέμεις
1487 1663 1526 1698 τῷ
1551 1660 1671 1700 ἀδελφῷ,
1689 1661 1761 1689 οὕτω
1788 1671 1870 1699 χαρι-

1044 1706 1155 1742 ζόμενος
1171 1708 1211 1742 τῷ
1225 1706 1283 1733 κατ’
1298 1705 1380 1733 αὑτοῦ
1399 1705 1589 1742 ἐπιθυμητικῷ
1617 1716 1647 1734 τε
1673 1706 1717 1734 καὶ
1747 1707 1868 1742 θυμικῷ,

1043 1749 1065 1777 εἷ
1083 1750 1121 1786 μὴ
1146 1748 1206 1788 ἄρα,
1223 1749 1268 1777 ὅτε
1296 1749 1462 1788 λογιστεύεις
1489 1749 1580 1779 αὺτὸν.
1595 1751 1664 1779 Τότε
1691 1751 1746 1789 γὰρ
1774 1749 1869 1782 ἄλλως

1041 1794 1073 1822 τὸ
1099 1797 1150 1822 πᾶν
1178 1793 1344 1832 λογιστικον,
1360 1794 1426 1834 ὅπερ
1453 1794 1508 1822 ἐστὶ
1537 1794 1751 1834 λογιστιυτικόν,
1773 1795 1870 1831 ἐκείνῳ

1043 1839 1087 1866 καὶ
1118 1838 1192 1876 μόνῳ
1220 1839 1393 1876 προσνὲμιις,
1410 1839 1439 1867 at
1454 1840 1502 1876 μὲν
1523 1839 1605 1868 αὐτὸν
1634 1839 1710 1868 οὐδέν
1733 1850 1759 1867 τι
1791 1839 1870 1878 λογι-

1043 1883 1155 1918 στεύων,
1181 1884 1238 1911 κατ’
1258 1883 1361 1912 ἐκείνου
1393 1882 1423 1911 Si
1453 1884 1591 1916 καθέλκων
1621 1887 1789 1923 φαρισαΐκῶς
1818 1885 1868 1919 τήν

1045 1927 1131 1966 ῥοπὴν
1159 1931 1210 1962 τῆς
1238 1927 1265 1955 ἐν
1281 1929 1323 1955 σοὶ
1343 1931 1468 1966 κριτικῆς
1488 1928 1669 1967 πλάστιγγος.
1685 1930 1716 1958 Ὀ
1745 1927 1774 1956 δὲ
1799 1929 1868 1956 οὕτω

1042 1973 1093 2007 τήν
1131 1970 1304 2011 ἀδελφότητα
1338 1975 1522 2011 παραθεωρῶν
1554 1976 1612 2004 πῶς
1645 1973 1676 2001 ἂν
1708 1974 1868 2011 ἠσυχαστῆς

1044 2014 1178 2051 ὁλοτελής
1194 2016 1341 2054 κληθήσῃ;
1358 2017 1489 2056 Ἡσυχίας
1515 2017 1561 2054 μὲν
1583 2017 1633 2056 γὰρ
1661 2017 1741 2049 τέλος
1770 2019 1869 2056 ἀταρα-

1044 2061 1188 2099 ξιαψυχῆς·
1215 2061 1350 2099 ἀτάραχος
1375 2060 1403 2089 δὲ
1426 2064 1485 2094 πῶς
1507 2060 1538 2090 ἃν
1554 2061 1595 2098 εἴη
1616 2063 1630 2090 ὁ
1647 2063 1732 2100 θυμὸν
1748 2063 1796 2099 μὲν
1825 2063 1870 2090 καὶ

1044 2105 1188 2142 ἰπιθυμίαν
1214 2106 1252 2142 μὴ
1278 2106 1405 2143 πατάξας,
1421 2107 1465 2135 καὶ
1492 2106 1563 2134 οὕτω
1586 2107 1734 2143 τάξας;ὧν
1761 2108 1793 2135 τὸ
1823 2107 1869 2145 μὶν

1045 2149 1208 2188 θρασύτατον
1236 2149 1262 2178 ἦν
1285 2151 1421 2189 ἀνθρώπῳ
1443 2151 1549 2190 θηρίον,
1563 2151 1595 2179 τὸ
1621 2150 1650 2179 δὲ
1676 2151 1808 2180 ὕπουλον·
1824 2153 1869 2180 τὸν

1045 2193 1178 2233 λογισμὸν
1207 2193 1235 2222 δὲ
1266 2195 1399 2232 ὑποτάξας
1427 2198 1521 2228 κακοῖς
1535 2196 1671 2228 τοιούτοις
1686 2197 1723 2224 ὢν
1750 2206 1869 2224 πεπατα-

1043 2239 1149 2276 γμὲνιιιν
1179 2239 1295 2278 ἡσυχίαν
1326 2240 1401 2279 εὗρεν
1430 2239 1460 2268 ἃν
1486 2241 1500 2268 ὁ
1528 2243 1600 2276 νοῦς,
1617 2241 1662 2269 καὶ
1689 2240 1725 2269 δι’
1749 2240 1832 2270 αὐτοῦ
1855 2241 1868 2268 ὁ

1045 2283 1110 2316 ὅλος
1125 2282 1278 2322 ἄνθρωπος.

1081 2357 1127 2392 ξθ¹.
1157 2357 1287 2390 Ἐνταῦθα
1329 2355 1358 2384 δὶ
1401 2356 1553 2394 μεθοδεύων
1593 2356 1664 2385 ἔστιν
1698 2358 1728 2386 οὗ
1755 2358 1869 2392 τοπικὴν

1047 2401 1208 2439 ἕξωτερικήν
1235 2401 1405 2440 μετάστασιν,
1430 2403 1468 2434 ὡς
1503 2402 1547 2430 ἐπὶ
1588 2402 1717 2441 θεραπείᾳ
1743 2405 1792 2430 τοῦ
1819 2403 1868 2430 πά-

1047 2452 1120 2481 θους,
1136 2446 1258 2484 νομίζιις
1287 2447 1335 2484 μὶν
1348 2447 1507 2485 ἡσυχάζειν·
1523 2445 1596 2485 ἔχεις
1627 2446 1655 2475 Si
1684 2446 1736 2485 ἄρα
1748 2447 1812 2475 τότι
1824 2447 1867 2475 τὸν

1048 2491 1172 2530 μέγιστον
1204 2492 1336 2530 τάραχον,
1367 2491 1416 2520 οὐκ
1443 2491 1588 2531 ἀφιέμενος
1617 2490 1680 2520 οὔτε
1717 2492 1786 2530 πρὸς
1812 2495 1868 2522 τοῖς

1046 2534 1096 2571 ἔξω
1123 2533 1214 2574 ἔργοις
1236 2536 1312 2571 εἶναι,
1335 2535 1370 2563 δι’
1393 2535 1429 2563 ὧν
1459 2534 1634 2564 ἆποσοϐιῖται
1661 2539 1735 2564 πᾶσα
1763 2535 1868 2574 πονηρὰ

1045 2580 1281 2618 ἐνθύμησις,οῧτι
1310 2582 1378 2619 πρὸς
1406 2583 1465 2612 τοῖς
1491 2579 1578 2616 ἔνδον,
1595 2580 1631 2609 ὦν
1660 2580 1809 2619 κεφάλαιον
1837 2581 1867 2607 τὰ

1045 2629 1103 2658 θεῖα
1125 2625 1207 2664 λὸγια
1229 2626 1415 2663 μελετώμενα,
1445 2625 1490 2653 καὶ
1519 2625 1590 2653 οὕτω
1613 2626 1809 2664 γινωσκόμενα,
1825 2624 1866 2652 καὶ

1045 2670 1226 2709 ἀντιστρόφως
1255 2668 1283 2697 δὲ
1322 2680 1382 2701 πως
1426 2669 1516 2709 φάναι,
1546 2669 1795 2708 ἀναγινωσκόμενα,
1823 2667 1865 2695 καὶ

1045 2713 1115 2742 οὕτω
1138 2713 1314 2752 μιλετώμενα
1339 2713 1503 2755 ἐμπράκτως
1528 2713 1573 2742 καὶ
1601 2713 1758 2752 ἐνθὲρμως·
1775 2714 1808 2748 ἧς
1833 2710 1864 2746 δὴ
