2018 3158
125 199 184 230 ’189

629 199 681 229 DE
703 197 948 229 EMENDANDA
969 196 1063 228 VITA
1084 194 1323 227 MONAGHICA.

1769 186 1829 218 790

123 262 242 301 μελέτης
279 263 324 290 καὶ
351 265 424 301 ζπῦρ,
458 265 607 295 Δαυϊτικῶς
635 264 731 300 εἰπεῖν,
762 262 944 299 ἰξανάπτιται,

1003 262 1100 297 claris,
1117 270 1174 290 non
1190 262 1276 290 modo
1292 267 1409 289 omnem
1438 257 1580 286 malitiam
1596 253 1753 288 consumit,
1775 253 1828 282 sed

123 308 210 346 οὗπερ
226 307 258 335 οὐ
276 307 358 344 μόνον
375 303 538 346 ἔργοκμέγα
564 308 595 335 τὸ
623 310 813 346 κανεμπιπρᾷν
844 307 946 335 ἅπασαν

120 352 216 381 κακίαν
247 351 354 387 ὑλαίαν,
382 351 455 380 ἀλλᾶ
483 352 527 380 καὶ
558 353 683 390 φωτίζειν
714 352 816 390 λύχνον
845 352 890 380 τὸν
921 351 947 379 ἐν

120 399 190 434 ἡμῖν
222 395 266 424 διὰ
294 397 404 435 Κυρίου,
434 397 463 427 ὃς
492 397 603 436 φωτίζει
632 398 664 425 οὐ
682 397 762 434 μόνον
778 397 946 436 προφητικὸν

120 441 236 480 λύχνον,
253 442 327 469 ἀλΛὰ
340 441 385 468 καὶ
407 442 493 469 πάντα
513 441 664 479 ἄνθρωπον,
690 441 861 470 ἀνατείνοντα
883 440 947 472 τοὺς

121 485 283 525 ὀφθαλμοὺς
297 485 336 517 οἷς
348 485 439 514 αὐτόν·
455 489 502 514 καῖ
517 486 547 514 ού
565 487 629 518 τοὺς
654 487 827 524 σωματικοὺς
853 486 946 523 μόνον,

119 530 194 559 ἀλλὰ
208 531 261 569 πρὸ
276 530 363 558 αὐτῶν
378 530 443 562 τοὺς
457 531 526 559 κατὰ
538 532 641 569 ψυχὴν,
659 531 704 562 οδς
718 531 764 559 καὶ
778 531 880 570 κυρίως
895 529 947 557 λύ-

120 585 206 614 χνους
220 578 269 604 τοῦ
281 576 408 612 σώματος
424 575 546 613 οἵδαμεν.

91 647 101 653 ,
156 621 187 650 ο¹.
205 620 336 659 Ἀπόφαθι
351 621 454 657 τοίνυν,
472 621 494 648 ὦ
511 620 732 658 μεγαλομόναχε,
756 619 801 648 καὶ
823 621 855 648 τὸ
878 620 947 654 ἡσυ-

117 666 226 703 χαστής
257 664 392 703 λέγεσθαι,
427 664 478 696 ἕως
505 665 535 692 ἂν
572 664 657 702 ψεύδῃ
692 665 738 692 τὸν
766 663 946 702 φιλάδελφον.

118 710 262 747 Ἃρπάζιις
286 709 326 741 sic
355 709 481 747 ἑμφανὶς,
511 709 621 748 ἰρίζεις,
650 706 790 747 ὑϐρίζεις,
822 707 948 746 βλασφη-

121 756 193 791 μεῖς,
208 753 296 782 πάντα
321 757 409 785 ποιεῖς
439 754 472 782 τὰ
496 756 609 781 τοιαῦτα
624 753 668 781 ἐπὶ
684 752 804 792 ἀδελφῷ.
823 754 885 784 Πῶς
897 752 945 779 οὖν

119 799 165 826 τὸν
180 801 306 826 τοιοῦτον
322 801 430 838 φιΛεῖςς
447 800 508 830 Πῶς
531 797 560 826 δὲ
584 798 735 835 τολμήσεις
753 797 838 825 εἰπεῖν
863 796 947 824 ἐπιει-

120 843 256 880 κεύεσθαι,
283 845 409 874 τοιοῦτος
435 841 491 877 ὤν;
531 842 677 871 Ἑπιείκεια
706 842 752 879 μὲν
781 842 831 880 γὰρ
859 843 946 878 παρά-

120 888 232 925 θραυσίς
259 887 329 915 ἐστιν
347 886 418 915 ἰδίου
447 886 554 915 δικαίου
582 887 736 918 ἐθελούσιος
766 886 808 914 ἐπὶ
839 885 944 924 εἷ’ρήνῃ”

119 932 134 960 ὃ
148 931 177 960 δὶ
191 932 237 978 και
250 933 284 960 τὰ
296 935 352 978 τιῖιν
366 931 460 978 ἀλλ-ὦν
475 931 576 963 ἀδίκως
592 930 802 969 ἐξιδιαζόμενος,
826 930 875 959 οὐκ
889 928 946 968 ἔχω
962 945 985 978 Β

118 979 206 1010 νοεῖν,
222 975 296 1008 ὅπως
312 976 341 1004 3w
358 975 400 1012 εἴη
417 976 548 1012 ἐπιεικής.

158 1031 208 1059 οα’.
236 1029 266 1057 Τί
295 1041 341 1067 μοι
362 1030 449 1058 πλείω
490 1030 516 1058 ἰν
544 1033 603 1063 τοῖς
636 1031 772 1062 τοιούτοις
795 1027 944 1068 τρίϐεσθαι,

123 1074 180 1110 ἐξὸν
210 1075 239 1102 ’ὸν
255 1073 503 1113 κεφαλαιώσασθαι,
534 1075 575 1103 ὅτι
603 1074 673 1112 οὕτε,
689 1075 706 1103 ἃ
720 1075 833 1108 κατάθου
847 1077 945 1111 ποιεῖν,

122 1119 260 1157 πράττεις,
290 1117 353 1147 οὕτε
379 1122 432 1147 τῶν
462 1120 662 1158 ἆπηρνημένων
691 1120 801 1158 ἀπὲχῖη
818 1120 876 1148 ὅθεν
899 1119 946 1147 καὶ

122 1163 315 1201 ἀπέστραπται
340 1164 413 1202 παρᾶ
442 1165 484 1192 σοὶ
514 1165 544 1192 τὸ
570 1166 777 1202 σκοπιμώτατον
807 1168 858 1200 τῆς
885 1175 947 1192 κου-

122 1210 181 1246 ρᾶς.
211 1211 301 1240 Ποιεῐς
317 1219 346 1236 τι
373 1209 435 1247 γάρ,
465 1208 514 1236 ὅσα
547 1210 584 1246 μή
601 1209 698 1248 ἐχρῆν,
727 1210 773 1236 καὶ
789 1209 892 1246 ἀπέχῃ,
908 1207 944 1235 ὧν

122 1254 173 1281 οὐκ
200 1253 296 1292 ἐχρῆν·
326 1255 372 1282 καὶ
401 1254 459 1282 ἀντὶ
489 1255 557 1282 κατὰ
583 1257 663 1292 σῶμα
678 1255 722 1282 καὶ
737 1255 829 1292 ψυχήν
846 1253 946 1282 διπλοῦ

119 1300 160 1334 τῷ
185 1296 241 1326 ὄντι
259 1299 401 1336 ἀνθρώπου
427 1298 543 1330 ἀλλοῖος
569 1297 724 1331 ἀποϐαίνεις
753 1298 878 1330 διπλοῦς·
895 1298 947 1336 ἄγ-

119 1341 215 1380 γελος,
244 1344 285 1374 τῖς
316 1342 446 1382 ὑπέσχου·
464 1342 606 1382 ἅνθρωπος
623 1343 636 1370 ὁ
650 1345 755 1381 τυχὼν,
775 1344 817 1375 οἷς
836 1342 944 1381 ἐργάζῃ⁴

123 1383 211 1418 ἔνθεος
226 1387 260 1414 τὰ
285 1385 346 1422 ἔξω,
361 1386 392 1414 οὐ
425 1385 552 1424 φιλόθεος
566 1387 600 1414 τὰ
627 1387 713 1419 ἐντός·
745 1386 807 1415 οὔτε
826 1387 891 1418 Θεὸς
906 1397 946 1414 τι-

122 1431 234 1467 θέμενος
271 1431 297 1459 tv
326 1433 367 1468 τῷ
394 1430 550 1466 καταλύειν,
580 1432 649 1459 ὅπου
677 1430 858 1471 ἐφωδιάυθης,
886 1430 947 1459 οὔτε

121 1474 236 1513 ἅγγελος
266 1476 422 1513 γινόμενος,
451 1477 519 1513 πρὸς
544 1476 572 1503 ὃν
603 1476 796 1514 ἐσχημάτισαι-
814 1475 876 1503 οὐδὲ
891 1476 945 1512 μὴν

122 1520 264 1559 ἄνθρωπος
295 1521 394 1558 μένων,
424 1521 438 1549 ὁ
467 1521 536 1559 πρὸς
552 1520 692 1557 ἀλήθειαν·
727 1521 882 1559 ἐπαγωγὸς,
906 1523 947 1553 οἷς

120 1565 277 1604 προφαίνῃ·
308 1565 436 1602 φευκτεός
455 1587 462 1600 ,
492 1567 533 1597 οἷς
563 1564 748 1603 ἐνδομυχεῖς’
778 1564 880 1603 γλυκὺς
913 1565 948 1594 τὰ

121 1609 297 1646 ιξεπιπολῆς,
328 1608 463 1648 ἀγλευκής
488 1609 522 1637 τὰ
548 1608 574 1640 ἐς
605 1610 705 1648 βάθος·
733 1609 880 1641 κάλλιστος
907 1609 946 1641 εἰς

120 1653 277 1692 πρόσωπον,
309 1653 340 1682 οὗ
373 1655 537 1682 καθικνεῖται
576 1651 638 1692 ὄψις
672 1654 827 1691 ἀνθρώπου·
857 1652 948 1692 αἶ’σχι-

121 1709 182 1730 στος
209 1700 258 1734 τὴν
286 1697 410 1736 καρδίαν,
442 1698 479 1730 εἷς
507 1699 539 1733 ἣν
555 1696 714 1736 ἄμϐαθύνων
729 1697 823 1736 βλέπει
839 1699 853 1727 ὁ
869 1698 945 1732 Θεύς,

121 1741 249 1780 λαμπρὸς
275 1743 307 1770 τὸ
334 1743 463 1780 κονίαμα,
492 1743 593 1780 σαπρὸς
622 1743 655 1770 τά
683 1743 767 1774 ἐντός.
796 1743 876 1772 Ὅθεν
898 1743 947 1771 οὐκ

121 1785 191 1822 οῖδα,
221 1786 246 1814 εἴ
277 1787 314 1824 μὴ
329 1787 376 1819 τὰς
402 1787 501 1825 τρίχας
531 1787 561 1815 ἐκ
572 1791 622 1823 τῆς
649 1788 772 1826 κεφαλῆς
795 1798 843 1816 σου
871 1787 945 1815 ἀπώ-

120 1830 210 1862 λεσας·
228 1831 265 1859 ὧν
289 1830 351 1859 οὐδὲ
373 1833 439 1870 γοῦν
466 1832 529 1869 μίαν
555 1830 708 1860 ἀπόλλυσιν
724 1832 738 1860 ὁ
762 1834 816 1867 ζῶν
832 1832 946 1871 εὐαγγε-

123 1874 209 1906 λικῶς
214 1897 220 1904 .

156 1926 206 1958 οϐ’.
222 1929 283 1957 Ἐπὶ
296 1929 404 1961 τούτοις
427 1929 482 1968 ἐγὼ
508 1929 708 1967 ἔκπλήττομαι,
733 1930 944 1967 ἐνθυμούμενος,

121 1975 165 2002 οἷα
193 1974 241 2011 μὲν
264 1975 318 2012 πρὸ
341 1977 394 2003 τῶν
419 1974 524 2003 ἀδύτων
547 1977 595 2003 τοῦ
624 1976 762 2008 θειοτάτου
777 1977 842 2003 ναοῦ
865 1975 945 2011 ἆστῶ,

119 2029 163 2050 τις
187 2019 439 2058 ἀνθομολογοῦνται
468 2020 494 2047 οἱ
523 2020 591 2048 κατὰ
615 2020 643 2047 σέ
656 2020 702 2047 τὸν
717 2019 820 2057 κόσμον
849 2019 946 2048 λιπόν-

119 2073 172 2097 τες,
197 2063 243 2092 καὶ
273 2065 317 2091 οἷα
355 2064 400 2091 καὶ
437 2065 487 2091 ὃσα
523 2065 762 2101 μυστηριάζονται·
800 2063 884 2098 ἡλίκα
917 2063 946 2092 δὲ

120 2107 176 2144 πλη
183 2107 320 2144 μμιλοῠσι
352 2108 420 2145 μετὰ
430 2108 480 2142 τὴν
495 2110 544 2136 τοῦ
574 2107 727 2146 μυστηρίου
742 2107 866 2143 τελετήν.
881 2109 945 2136 Ἐκ-

121 2151 228 2180 δύονται
246 2152 293 2189 μὲν
310 2152 363 2191 γὰρ
377 2153 424 2180 τὸν
442 2152 559 2180 παλαιὸν
584 2151 739 2190 ἄνθρωπον,
766 2153 815 2187 τήν
843 2152 944 2190 ἀρχὴν,

120 2198 162 2229 οἷς
189 2196 352 2225 ἀποθύονται
380 2197 414 2225 τὰ
436 2198 505 2225 κατὰ
530 2197 633 2234 κόσμον
673 2195 778 2236 ἅμφιαε
812 2196 856 2224 καὶ
893 2197 944 2231 τήν

121 2241 250 2278 λειότητα
282 2241 529 2281 καταρῥιπτοῦντες
559 2239 797 2278 ἀναλαμϐάνονται
813 2241 893 2280 ῥάκη,
910 2240 946 2269 δι’

121 2287 157 2314 ὧν
185 2289 265 2324 σῶμα
279 2286 453 2315 κολακεύεται
468 2287 673 2324 καταψώμενον,
689 2286 726 2318 είς
742 2287 858 2325 τρυφὴν,
881 2285 945 2314 ἀΛλ’

121 2329 183 2359 οὐδὲ
212 2331 288 2359 λίνεα
302 2331 499 2370 περικείμινοι,
527 2331 687 2369 τραχύτητα
706 2329 735 2358 δὲ
762 2330 845 2365 αύτήν
873 2330 943 2359 ἐκεί-

121 2386 181 2411 νην,
212 2375 248 2406 ὡς
269 2376 299 2404 ἃν
325 2375 397 2404 εἷίποι
411 2387 462 2412 τις,
477 2377 528 2411 τὴν
542 2375 586 2404 διὰ
600 2378 716 2414 τριχῶν,
741 2377 783 2406 αἷς
798 2375 943 2412 ἐπώνυμος

122 2420 135 2447 ὁ
153 2419 237 2457 μέγας
265 2423 405 2458 Τριχινᾶς·
434 2421 470 2448 ὧν
499 2421 530 2448 τὸ
557 2420 679 2457 κὲντημα
709 2419 772 2448 ὡσεὶ
787 2420 832 2448 καὶ
847 2420 943 2448 κυνόσ-

121 2461 198 2491 ϐατοι
224 2464 268 2491 καὶ
297 2464 391 2491 κάκτοι
416 2465 459 2492 καὶ
484 2465 593 2503 ῥάμνοι·
617 2465 662 2492 καὶ
689 2464 730 2504 ἐφ’
753 2464 857 2501 ἑκάστῳ
885 2464 943 2492 ἔπι-

122 2509 223 2546 θήματι
253 2507 368 2543 ἐπαοιδὴ
384 2510 554 2545 πνευματικὴ
568 2508 722 2537 ἐκλαλεῖτοιι
744 2509 818 2548 λόγῳ
832 2507 943 2545 τελετῆς

121 2553 159 2585 εἷς
199 2552 326 2591 εὐλογίαν
352 2556 400 2581 τοῦ
429 2551 597 2590 ἐνδύματος,
632 2553 856 2593 ἐπιφωνουμένης
892 2557 942 2588 τῆς

121 2598 197 2637 ἁγίας
225 2598 351 2637 Τριάδος.
380 2599 420 2628 Τὸ
451 2598 498 2635 μὲν
527 2598 579 2636 γὰρ
608 2599 694 2637 χιτὼν
711 2598 883 2632 δικαιοσύνης
898 2599 942 2626 καὶ

121 2643 308 2681 ἀγαλλιάσεως
336 2643 497 2674 τελιστικῶς
531 2644 703 2679 ὀνομάζεται,
731 2654 760 2671 τν
777 2642 806 2671 δὲ
832 2643 942 2674 ἀκακίας

121 2686 266 2725 περιϐιλή,
296 2691 327 2716 τῦ
356 2687 385 2716 δὲ
409 2686 605 2726 περικεφαλαία
633 2686 755 2722 ἐκπίδος,
770 2692 820 2723 τῆς
835 2687 874 2719 εἷς
890 2698 942 2715 σω-

120 2733 225 2769 τηρίαν
255 2733 300 2761 καὶ
329 2732 399 2762 ἄλλο
426 2733 497 2767 ζώνη
529 2732 715 2770 σωφροσύνης,
732 2733 776 2760 καὶ
793 2731 941 2769 δυνάμεως,

121 2776 164 2804 καὶ
188 2776 318 2813 ἀληθείας
335 2787 342 2794 ·
369 2777 414 2806 καί
440 2787 466 2804 τι
495 2775 588 2814 ἕτερον
616 2776 774 2813 ὲτοιμασίας
803 2775 942 2814 εἶρηναίας

122 2819 274 2858 σύμϐολον.
304 2824 394 2851 Ἔστιν
421 2821 447 2850 ἐν
475 2821 570 2852 αὐτοῖς
597 2821 642 2849 καὶ
671 2824 786 2858 σημεῖον
815 2823 941 2859 σταυροῦ.

123 2867 268 2905 Μυστήρια
291 2870 376 2897 ταῦτα
399 2866 497 2904 πάντα,
513 2865 648 2904 πόματος
672 2866 822 2905 ἀγγελικοῦ
846 2864 942 2904 δεόμε-

1003 309 1032 336 et
1045 307 1196 335 lucernam
1208 314 1259 342 per
1270 305 1428 334 Dominum
1442 302 1585 335 accendit,
1601 300 1652 336 qui
1679 297 1828 327 illuminat

1003 354 1106 388 preter
1120 351 1268 379 lucernam
1288 349 1444 386 prophetis,
1474 349 1502 375 et
1529 353 1645 374 omnem
1665 343 1826 375 hominem,

1003 387 1184 425 attollentem
1199 396 1234 423 ad
1251 403 1282 423 se
1297 393 1470 427 oculos,non
1486 388 1715 426 corporales,sed
1731 387 1826 423 magis

1003 441 1180 477 spirituales,
1197 447 1271 476 quos
1294 437 1410 475 proprie
1435 436 1586 464 lucernam
1602 432 1731 469 corporis
1760 439 1826 460 esse

1002 494 1146 514 novxmus.

1036 621 1081 648 70.
1097 620 1161 649 Noli
1175 619 1276 656 igitur,
1302 627 1318 646 ο
1346 625 1451 654 magne
1480 615 1631 649 monache,
1658 612 1716 641 dici
1745 611 1824 648 paci-

1002 665 1169 699 ﬁcus,dum
1189 655 1329 692 frustaris
1358 663 1478 690 fratrum
1492 667 1630 689 amorem.
1670 655 1823 686 Manifesta

1001 710 1079 738 enim
1096 709 1240 746 disputas,
1257 708 1419 741 contendis,
1436 704 1616 738 conviciaris,
1627 701 1823 737 blasphemas,

1002 757 1031 782 et
1041 755 1140 782 omnia
1153 754 1218 782 istis
1229 753 1338 781 similia
1353 754 1453 779 contra
1465 751 1583 778 fratrem
1595 749 1740 784 agis;eum
1756 752 1824 780 ergo

1002 799 1147 835 quomodo
1159 798 1258 834 diligis
1275 797 1375 826 PTalis
1399 804 1465 823 cum
1491 795 1543 827 sis,
1573 801 1632 829 qua
1661 792 1823 835 frontean-

1001 833 1084 871 debis
1099 843 1156 871 dioi
1170 833 1342 871 benevolus?
1355 842 1403 869 Est
1413 840 1488 868 enim
1504 836 1704 866 benevolentia
1717 833 1824 862 volun-

1000 888 1067 915 tarii
1079 888 1157 924 juris
1167 887 1276 924 proprii
1288 886 1380 914 cessio
1392 885 1428 913 ob
1438 885 1548 912 bonum
1561 879 1706 918 pacis;qui
1722 879 1822 906 autem

1000 921 1259 960 bona-catenarum
1277 931 1351 967 rapit
1363 931 1481 965 injuste,
1497 927 1642 964 quomodo
1663 921 1823 952 benevolus

1000 984 1064 1004 esse
1075 976 1178 1013 possit,
1190 975 1352 1011 intelligere
1368 982 1491 1010 nequeo.

1035 1030 1080 1058 71.
1096 1030 1169 1062 Quid
1193 1031 1289 1058 autem
1315 1028 1344 1055 in
1372 1028 1418 1055 his
1447 1025 1574 1062 amplius
1604 1029 1713 1055 verser,
1752 1027 1820 1048 cum

1001 1074 1068 1102 licet
1082 1075 1178 1102 dicere
1193 1073 1364 1102 summatim
1381 1074 1408 1099 te
1425 1080 1481 1099 non
1498 1077 1581 1106 agere
1595 1076 1658 1104 quas
1679 1065 1821 1102 promise-

1000 1127 1059 1155 ras,
1076 1120 1112 1148 ab
1127 1119 1170 1148 eis
1183 1119 1290 1155 quibus
1305 1117 1523 1146 renuntiaveras
1539 1123 1596 1142 non
1612 1109 1771 1141 abstinere?
1778 1111 1823 1137 Ita

1000 1165 1136 1192 inversus
1162 1166 1207 1192 est
1230 1164 1298 1191 ﬁnis
1325 1165 1461 1190 tonsura.
1490 1160 1560 1196 Agis
1590 1158 1668 1186 enim
1684 1165 1749 1192 qua:
1763 1163 1822 1183 non

1001 1209 1171 1246 oportebat;
1187 1217 1250 1244 quas
1267 1216 1323 1236 non
1341 1203 1688 1242 oportebat,omittis:pro
1704 1199 1824 1246 homine

1001 1244 1128 1289 duplicis
1143 1252 1328 1285 substantiae,
1359 1250 1489 1286 corporis
1519 1251 1546 1276 et
1563 1248 1668 1276 animae
1686 1245 1727 1280 ,ﬁt
1742 1244 1825 1272 aliter

1002 1297 1247 1334 duplex,angelus
1261 1305 1296 1325 ex
1311 1295 1502 1332 promissis,et
1516 1294 1605 1321 homo
1621 1300 1655 1319 ex
1670 1289 1822 1326 operibus;

1001 1342 1118 1370 divinus
1132 1344 1224 1377 extra,
1236 1341 1314 1369 intra
1330 1341 1386 1368 Deo
1397 1338 1516 1367 odibilis
1534 1347 1540 1372 ;
1555 1345 1604 1365 nec
1625 1337 1702 1364 Deus
1718 1334 1823 1366 factus,

1001 1395 1068 1415 cum
1079 1387 1135 1415 iter
1148 1387 1297 1422 inceptum
1305 1384 1556 1420 relinquis,neque
1563 1380 1685 1418 angelus
1693 1379 1728 1407 ad
1736 1385 1825 1414 quem

1001 1431 1148 1466 formaris,
1161 1438 1256 1467 neque
1267 1432 1365 1458 tamen
1381 1429 1469 1456 homo
1485 1427 1520 1455 ad
1548 1426 1701 1455 veritatem
1729 1430 1824 1451 rema-

1001 1483 1074 1503 nens
1091 1485 1097 1510 ;
1113 1475 1151 1502 iis
1163 1475 1213 1511 qui
1229 1474 1332 1502 faciem
1349 1474 1511 1505 intuentur,
1530 1470 1694 1503 adeundus,
1725 1469 1753 1495 et
1783 1467 1825 1494 fu‘

1001 1519 1151 1556 gientibus
1177 1519 1207 1546 in
1235 1517 1446 1550 interioribus;
1478 1516 1575 1543 suavis
1604 1515 1640 1542 ad
1666 1512 1780 1544 faciem,
1796 1512 1826 1538 et

1001 1555 1120 1592 amarus
1148 1563 1178 1591 in
1207 1562 1285 1590 imol
1313 1561 1529 1598 pulcherrimus
1558 1559 1640 1593 facie,
1665 1557 1714 1584 ubi
1744 1555 1824 1583 sistit

1000 1608 1103 1637 oculus
1118 1607 1316 1642 hominum,et
1331 1607 1416 1634 corde
1431 1602 1687 1641 turpissimus,ubi
1706 1599 1826 1636 inspicit

1000 1654 1147 1681 scrutator
1162 1652 1258 1686 Deus;
1271 1650 1443 1688 splendidus
1463 1649 1644 1681 indumento,
1660 1648 1688 1674 et
1717 1644 1828 1672 intrin—

1001 1706 1086 1727 secus
1102 1699 1269 1733 corruptus.
1302 1695 1402 1731 Itaque
1419 1694 1516 1722 nescio
1533 1701 1630 1721 annon
1647 1690 1768 1727 capillos
1778 1697 1826 1717 ca-

996 1743 1071 1780 ‘pitis
1084 1742 1127 1770 tui
1143 1741 1446 1778 perdideris,quorum
1464 1747 1499 1767 ne
1515 1746 1607 1766 unum
1625 1735 1743 1772 quidem
1759 1742 1825 1770 per-

1001 1788 1045 1816 dit
1057 1787 1108 1824 qui
1122 1786 1194 1815 vivit
1208 1785 1385 1822 evangelica.

1035 1930 1081 1958 72.
1096 1931 1189 1966 Super
1202 1928 1263 1957 haec
1279 1928 1379 1961 miror,
1397 1935 1463 1955 cum
1488 1925 1583 1962 cogito
1599 1933 1662 1961 quae
1687 1924 1724 1952 ad
1753 1923 1825 1960 ady-

1000 1977 1065 2003 tum
1079 1974 1182 2011 templi
1197 1973 1291 2002 sancti
1307 1973 1442 2001 homines
1472 1972 1507 1999 de
1535 1970 1646 1998 mundo
1675 1971 1824 2003 exeuntes,

1000 2019 1076 2048 sicut
1091 2021 1134 2053 tu,
1150 2018 1350 2054 promiserint,
1364 2017 1470 2052 quibus
1483 2018 1510 2043 et
1527 2015 1643 2051 quantis
1655 2014 1761 2042 ritibus
1774 2025 1781 2047 ;
1797 2013 1826 2040 et

999 2063 1098 2100 qualia
1126 2062 1294 2099 compleant
1323 2065 1389 2098 post
1428 2061 1587 2096 perfectam
1617 2058 1824 2086 initiationem.

999 2109 1118 2136 Exuunt
1132 2107 1212 2135 enim
1240 2109 1365 2134 veterem
1394 2105 1554 2139 hominem,
1584 2106 1612 2131 et
1638 2103 1825 2138 potestatem.

1000 2152 1118 2188 quando
1134 2153 1230 2179 vestes
1246 2151 1412 2178 mundanas
1443 2150 1616 2183 deponunt;
1645 2148 1674 2174 et
1702 2145 1826 2181 abjectis

999 2196 1162 2233 splendidis
1171 2194 1487 2230 vestimentis,detritos
1497 2191 1669 2229 panniculos
1678 2189 1826 2225 accipiunt

1000 2241 1110 2278 quibus
1125 2241 1296 2277 promptum
1312 2239 1348 2268 ad
1364 2238 1531 2274 cupidinem
1544 2245 1650 2271 corpus
1675 2235 1824 2271 placatur;

1000 2287 1041 2314 eis
1057 2285 1278 2314 circumdantur
1293 2293 1348 2312 non
1364 2286 1458 2311 vestes
1473 2283 1566 2316 lineis,
1579 2281 1629 2309 sed
1654 2280 1716 2308 ista;
1741 2286 1824 2314 aspe-

998 2340 1047 2366 rae,
1063 2332 1101 2365 et,
1127 2329 1203 2358 dicet
1244 2329 1363 2365 aliquis,
1388 2337 1421 2355 ex
1451 2326 1574 2362 capillis,
1615 2325 1692 2353 unde
1716 2323 1824 2351 dicitur

997 2374 1290 2412 magnumcilicium,
1307 2376 1335 2401 et
1363 2381 1488 2409 quorum
1528 2371 1619 2398 aculei
1652 2369 1822 2406 cynosbato,

997 2419 1114 2448 tribulis
1125 2421 1153 2447 et
1164 2418 1296 2446 rhamnis
1320 2418 1432 2446 similes
1458 2418 1548 2449 sunt;
1574 2418 1602 2442 et
1631 2420 1824 2450 quascumque

997 2463 1314 2501 imponitur,repetitur
1326 2463 1454 2499 hymnus
1468 2460 1630 2496 spiritualis
1639 2461 1723 2495 juxta
1733 2458 1824 2485 ritum

998 2508 1173 2537 initiationis
1184 2509 1220 2536 ad
1236 2507 1468 2536 benedictionem
1485 2504 1661 2537 vestimenti,
1691 2504 1826 2531 invocata

998 2556 1101 2583 sancta
1123 2553 1274 2581 Trinitate.
1307 2552 1402 2580 Unum
1432 2551 1508 2578 enim
1527 2550 1555 2576 in
1582 2549 1673 2577 sacris
1703 2550 1825 2575 vocatur

997 2599 1229 2635 tunicajustitias
1243 2601 1270 2626 et
1299 2596 1503 2626 exsultatiouis
1522 2605 1527 2629 ;
1548 2596 1672 2622 alterum
1703 2593 1825 2630 pallium

998 2643 1196 2680 simplicitatis
1214 2656 1221 2678 ς
1237 2646 1265 2672 et
1281 2642 1399 2671 tertium
1428 2641 1510 2677 galea
1526 2640 1587 2676 spei
1610 2640 1646 2667 ad
1677 2638 1803 2667 salutem
1817 2645 1823 2670 ;

998 2688 1078 2717 aliud
1093 2689 1245 2725 cingulum
1257 2686 1464 2723 temperantia,
1479 2689 1504 2712 et
1518 2684 1709 2718 fortitudinis,
1738 2684 1765 2709 et
1780 2689 1826 2708 ve-

998 2733 1113 2767 ritatis;
1130 2735 1159 2762 et
1173 2733 1322 2770 quoddam
1338 2731 1416 2759 aliud
1434 2729 1600 2766 symbolum
1616 2727 1742 2764 pacificus
1780 2725 1824 2753 in-

998 2777 1082 2806 dolis.
1100 2779 1176 2806 Inter
1190 2778 1251 2806 haac
1266 2779 1310 2805 est
1331 2775 1419 2803 etiam
1436 2775 1555 2811 signum
1569 2773 1744 2804 crucis.0um
1760 2778 1823 2798 om-

997 2821 1047 2850 nia
1062 2823 1247 2859 mysteria,ut
1255 2820 1497 2857 explicentur,ore
1505 2818 1634 2855 angelico
1644 2816 1818 2852 indigerent.

996 2867 1032 2895 Et
1045 2868 1115 2896 tunc
1129 2867 1273 2904 porrectio
1282 2859 1820 2899 librisanctorumevangeliorumipsa
