  <div class='ocr_page' id='page_1' title='image "/cluster/home/n/w/nwhite01/storage/ocr_20150623/135/njp.32101077773107/413.png"; bbox 0 0 2018 3158; ppageno 0'>
   <div class='ocr_carea' id='block_1_1' title="bbox 195 173 255 204">
    <p class='ocr_par' dir='ltr' id='par_1_1' title="bbox 195 173 255 204">
     <span class='ocr_line' id='line_1_1' title="bbox 195 173 255 204; baseline 0 -1"><span class='ocrx_word' id='word_1_1' title='bbox 195 173 255 204; x_wconf 75' lang='lat'>795</span> 
     </span>
    </p>
   </div>
   <div class='ocr_carea' id='block_1_2' title="bbox 574 175 1508 211">
    <p class='ocr_par' dir='ltr' id='par_1_2' title="bbox 574 175 1508 211">
     <span class='ocr_line' id='line_1_2' title="bbox 574 175 1508 211; baseline 0.001 -4"><span class='ocrx_word' id='word_1_2' title='bbox 574 176 787 208; x_wconf 84' lang='lat' dir='ltr'>EUSTATHII</span> <span class='ocrx_word' id='word_1_3' title='bbox 808 175 1192 208; x_wconf 82' lang='lat' dir='ltr'>THESSALONICENSIS</span> <span class='ocrx_word' id='word_1_4' title='bbox 1216 177 1508 211; x_wconf 60' lang='lat' dir='ltr'>METROPOLITIE</span> 
     </span>
    </p>
   </div>
   <div class='ocr_carea' id='block_1_3' title="bbox 1839 175 1905 205">
    <p class='ocr_par' dir='ltr' id='par_1_3' title="bbox 1839 175 1905 205">
     <span class='ocr_line' id='line_1_3' title="bbox 1839 175 1905 205; baseline -0.015 0"><span class='ocrx_word' id='word_1_5' title='bbox 1839 175 1905 205; x_wconf 77' lang='lat'>796</span> 
     </span>
    </p>
   </div>
   <div class='ocr_carea' id='block_1_4' title="bbox 193 237 1906 282">
    <p class='ocr_par' dir='ltr' id='par_1_4' title="bbox 193 237 1906 282">
     <span class='ocr_line' id='line_1_4' title="bbox 193 237 1906 282; baseline 0.001 -17"><span class='ocrx_word' id='word_1_6' title='bbox 193 237 335 276; x_wconf 76' lang='grc' dir='ltr'>ἀγεύστους</span> <span class='ocrx_word' id='word_1_7' title='bbox 349 239 476 277; x_wconf 78' lang='grc' dir='ltr'>βρώσεων</span> <span class='ocrx_word' id='word_1_8' title='bbox 505 240 543 272; x_wconf 82' lang='grc' dir='ltr'>είς</span> <span class='ocrx_word' id='word_1_9' title='bbox 557 241 803 279; x_wconf 81' lang='grc' dir='ltr'>τεσσαρακοντάδας</span> <span class='ocrx_word' id='word_1_10' title='bbox 818 252 848 270; x_wconf 87' lang='grc' dir='ltr'>τε</span> <span class='ocrx_word' id='word_1_11' title='bbox 875 243 985 279; x_wconf 82' lang='grc' dir='ltr'>ἡμερῶν</span> <span class='ocrx_word' id='word_1_12' title='bbox 1001 241 1044 269; x_wconf 85' lang='grc' dir='ltr'>καὶ</span> <span class='ocrx_word' id='word_1_13' title='bbox 1061 241 1098 273; x_wconf 85' lang='grc' dir='ltr'>εἷς</span> <span class='ocrx_word' id='word_1_14' title='bbox 1114 243 1220 281; x_wconf 72' lang='grc' dir='ltr'>ἑτεροῖα</span> <span class='ocrx_word' id='word_1_15' title='bbox 1234 244 1305 272; x_wconf 82' lang='grc' dir='ltr'>ποσὰ</span> <span class='ocrx_word' id='word_1_16' title='bbox 1319 245 1426 282; x_wconf 78' lang='grc' dir='ltr'>καιροῦ,</span> <span class='ocrx_word' id='word_1_17' title='bbox 1442 243 1524 270; x_wconf 71' lang='grc' dir='ltr'>ὁποῖα</span> <span class='ocrx_word' id='word_1_18' title='bbox 1538 239 1733 280; x_wconf 77' lang='grc' dir='ltr'>παραδιδόασιν</span> <span class='ocrx_word' id='word_1_19' title='bbox 1751 241 1777 268; x_wconf 69' lang='grc' dir='ltr'>οἳ</span> <span class='ocrx_word' id='word_1_20' title='bbox 1791 239 1826 268; x_wconf 79' lang='grc' dir='ltr'>τὰ</span> <span class='ocrx_word' id='word_1_21' title='bbox 1841 241 1906 272; x_wconf 79' lang='grc' dir='ltr'>θεῖα</span> 
     </span>
    </p>
   </div>
   <div class='ocr_carea' id='block_1_5' title="bbox 192 282 399 322">
    <p class='ocr_par' dir='ltr' id='par_1_5' title="bbox 192 282 399 322">
     <span class='ocr_line' id='line_1_5' title="bbox 192 282 399 322; baseline 0.014 -13"><span class='ocrx_word' id='word_1_22' title='bbox 192 282 399 322; x_wconf 64' lang='grc' dir='ltr'>ἐξίει-τυροῦντες.</span> 
     </span>
    </p>
   </div>
   <div class='ocr_carea' id='block_1_6' title="bbox 226 328 1052 366">
    <p class='ocr_par' dir='ltr' id='par_1_6' title="bbox 226 328 1052 366">
     <span class='ocr_line' id='line_1_6' title="bbox 226 328 1052 366; baseline 0.005 -11"><span class='ocrx_word' id='word_1_23' title='bbox 226 328 271 356; x_wconf 90' lang='grc'>78.</span> <span class='ocrx_word' id='word_1_24' title='bbox 289 329 368 358; x_wconf 86' lang='lat' dir='ltr'><strong>Idem</strong></span> <span class='ocrx_word' id='word_1_25' title='bbox 383 338 484 359; x_wconf 79' lang='lat' dir='ltr'><strong>corvos</strong></span> <span class='ocrx_word' id='word_1_26' title='bbox 502 331 593 359; x_wconf 79' lang='lat' dir='ltr'>mittit</span> <span class='ocrx_word' id='word_1_27' title='bbox 607 332 642 360; x_wconf 86' lang='lat' dir='ltr'>ed</span> <span class='ocrx_word' id='word_1_28' title='bbox 663 332 893 360; x_wconf 84' lang='lat' dir='ltr'><strong>ministrandum</strong></span> <span class='ocrx_word' id='word_1_29' title='bbox 910 331 1008 359; x_wconf 88' lang='lat' dir='ltr'><strong>cibum</strong></span> <span class='ocrx_word' id='word_1_30' title='bbox 1024 333 1052 366; x_wconf 75' lang='grc' dir='ltr'>Α</span> 
     </span>
    </p>
   </div>
   <div class='ocr_carea' id='block_1_7' title="bbox 189 373 1014 413">
    <p class='ocr_par' dir='ltr' id='par_1_7' title="bbox 189 373 1014 413">
     <span class='ocr_line' id='line_1_7' title="bbox 189 373 1014 413; baseline 0.004 -13"><span class='ocrx_word' id='word_1_31' title='bbox 189 373 226 400; x_wconf 85' lang='lat' dir='ltr'>iis</span> <span class='ocrx_word' id='word_1_32' title='bbox 247 373 295 409; x_wconf 89' lang='lat' dir='ltr'>qui</span> <span class='ocrx_word' id='word_1_33' title='bbox 323 374 347 402; x_wconf 92' lang='lat' dir='ltr'>ei</span> <span class='ocrx_word' id='word_1_34' title='bbox 374 375 422 403; x_wconf 90' lang='lat' dir='ltr'><strong>illo</strong></span> <span class='ocrx_word' id='word_1_35' title='bbox 445 377 530 404; x_wconf 89' lang='lat' dir='ltr'><strong>modo</strong></span> <span class='ocrx_word' id='word_1_36' title='bbox 552 376 695 411; x_wconf 86' lang='lat' dir='ltr'><strong>serviunt,</strong></span> <span class='ocrx_word' id='word_1_37' title='bbox 712 377 880 413; x_wconf 80' lang='lat' dir='ltr'>quicunque</span> <span class='ocrx_word' id='word_1_38' title='bbox 904 376 964 404; x_wconf 86' lang='lat' dir='ltr'><strong>sint</strong></span> <span class='ocrx_word' id='word_1_39' title='bbox 985 375 1014 403; x_wconf 91' lang='lat' dir='ltr'>hi</span> 
     </span>
    </p>
   </div>
   <div class='ocr_carea' id='block_1_8' title="bbox 190 419 1014 458">
    <p class='ocr_par' dir='ltr' id='par_1_8' title="bbox 190 419 1014 458">
     <span class='ocr_line' id='line_1_8' title="bbox 190 419 1014 458; baseline 0.004 -12"><span class='ocrx_word' id='word_1_40' title='bbox 190 419 267 447; x_wconf 81' lang='lat' dir='ltr'>corvi</span> <span class='ocrx_word' id='word_1_41' title='bbox 285 428 290 447; x_wconf 92' lang='lat'><strong>:</strong></span> <span class='ocrx_word' id='word_1_42' title='bbox 308 420 368 449; x_wconf 88' lang='lat' dir='ltr'><strong>sivo</strong></span> <span class='ocrx_word' id='word_1_43' title='bbox 384 425 526 458; x_wconf 80' lang='lat' dir='ltr'>apparent</span> <span class='ocrx_word' id='word_1_44' title='bbox 546 425 574 450; x_wconf 88' lang='lat' dir='ltr'>et</span> <span class='ocrx_word' id='word_1_45' title='bbox 591 423 725 451; x_wconf 82' lang='lat' dir='ltr'><strong>feruntur</strong></span> <span class='ocrx_word' id='word_1_46' title='bbox 748 423 863 452; x_wconf 62' lang='lat' dir='ltr'><strong>aetherei</strong></span> <span class='ocrx_word' id='word_1_47' title='bbox 885 423 921 450; x_wconf 91' lang='lat' dir='ltr'>ob</span> <span class='ocrx_word' id='word_1_48' title='bbox 937 421 1014 450; x_wconf 85' lang='lat' dir='ltr'><strong>vola-</strong></span> 
     </span>
    </p>
   </div>
   <div class='ocr_carea' id='block_1_9' title="bbox 188 465 1012 502">
    <p class='ocr_par' dir='ltr' id='par_1_9' title="bbox 188 465 1012 502">
     <span class='ocr_line' id='line_1_9' title="bbox 188 465 1012 502; baseline 0.007 -12"><span class='ocrx_word' id='word_1_49' title='bbox 188 465 262 499; x_wconf 85' lang='lat' dir='ltr'>tum,</span> <span class='ocrx_word' id='word_1_50' title='bbox 279 465 337 493; x_wconf 91' lang='lat' dir='ltr'><strong>sive</strong></span> <span class='ocrx_word' id='word_1_51' title='bbox 353 467 470 502; x_wconf 84' lang='lat' dir='ltr'><strong>terreni,</strong></span> <span class='ocrx_word' id='word_1_52' title='bbox 487 467 633 502; x_wconf 80' lang='lat' dir='ltr'>siquidem</span> <span class='ocrx_word' id='word_1_53' title='bbox 663 467 772 495; x_wconf 84' lang='lat' dir='ltr'><strong>multos</strong></span> <span class='ocrx_word' id='word_1_54' title='bbox 791 470 904 496; x_wconf 84' lang='lat' dir='ltr'><strong>ascetes</strong></span> <span class='ocrx_word' id='word_1_55' title='bbox 923 467 1012 496; x_wconf 75' lang='lat' dir='ltr'><strong>latro-</strong></span> 
     </span>
    </p>
   </div>
   <div class='ocr_carea' id='block_1_10' title="bbox 190 511 1012 550">
    <p class='ocr_par' dir='ltr' id='par_1_10' title="bbox 190 511 1012 550">
     <span class='ocr_line' id='line_1_10' title="bbox 190 511 1012 550; baseline 0.007 -14"><span class='ocrx_word' id='word_1_56' title='bbox 190 517 242 537; x_wconf 85' lang='lat' dir='ltr'>nes</span> <span class='ocrx_word' id='word_1_57' title='bbox 260 511 331 538; x_wconf 82' lang='lat' dir='ltr'><strong>moti</strong></span> <span class='ocrx_word' id='word_1_58' title='bbox 356 520 373 539; x_wconf 80' lang='grc' dir='ltr'>ο.</span> <span class='ocrx_word' id='word_1_59' title='bbox 397 511 453 540; x_wconf 87' lang='lat' dir='ltr'><strong>Deo</strong></span> <span class='ocrx_word' id='word_1_60' title='bbox 478 513 642 547; x_wconf 81' lang='lat' dir='ltr'>enutriunt,</span> <span class='ocrx_word' id='word_1_61' title='bbox 657 513 734 541; x_wconf 88' lang='lat' dir='ltr'><strong>sicut</strong></span> <span class='ocrx_word' id='word_1_62' title='bbox 758 513 819 549; x_wconf 85' lang='lat' dir='ltr'><strong>lupi</strong></span> <span class='ocrx_word' id='word_1_63' title='bbox 845 514 937 550; x_wconf 85' lang='lat' dir='ltr'><strong>raptis</strong></span> <span class='ocrx_word' id='word_1_64' title='bbox 952 514 1012 542; x_wconf 86' lang='lat' dir='ltr'><strong>ovi-</strong></span> 
     </span>
    </p>
   </div>
   <div class='ocr_carea' id='block_1_11' title="bbox 188 553 1012 594">
    <p class='ocr_par' dir='ltr' id='par_1_11' title="bbox 188 553 1012 594">
     <span class='ocr_line' id='line_1_11' title="bbox 188 553 1012 594; baseline 0.006 -13"><span class='ocrx_word' id='word_1_65' title='bbox 188 553 254 587; x_wconf 84' lang='lat' dir='ltr'><strong>bus,</strong></span> <span class='ocrx_word' id='word_1_66' title='bbox 271 557 299 582; x_wconf 89' lang='lat' dir='ltr'>et</span> <span class='ocrx_word' id='word_1_67' title='bbox 328 556 475 591; x_wconf 77' lang='lat' dir='ltr'><strong>publicani</strong></span> <span class='ocrx_word' id='word_1_68' title='bbox 502 557 601 593; x_wconf 87' lang='lat' dir='ltr'><strong>etiam,</strong></span> <span class='ocrx_word' id='word_1_69' title='bbox 626 558 675 593; x_wconf 89' lang='lat' dir='ltr'><strong>qui</strong></span> <span class='ocrx_word' id='word_1_70' title='bbox 702 560 730 586; x_wconf 91' lang='lat' dir='ltr'>et</span> <span class='ocrx_word' id='word_1_71' title='bbox 757 558 927 594; x_wconf 82' lang='lat' dir='ltr'><strong>acquirendi</strong></span> <span class='ocrx_word' id='word_1_72' title='bbox 952 558 1012 586; x_wconf 88' lang='lat' dir='ltr'>zelo</span> 
     </span>
    </p>
   </div>
   <div class='ocr_carea' id='block_1_12' title="bbox 187 600 1014 639">
    <p class='ocr_par' dir='ltr' id='par_1_12' title="bbox 187 600 1014 639">
     <span class='ocr_line' id='line_1_12' title="bbox 187 600 1014 639; baseline 0.006 -13"><span class='ocrx_word' id='word_1_73' title='bbox 187 600 281 628; x_wconf 87' lang='lat' dir='ltr'><strong>corvis</strong></span> <span class='ocrx_word' id='word_1_74' title='bbox 297 603 511 630; x_wconf 83' lang='lat' dir='ltr'><strong>annumerandi</strong></span> <span class='ocrx_word' id='word_1_75' title='bbox 525 605 604 638; x_wconf 87' lang='lat' dir='ltr'><strong>sunt,</strong></span> <span class='ocrx_word' id='word_1_76' title='bbox 620 611 750 639; x_wconf 87' lang='lat' dir='ltr'><strong>quosque</strong></span> <span class='ocrx_word' id='word_1_77' title='bbox 769 603 846 631; x_wconf 91' lang='lat' dir='ltr'><strong>Deus</strong></span> <span class='ocrx_word' id='word_1_78' title='bbox 862 603 903 631; x_wconf 88' lang='lat' dir='ltr'>sic</span> <span class='ocrx_word' id='word_1_79' title='bbox 924 603 1014 631; x_wconf 83' lang='lat' dir='ltr'><strong>ﬂectit</strong></span> 
     </span>
    </p>
   </div>
   <div class='ocr_carea' id='block_1_13' title="bbox 187 644 1011 680">
    <p class='ocr_par' dir='ltr' id='par_1_13' title="bbox 187 644 1011 680">
     <span class='ocr_line' id='line_1_13' title="bbox 187 644 1011 680; baseline 0.005 -9"><span class='ocrx_word' id='word_1_80' title='bbox 187 644 221 671; x_wconf 79' lang='lat' dir='ltr'>ad</span> <span class='ocrx_word' id='word_1_81' title='bbox 239 644 360 680; x_wconf 89' lang='lat' dir='ltr'><strong>bonum,</strong></span> <span class='ocrx_word' id='word_1_82' title='bbox 375 648 408 673; x_wconf 92' lang='lat' dir='ltr'>ut</span> <span class='ocrx_word' id='word_1_83' title='bbox 422 649 525 674; x_wconf 78' lang='lat' dir='ltr'><strong>ascetze</strong></span> <span class='ocrx_word' id='word_1_84' title='bbox 541 648 639 675; x_wconf 91' lang='lat' dir='ltr'><strong>cibum</strong></span> <span class='ocrx_word' id='word_1_85' title='bbox 656 647 769 675; x_wconf 82' lang='lat' dir='ltr'><strong>facilem</strong></span> <span class='ocrx_word' id='word_1_86' title='bbox 791 650 818 675; x_wconf 87' lang='lat' dir='ltr'>et</span> <span class='ocrx_word' id='word_1_87' title='bbox 833 648 943 675; x_wconf 90' lang='lat' dir='ltr'><strong>bonum</strong></span> <span class='ocrx_word' id='word_1_88' title='bbox 966 647 1011 675; x_wconf 92' lang='lat' dir='ltr'><strong>in-</strong></span> 
     </span>
    </p>
   </div>
   <div class='ocr_carea' id='block_1_14' title="bbox 187 688 1012 728">
    <p class='ocr_par' dir='ltr' id='par_1_14' title="bbox 187 688 1012 728">
     <span class='ocr_line' id='line_1_14' title="bbox 187 688 1012 728; baseline 0.006 -13"><span class='ocrx_word' id='word_1_89' title='bbox 187 688 313 723; x_wconf 84' lang='lat' dir='ltr'><strong>veniant,</strong></span> <span class='ocrx_word' id='word_1_90' title='bbox 328 693 359 717; x_wconf 91' lang='lat' dir='ltr'>ut</span> <span class='ocrx_word' id='word_1_91' title='bbox 374 699 490 726; x_wconf 81' lang='lat' dir='ltr'><strong>poenam</strong></span> <span class='ocrx_word' id='word_1_92' title='bbox 507 700 523 720; x_wconf 76' lang='grc' dir='ltr'>ιι</span> <span class='ocrx_word' id='word_1_93' title='bbox 537 692 623 720; x_wconf 83' lang='lat' dir='ltr'><strong>malis</strong></span> <span class='ocrx_word' id='word_1_94' title='bbox 633 694 781 728; x_wconf 84' lang='lat' dir='ltr'><strong>sumptam</strong></span> <span class='ocrx_word' id='word_1_95' title='bbox 795 701 801 726; x_wconf 90' lang='lat'>;</span> <span class='ocrx_word' id='word_1_96' title='bbox 813 695 845 720; x_wconf 86' lang='lat' dir='ltr'>ut</span> <span class='ocrx_word' id='word_1_97' title='bbox 859 692 915 728; x_wconf 83' lang='lat' dir='ltr'><strong>ipsi</strong></span> <span class='ocrx_word' id='word_1_98' title='bbox 927 692 1012 728; x_wconf 85' lang='lat' dir='ltr'><strong>largi-</strong></span> 
     </span>
    </p>
   </div>
   <div class='ocr_carea' id='block_1_15' title="bbox 188 734 1013 771">
    <p class='ocr_par' dir='ltr' id='par_1_15' title="bbox 188 734 1013 771">
     <span class='ocr_line' id='line_1_15' title="bbox 188 734 1013 771; baseline 0.005 -11"><span class='ocrx_word' id='word_1_99' title='bbox 188 735 270 761; x_wconf 90' lang='lat' dir='ltr'><strong>entes</strong></span> <span class='ocrx_word' id='word_1_100' title='bbox 286 737 375 770; x_wconf 75' lang='lat' dir='ltr'><strong>agant</strong></span> <span class='ocrx_word' id='word_1_101' title='bbox 396 734 506 771; x_wconf 87' lang='lat' dir='ltr'><strong>aliquid</strong></span> <span class='ocrx_word' id='word_1_102' title='bbox 527 736 648 771; x_wconf 91' lang='lat' dir='ltr'><strong>bonum,</strong></span> <span class='ocrx_word' id='word_1_103' title='bbox 674 737 745 764; x_wconf 91' lang='lat' dir='ltr'>dum</span> <span class='ocrx_word' id='word_1_104' title='bbox 771 744 914 765; x_wconf 82' lang='lat' dir='ltr'><strong>memores</strong></span> <span class='ocrx_word' id='word_1_105' title='bbox 943 738 1013 764; x_wconf 90' lang='lat' dir='ltr'><strong>sunt</strong></span> 
     </span>
    </p>
   </div>
   <div class='ocr_carea' id='block_1_16' title="bbox 188 777 1011 817">
    <p class='ocr_par' dir='ltr' id='par_1_16' title="bbox 188 777 1011 817">
     <span class='ocr_line' id='line_1_16' title="bbox 188 777 1011 817; baseline 0.004 -12"><span class='ocrx_word' id='word_1_106' title='bbox 188 777 378 815; x_wconf 73' lang='lat' dir='ltr'><strong>eleemosyns&#39;:</strong></span> <span class='ocrx_word' id='word_1_107' title='bbox 392 789 398 814; x_wconf 91' lang='lat'><strong>;</strong></span> <span class='ocrx_word' id='word_1_108' title='bbox 416 783 448 808; x_wconf 88' lang='lat' dir='ltr'>ut</span> <span class='ocrx_word' id='word_1_109' title='bbox 461 783 582 809; x_wconf 82' lang='lat' dir='ltr'><strong>mcerent</strong></span> <span class='ocrx_word' id='word_1_110' title='bbox 597 781 742 815; x_wconf 79' lang='lat' dir='ltr'>diabolus,</span> <span class='ocrx_word' id='word_1_111' title='bbox 755 781 804 817; x_wconf 88' lang='lat' dir='ltr'>qui</span> <span class='ocrx_word' id='word_1_112' title='bbox 815 789 864 809; x_wconf 89' lang='lat' dir='ltr'>eos</span> <span class='ocrx_word' id='word_1_113' title='bbox 877 781 1011 817; x_wconf 76' lang='lat' dir='ltr'><strong>inspirat,</strong></span> 
     </span>
    </p>
   </div>
   <div class='ocr_carea' id='block_1_17' title="bbox 188 821 1011 861">
    <p class='ocr_par' dir='ltr' id='par_1_17' title="bbox 188 821 1011 861">
     <span class='ocr_line' id='line_1_17' title="bbox 188 821 1011 861; baseline 0.004 -12"><span class='ocrx_word' id='word_1_114' title='bbox 188 821 250 850; x_wconf 79' lang='lat' dir='ltr'><strong>vise</strong></span> <span class='ocrx_word' id='word_1_115' title='bbox 266 823 294 850; x_wconf 92' lang='lat' dir='ltr'>in</span> <span class='ocrx_word' id='word_1_116' title='bbox 321 823 362 852; x_wconf 87' lang='lat' dir='ltr'>eis</span> <span class='ocrx_word' id='word_1_117' title='bbox 384 825 486 860; x_wconf 88' lang='lat' dir='ltr'><strong>optimi</strong></span> <span class='ocrx_word' id='word_1_118' title='bbox 509 825 585 861; x_wconf 83' lang='lat' dir='ltr'><strong>ignis</strong></span> <span class='ocrx_word' id='word_1_119' title='bbox 611 826 749 859; x_wconf 78' lang='lat' dir='ltr'><strong>ﬂamma;</strong></span> <span class='ocrx_word' id='word_1_120' title='bbox 777 833 811 852; x_wconf 91' lang='lat' dir='ltr'>ne</span> <span class='ocrx_word' id='word_1_121' title='bbox 835 825 891 861; x_wconf 85' lang='lat' dir='ltr'><strong>ipsi</strong></span> <span class='ocrx_word' id='word_1_122' title='bbox 915 824 1011 852; x_wconf 87' lang='lat' dir='ltr'><strong>totali-</strong></span> 
     </span>
    </p>
   </div>
   <div class='ocr_carea' id='block_1_18' title="bbox 188 867 1011 905">
    <p class='ocr_par' dir='ltr' id='par_1_18' title="bbox 188 867 1011 905">
     <span class='ocr_line' id='line_1_18' title="bbox 188 867 1011 905; baseline 0.005 -12"><span class='ocrx_word' id='word_1_123' title='bbox 188 869 233 894; x_wconf 84' lang='lat' dir='ltr'>ter</span> <span class='ocrx_word' id='word_1_124' title='bbox 257 867 467 896; x_wconf 82' lang='lat' dir='ltr'><strong>obliviscuntur</strong></span> <span class='ocrx_word' id='word_1_125' title='bbox 490 878 520 897; x_wconf 90' lang='lat' dir='ltr'>se</span> <span class='ocrx_word' id='word_1_126' title='bbox 547 870 604 897; x_wconf 90' lang='lat' dir='ltr'><strong>Deo</strong></span> <span class='ocrx_word' id='word_1_127' title='bbox 630 870 762 904; x_wconf 82' lang='lat' dir='ltr'><strong>subesse,</strong></span> <span class='ocrx_word' id='word_1_128' title='bbox 783 870 937 905; x_wconf 57' lang='lat' dir='ltr'><strong>ceterique</strong></span> <span class='ocrx_word' id='word_1_129' title='bbox 955 869 1011 897; x_wconf 86' lang='lat' dir='ltr'>hoc</span> 
     </span>
    </p>
   </div>
   <div class='ocr_carea' id='block_1_19' title="bbox 190 912 1010 942">
    <p class='ocr_par' dir='ltr' id='par_1_19' title="bbox 190 912 1010 942">
     <span class='ocr_line' id='line_1_19' title="bbox 190 912 1010 942; baseline 0.004 -4"><span class='ocrx_word' id='word_1_130' title='bbox 190 912 274 939; x_wconf 90' lang='lat' dir='ltr'><strong>modo</strong></span> <span class='ocrx_word' id='word_1_131' title='bbox 304 913 339 940; x_wconf 88' lang='lat' dir='ltr'>ad</span> <span class='ocrx_word' id='word_1_132' title='bbox 365 912 492 941; x_wconf 86' lang='lat' dir='ltr'><strong>similem</strong></span> <span class='ocrx_word' id='word_1_133' title='bbox 517 914 724 942; x_wconf 69' lang='lat' dir='ltr'><strong>misericordis:</strong></span> <span class='ocrx_word' id='word_1_134' title='bbox 740 914 834 942; x_wconf 87' lang='lat' dir='ltr'><strong>zelum</strong></span> <span class='ocrx_word' id='word_1_135' title='bbox 850 913 1010 941; x_wconf 83' lang='lat' dir='ltr'><strong>accendan-</strong></span> 
     </span>
    </p>
   </div>
   <div class='ocr_carea' id='block_1_20' title="bbox 188 956 1013 994">
    <p class='ocr_par' dir='ltr' id='par_1_20' title="bbox 188 956 1013 994">
     <span class='ocr_line' id='line_1_20' title="bbox 188 956 1013 994; baseline 0.004 -12"><span class='ocrx_word' id='word_1_136' title='bbox 188 958 247 983; x_wconf 86' lang='lat' dir='ltr'><strong>tur.</strong></span> <span class='ocrx_word' id='word_1_137' title='bbox 259 956 289 984; x_wconf 86' lang='lat' dir='ltr'><strong>Si</strong></span> <span class='ocrx_word' id='word_1_138' title='bbox 305 957 383 984; x_wconf 88' lang='lat' dir='ltr'><strong>enim</strong></span> <span class='ocrx_word' id='word_1_139' title='bbox 399 966 433 985; x_wconf 83' lang='lat' dir='ltr'><strong>ex</strong></span> <span class='ocrx_word' id='word_1_140' title='bbox 460 958 511 986; x_wconf 86' lang='lat' dir='ltr'><strong>tali</strong></span> <span class='ocrx_word' id='word_1_141' title='bbox 535 967 615 986; x_wconf 87' lang='lat' dir='ltr'><strong>more</strong></span> <span class='ocrx_word' id='word_1_142' title='bbox 641 961 670 986; x_wconf 88' lang='lat' dir='ltr'>et</span> <span class='ocrx_word' id='word_1_143' title='bbox 683 959 742 987; x_wconf 84' lang='lat' dir='ltr'><strong>vita</strong></span> <span class='ocrx_word' id='word_1_144' title='bbox 768 959 861 986; x_wconf 71' lang='lat' dir='ltr'><strong>ferina</strong></span> <span class='ocrx_word' id='word_1_145' title='bbox 883 957 1013 994; x_wconf 75' lang='lat' dir='ltr'><strong>procedit</strong></span> 
     </span>
    </p>
   </div>
   <div class='ocr_carea' id='block_1_21' title="bbox 189 999 1011 1037">
    <p class='ocr_par' dir='ltr' id='par_1_21' title="bbox 189 999 1011 1037">
     <span class='ocr_line' id='line_1_21' title="bbox 189 999 1011 1037; baseline 0.004 -10"><span class='ocrx_word' id='word_1_146' title='bbox 189 999 383 1037; x_wconf 79' lang='lat' dir='ltr'><strong>eleemosyna,</strong></span> <span class='ocrx_word' id='word_1_147' title='bbox 407 1003 489 1036; x_wconf 84' lang='lat' dir='ltr'><strong>quasi</strong></span> <span class='ocrx_word' id='word_1_148' title='bbox 516 1003 571 1031; x_wconf 89' lang='lat' dir='ltr'>mel</span> <span class='ocrx_word' id='word_1_149' title='bbox 593 1011 628 1031; x_wconf 81' lang='lat' dir='ltr'><strong>ex</strong></span> <span class='ocrx_word' id='word_1_150' title='bbox 652 1012 700 1031; x_wconf 89' lang='lat' dir='ltr'>ore</span> <span class='ocrx_word' id='word_1_151' title='bbox 714 1003 891 1036; x_wconf 86' lang='lat' dir='ltr'><strong>devorantis,</strong></span> <span class='ocrx_word' id='word_1_152' title='bbox 906 1010 1011 1030; x_wconf 89' lang='lat' dir='ltr'><strong>secun-</strong></span> 
     </span>
    </p>
   </div>
   <div class='ocr_carea' id='block_1_22' title="bbox 189 1044 1011 1084">
    <p class='ocr_par' dir='ltr' id='par_1_22' title="bbox 189 1044 1011 1084">
     <span class='ocr_line' id='line_1_22' title="bbox 189 1044 1011 1084; baseline 0.005 -13"><span class='ocrx_word' id='word_1_153' title='bbox 189 1044 260 1072; x_wconf 91' lang='lat' dir='ltr'>dum</span> <span class='ocrx_word' id='word_1_154' title='bbox 275 1046 452 1082; x_wconf 78' lang='lat' dir='ltr'><strong>Scripturss,</strong></span> <span class='ocrx_word' id='word_1_155' title='bbox 469 1053 579 1083; x_wconf 84' lang='lat' dir='ltr'><strong>quanto</strong></span> <span class='ocrx_word' id='word_1_156' title='bbox 603 1048 697 1084; x_wconf 81' lang='lat' dir='ltr'><strong>magis</strong></span> <span class='ocrx_word' id='word_1_157' title='bbox 713 1056 747 1076; x_wconf 83' lang='lat' dir='ltr'><strong>ex</strong></span> <span class='ocrx_word' id='word_1_158' title='bbox 762 1047 932 1076; x_wconf 87' lang='lat' dir='ltr'><strong>hominibus</strong></span> <span class='ocrx_word' id='word_1_159' title='bbox 949 1046 1011 1083; x_wconf 85' lang='lat' dir='ltr'><strong>lege</strong></span> 
     </span>
    </p>
   </div>
   <div class='ocr_carea' id='block_1_23' title="bbox 190 1088 1012 1162">
    <p class='ocr_par' dir='ltr' id='par_1_23' title="bbox 190 1088 1012 1162">
     <span class='ocr_line' id='line_1_23' title="bbox 190 1088 1012 1162; baseline 0.005 -46"><span class='ocrx_word' id='word_1_160' title='bbox 190 1088 289 1162; x_wconf 50' lang='lat' dir='ltr'><strong>digna</strong></span> <span class='ocrx_word' id='word_1_161' title='bbox 301 1091 429 1126; x_wconf 79' lang='lat' dir='ltr'><strong>directis,</strong></span> <span class='ocrx_word' id='word_1_162' title='bbox 445 1094 474 1120; x_wconf 88' lang='lat' dir='ltr'>et</span> <span class='ocrx_word' id='word_1_163' title='bbox 488 1095 598 1128; x_wconf 82' lang='lat' dir='ltr'><strong>quanto</strong></span> <span class='ocrx_word' id='word_1_164' title='bbox 614 1094 710 1129; x_wconf 81' lang='lat' dir='ltr'><strong>majus</strong></span> <span class='ocrx_word' id='word_1_165' title='bbox 727 1093 805 1121; x_wconf 89' lang='lat' dir='ltr'><strong>idem</strong></span> <span class='ocrx_word' id='word_1_166' title='bbox 821 1092 931 1120; x_wconf 89' lang='lat' dir='ltr'><strong>bonum</strong></span> <span class='ocrx_word' id='word_1_167' title='bbox 946 1099 1012 1128; x_wconf 89' lang='lat' dir='ltr'><strong>pro-</strong></span> 
     </span>
     <span class='ocr_line' id='line_1_24' title="bbox 190 1135 296 1162; baseline 0.009 -1"><span class='ocrx_word' id='word_1_168' title='bbox 190 1142 220 1162; x_wconf 89' lang='lat' dir='ltr'>ce</span> <span class='ocrx_word' id='word_1_169' title='bbox 244 1135 296 1162; x_wconf 82' lang='lat' dir='ltr'><strong>et?</strong></span> 
     </span>
    </p>
   </div>
   <div class='ocr_carea' id='block_1_24' title="bbox 190 1135 296 1162">
    <p class='ocr_par' dir='ltr' id='par_1_24' title="bbox 190 1135 296 1162">
     <span class='ocr_line' id='line_1_25' title="bbox 190 1135 296 1162; baseline 0.009 -1"><span class='ocrx_word' id='word_1_170' title='bbox 190 1135 272 1162; x_wconf 86' lang='lat' dir='ltr'><strong>cedet</strong></span> <span class='ocrx_word' id='word_1_171' title='bbox 282 1135 296 1162; x_wconf 76' lang='lat' dir='ltr'>‘I</span> 
     </span>
    </p>
   </div>
   <div class='ocr_carea' id='block_1_25' title="bbox 1103 329 1901 371">
    <p class='ocr_par' dir='ltr' id='par_1_25' title="bbox 1103 329 1901 371">
     <span class='ocr_line' id='line_1_26' title="bbox 1103 329 1901 371; baseline -0.006 -10"><span class='ocrx_word' id='word_1_172' title='bbox 1103 333 1154 367; x_wconf 63' lang='lat'>011&#39;.</span> <span class='ocrx_word' id='word_1_173' title='bbox 1184 332 1293 371; x_wconf 83' lang='grc' dir='ltr'>Ὀδηγιῖ</span> <span class='ocrx_word' id='word_1_174' title='bbox 1318 331 1347 360; x_wconf 75' lang='grc' dir='ltr'>δὲ</span> <span class='ocrx_word' id='word_1_175' title='bbox 1376 333 1390 360; x_wconf 83' lang='grc' dir='ltr'>ὁ</span> <span class='ocrx_word' id='word_1_176' title='bbox 1404 332 1484 364; x_wconf 80' lang='grc' dir='ltr'>αὐτὸς</span> <span class='ocrx_word' id='word_1_177' title='bbox 1505 332 1548 360; x_wconf 74' lang='grc' dir='ltr'>καὶ</span> <span class='ocrx_word' id='word_1_178' title='bbox 1566 331 1684 369; x_wconf 85' lang='grc' dir='ltr'>κόρακας</span> <span class='ocrx_word' id='word_1_179' title='bbox 1702 329 1742 361; x_wconf 70' lang='grc' dir='ltr'>εἷς</span> <span class='ocrx_word' id='word_1_180' title='bbox 1758 329 1901 368; x_wconf 74' lang='grc' dir='ltr'>χορηγίαν</span> 
     </span>
    </p>
   </div>
   <div class='ocr_carea' id='block_1_26' title="bbox 1068 372 1904 416">
    <p class='ocr_par' dir='ltr' id='par_1_26' title="bbox 1068 372 1904 416">
     <span class='ocr_line' id='line_1_27' title="bbox 1068 372 1904 416; baseline -0.004 -13"><span class='ocrx_word' id='word_1_181' title='bbox 1068 380 1172 415; x_wconf 70' lang='grc' dir='ltr'>τροφῆς</span> <span class='ocrx_word' id='word_1_182' title='bbox 1187 380 1239 405; x_wconf 82' lang='grc' dir='ltr'>τῶν</span> <span class='ocrx_word' id='word_1_183' title='bbox 1257 377 1328 405; x_wconf 76' lang='grc' dir='ltr'>οὕτω</span> <span class='ocrx_word' id='word_1_184' title='bbox 1355 377 1556 416; x_wconf 77' lang='grc' dir='ltr'>θεραπευόντων</span> <span class='ocrx_word' id='word_1_185' title='bbox 1586 375 1676 409; x_wconf 72' lang='grc' dir='ltr'>αὐτὸν,</span> <span class='ocrx_word' id='word_1_186' title='bbox 1708 373 1834 404; x_wconf 69' lang='grc' dir='ltr'>οὕστινας</span> <span class='ocrx_word' id='word_1_187' title='bbox 1867 372 1904 408; x_wconf 75' lang='grc' dir='ltr'><strong>δὴ</strong></span> 
     </span>
    </p>
   </div>
   <div class='ocr_carea' id='block_1_27' title="bbox 1069 418 1905 460">
    <p class='ocr_par' dir='ltr' id='par_1_27' title="bbox 1069 418 1905 460">
     <span class='ocr_line' id='line_1_28' title="bbox 1069 418 1905 460; baseline -0.004 -13"><span class='ocrx_word' id='word_1_188' title='bbox 1069 421 1180 453; x_wconf 79' lang='grc' dir='ltr'>τούτους</span> <span class='ocrx_word' id='word_1_189' title='bbox 1206 421 1343 460; x_wconf 81' lang='grc' dir='ltr'>λογιστέον</span> <span class='ocrx_word' id='word_1_190' title='bbox 1373 422 1509 460; x_wconf 81' lang='grc' dir='ltr'>κόρακας·</span> <span class='ocrx_word' id='word_1_191' title='bbox 1540 421 1571 448; x_wconf 84' lang='grc' dir='ltr'>τὸ</span> <span class='ocrx_word' id='word_1_192' title='bbox 1600 420 1648 457; x_wconf 81' lang='grc' dir='ltr'>μὶν</span> <span class='ocrx_word' id='word_1_193' title='bbox 1676 418 1905 458; x_wconf 69' lang='grc' dir='ltr'>προφαινόμενον</span> 
     </span>
    </p>
   </div>
   <div class='ocr_carea' id='block_1_28' title="bbox 1069 462 1904 504">
    <p class='ocr_par' dir='ltr' id='par_1_28' title="bbox 1069 462 1904 504">
     <span class='ocr_line' id='line_1_29' title="bbox 1069 462 1904 504; baseline -0.004 -12"><span class='ocrx_word' id='word_1_194' title='bbox 1069 465 1113 492; x_wconf 83' lang='grc' dir='ltr'>καὶ</span> <span class='ocrx_word' id='word_1_195' title='bbox 1147 467 1358 504; x_wconf 76' lang='grc' dir='ltr'>ἱστορούμενον,</span> <span class='ocrx_word' id='word_1_196' title='bbox 1388 466 1451 498; x_wconf 73' lang='grc' dir='ltr'>τοὺς</span> <span class='ocrx_word' id='word_1_197' title='bbox 1480 465 1586 503; x_wconf 83' lang='grc' dir='ltr'>ἀερίους</span> <span class='ocrx_word' id='word_1_198' title='bbox 1613 463 1658 492; x_wconf 76' lang='grc' dir='ltr'>διὰ</span> <span class='ocrx_word' id='word_1_199' title='bbox 1690 464 1722 491; x_wconf 87' lang='grc' dir='ltr'>τὸ</span> <span class='ocrx_word' id='word_1_200' title='bbox 1751 462 1904 498; x_wconf 65' lang='grc' dir='ltr'>πτητικά-δ·</span> 
     </span>
    </p>
   </div>
   <div class='ocr_carea' id='block_1_29' title="bbox 1068 506 1906 550">
    <p class='ocr_par' dir='ltr' id='par_1_29' title="bbox 1068 506 1906 550">
     <span class='ocr_line' id='line_1_30' title="bbox 1068 506 1906 550; baseline -0.005 -13"><span class='ocrx_word' id='word_1_201' title='bbox 1068 509 1123 546; x_wconf 73' lang='grc' dir='ltr'>ἤδη</span> <span class='ocrx_word' id='word_1_202' title='bbox 1155 510 1183 539; x_wconf 79' lang='grc' dir='ltr'>δὲ</span> <span class='ocrx_word' id='word_1_203' title='bbox 1208 511 1252 539; x_wconf 79' lang='grc' dir='ltr'>καὶ</span> <span class='ocrx_word' id='word_1_204' title='bbox 1278 511 1342 544; x_wconf 77' lang='grc' dir='ltr'>τοὺς</span> <span class='ocrx_word' id='word_1_205' title='bbox 1371 510 1522 550; x_wconf 83' lang='grc' dir='ltr'>περιγιίους</span> <span class='ocrx_word' id='word_1_206' title='bbox 1540 521 1546 527; x_wconf 90' lang='grc'>·</span> <span class='ocrx_word' id='word_1_207' title='bbox 1577 508 1603 538; x_wconf 77' lang='grc' dir='ltr'>εἷ’</span> <span class='ocrx_word' id='word_1_208' title='bbox 1628 520 1658 547; x_wconf 89' lang='grc' dir='ltr'>γε</span> <span class='ocrx_word' id='word_1_209' title='bbox 1686 506 1814 539; x_wconf 84' lang='grc' dir='ltr'>πολλοὺς</span> <span class='ocrx_word' id='word_1_210' title='bbox 1842 509 1906 534; x_wconf 77' lang='grc' dir='ltr'>τῶν</span> 
     </span>
    </p>
   </div>
   <div class='ocr_carea' id='block_1_30' title="bbox 1067 552 1906 594">
    <p class='ocr_par' dir='ltr' id='par_1_30' title="bbox 1067 552 1906 594">
     <span class='ocr_line' id='line_1_31' title="bbox 1067 552 1906 594; baseline -0.005 -12"><span class='ocrx_word' id='word_1_211' title='bbox 1067 555 1238 593; x_wconf 74' lang='grc' dir='ltr'>ἀσκουμένων</span> <span class='ocrx_word' id='word_1_212' title='bbox 1273 558 1300 584; x_wconf 78' lang='grc' dir='ltr'>οἱ</span> <span class='ocrx_word' id='word_1_213' title='bbox 1327 557 1452 594; x_wconf 84' lang='grc' dir='ltr'>πειραταὶ</span> <span class='ocrx_word' id='word_1_214' title='bbox 1480 556 1569 588; x_wconf 79' lang='grc' dir='ltr'>θεόθεν</span> <span class='ocrx_word' id='word_1_215' title='bbox 1601 553 1814 589; x_wconf 81' lang='grc' dir='ltr'>ὑποκινούμενοι</span> <span class='ocrx_word' id='word_1_216' title='bbox 1837 552 1906 589; x_wconf 74' lang='grc' dir='ltr'>τρέ-</span> 
     </span>
    </p>
   </div>
   <div class='ocr_carea' id='block_1_31' title="bbox 1068 597 1906 640">
    <p class='ocr_par' dir='ltr' id='par_1_31' title="bbox 1068 597 1906 640">
     <span class='ocr_line' id='line_1_32' title="bbox 1068 597 1906 640; baseline -0.008 -10"><span class='ocrx_word' id='word_1_217' title='bbox 1068 611 1173 640; x_wconf 81' lang='grc' dir='ltr'>φουσιν,</span> <span class='ocrx_word' id='word_1_218' title='bbox 1203 602 1267 630; x_wconf 77' lang='grc' dir='ltr'>ὡσεὶ</span> <span class='ocrx_word' id='word_1_219' title='bbox 1295 602 1340 630; x_wconf 76' lang='grc' dir='ltr'>καὶ</span> <span class='ocrx_word' id='word_1_220' title='bbox 1362 602 1441 630; x_wconf 84' lang='grc' dir='ltr'>λύκοι</span> <span class='ocrx_word' id='word_1_221' title='bbox 1469 600 1515 629; x_wconf 73' lang='grc' dir='ltr'>διὰ</span> <span class='ocrx_word' id='word_1_222' title='bbox 1543 601 1668 638; x_wconf 75' lang='grc' dir='ltr'>ἁρπαγῆς</span> <span class='ocrx_word' id='word_1_223' title='bbox 1697 598 1801 636; x_wconf 80' lang='grc' dir='ltr'>ἀρνίων</span> <span class='ocrx_word' id='word_1_224' title='bbox 1820 608 1827 614; x_wconf 87' lang='grc'>·</span> <span class='ocrx_word' id='word_1_225' title='bbox 1854 597 1906 624; x_wconf 71' lang='grc' dir='ltr'>καί</span> 
     </span>
    </p>
   </div>
   <div class='ocr_carea' id='block_1_32' title="bbox 1067 641 1902 684">
    <p class='ocr_par' dir='ltr' id='par_1_32' title="bbox 1067 641 1902 684">
     <span class='ocr_line' id='line_1_33' title="bbox 1067 641 1902 684; baseline -0.001 -11"><span class='ocrx_word' id='word_1_226' title='bbox 1067 656 1119 673; x_wconf 87' lang='grc' dir='ltr'>που</span> <span class='ocrx_word' id='word_1_227' title='bbox 1143 647 1187 674; x_wconf 80' lang='grc' dir='ltr'>καὶ</span> <span class='ocrx_word' id='word_1_228' title='bbox 1213 650 1378 684; x_wconf 78' lang='grc' dir='ltr'>πρηκτῆρες,</span> <span class='ocrx_word' id='word_1_229' title='bbox 1406 645 1453 677; x_wconf 74' lang='grc' dir='ltr'>οὕς</span> <span class='ocrx_word' id='word_1_230' title='bbox 1480 647 1496 680; x_wconf 85' lang='grc' dir='ltr'><strong>ἡ</strong></span> <span class='ocrx_word' id='word_1_231' title='bbox 1522 645 1674 683; x_wconf 76' lang='grc' dir='ltr'>ἁρπακτική</span> <span class='ocrx_word' id='word_1_232' title='bbox 1703 642 1827 680; x_wconf 77' lang='grc' dir='ltr'>βορότης</span> <span class='ocrx_word' id='word_1_233' title='bbox 1853 641 1902 679; x_wconf 77' lang='grc' dir='ltr'>ἐγ-</span> 
     </span>
    </p>
   </div>
   <div class='ocr_carea' id='block_1_33' title="bbox 1066 687 1901 730">
    <p class='ocr_par' dir='ltr' id='par_1_33' title="bbox 1066 687 1901 730">
     <span class='ocr_line' id='line_1_34' title="bbox 1066 687 1901 730; baseline -0.007 -12"><span class='ocrx_word' id='word_1_234' title='bbox 1066 691 1161 730; x_wconf 80' lang='grc' dir='ltr'>γράφει</span> <span class='ocrx_word' id='word_1_235' title='bbox 1177 691 1214 722; x_wconf 85' lang='grc' dir='ltr'>ὦς</span> <span class='ocrx_word' id='word_1_236' title='bbox 1237 691 1274 723; x_wconf 57' lang='grc' dir='ltr'>εἵς</span> <span class='ocrx_word' id='word_1_237' title='bbox 1295 692 1423 729; x_wconf 86' lang='grc' dir='ltr'>κόρακας,</span> <span class='ocrx_word' id='word_1_238' title='bbox 1453 692 1521 719; x_wconf 84' lang='grc' dir='ltr'>Θεοῦ</span> <span class='ocrx_word' id='word_1_239' title='bbox 1536 690 1581 718; x_wconf 78' lang='grc' dir='ltr'>καὶ</span> <span class='ocrx_word' id='word_1_240' title='bbox 1610 691 1689 716; x_wconf 80' lang='grc' dir='ltr'>τοῦτο</span> <span class='ocrx_word' id='word_1_241' title='bbox 1715 687 1901 722; x_wconf 72' lang='grc' dir='ltr'>οἰκονομοῦν-</span> 
     </span>
    </p>
   </div>
   <div class='ocr_carea' id='block_1_34' title="bbox 1065 730 1898 774">
    <p class='ocr_par' dir='ltr' id='par_1_34' title="bbox 1065 730 1898 774">
     <span class='ocr_line' id='line_1_35' title="bbox 1065 730 1898 774; baseline -0.011 -8"><span class='ocrx_word' id='word_1_242' title='bbox 1065 745 1111 766; x_wconf 76' lang='grc' dir='ltr'>τος</span> <span class='ocrx_word' id='word_1_243' title='bbox 1139 736 1176 768; x_wconf 63' lang='grc' dir='ltr'>εἵς</span> <span class='ocrx_word' id='word_1_244' title='bbox 1204 737 1314 774; x_wconf 81' lang='grc' dir='ltr'>ἀγαθόν⁴</span> <span class='ocrx_word' id='word_1_245' title='bbox 1340 735 1387 764; x_wconf 81' lang='grc' dir='ltr'>’ίνα</span> <span class='ocrx_word' id='word_1_246' title='bbox 1410 735 1456 764; x_wconf 82' lang='grc' dir='ltr'>καὶ</span> <span class='ocrx_word' id='word_1_247' title='bbox 1473 735 1499 763; x_wconf 76' lang='grc' dir='ltr'>οἱ</span> <span class='ocrx_word' id='word_1_248' title='bbox 1528 734 1624 764; x_wconf 77' lang='grc' dir='ltr'>αὐτοὺς</span> <span class='ocrx_word' id='word_1_249' title='bbox 1650 731 1769 767; x_wconf 73' lang='grc' dir='ltr'>ἀσκηταὶ</span> <span class='ocrx_word' id='word_1_250' title='bbox 1796 730 1898 758; x_wconf 80' lang='grc' dir='ltr'>ἄπόνον</span> 
     </span>
    </p>
   </div>
   <div class='ocr_carea' id='block_1_35' title="bbox 1066 775 1900 821">
    <p class='ocr_par' dir='ltr' id='par_1_35' title="bbox 1066 775 1900 821">
     <span class='ocr_line' id='line_1_36' title="bbox 1066 775 1900 821; baseline 0.004 -14"><span class='ocrx_word' id='word_1_251' title='bbox 1066 781 1110 807; x_wconf 77' lang='grc' dir='ltr'>καὶ</span> <span class='ocrx_word' id='word_1_252' title='bbox 1137 781 1237 817; x_wconf 83' lang='grc' dir='ltr'>ταύτην</span> <span class='ocrx_word' id='word_1_253' title='bbox 1264 783 1367 821; x_wconf 74' lang='grc' dir='ltr'>τροφὴν</span> <span class='ocrx_word' id='word_1_254' title='bbox 1384 781 1487 818; x_wconf 77' lang='grc' dir='ltr'>ἀγαθὴν</span> <span class='ocrx_word' id='word_1_255' title='bbox 1515 777 1616 817; x_wconf 73' lang='grc' dir='ltr'>ἔχοιεν,</span> <span class='ocrx_word' id='word_1_256' title='bbox 1646 778 1683 809; x_wconf 82' lang='grc' dir='ltr'>ὦς</span> <span class='ocrx_word' id='word_1_257' title='bbox 1711 777 1756 804; x_wconf 72' lang='grc' dir='ltr'>οἷα</span> <span class='ocrx_word' id='word_1_258' title='bbox 1785 775 1814 810; x_wconf 61' lang='grc' dir='ltr'>ἒξ</span> <span class='ocrx_word' id='word_1_259' title='bbox 1835 775 1900 802; x_wconf 67' lang='grc' dir='ltr'>ἀνα·</span> 
     </span>
    </p>
   </div>
   <div class='ocr_carea' id='block_1_36' title="bbox 1067 821 1898 864">
    <p class='ocr_par' dir='ltr' id='par_1_36' title="bbox 1067 821 1898 864">
     <span class='ocr_line' id='line_1_37' title="bbox 1067 821 1898 864; baseline -0.006 -13"><span class='ocrx_word' id='word_1_260' title='bbox 1067 825 1129 860; x_wconf 83' lang='grc' dir='ltr'>ξίων</span> <span class='ocrx_word' id='word_1_261' title='bbox 1147 826 1220 862; x_wconf 75' lang='grc' dir='ltr'>ἀξίαν</span> <span class='ocrx_word' id='word_1_262' title='bbox 1248 826 1424 864; x_wconf 66' lang='grc' dir='ltr'>ἐξαγομένην,</span> <span class='ocrx_word' id='word_1_263' title='bbox 1454 824 1498 852; x_wconf 79' lang='grc' dir='ltr'>καὶ</span> <span class='ocrx_word' id='word_1_264' title='bbox 1528 825 1553 851; x_wconf 71' lang='grc' dir='ltr'>οἳ</span> <span class='ocrx_word' id='word_1_265' title='bbox 1580 821 1770 860; x_wconf 73' lang='grc' dir='ltr'>μεταδιδόντες</span> <span class='ocrx_word' id='word_1_266' title='bbox 1799 821 1898 857; x_wconf 81' lang='grc' dir='ltr'>ἀγαθο-</span> 
     </span>
    </p>
   </div>
   <div class='ocr_carea' id='block_1_37' title="bbox 1066 864 1896 910">
    <p class='ocr_par' dir='ltr' id='par_1_37' title="bbox 1066 864 1896 910">
     <span class='ocr_line' id='line_1_38' title="bbox 1066 864 1896 910; baseline -0.007 -14"><span class='ocrx_word' id='word_1_267' title='bbox 1066 873 1195 908; x_wconf 79' lang='grc' dir='ltr'>πραγοῖεν</span> <span class='ocrx_word' id='word_1_268' title='bbox 1223 871 1262 910; x_wconf 77' lang='grc' dir='ltr'>ἐφ’</span> <span class='ocrx_word' id='word_1_269' title='bbox 1278 871 1438 906; x_wconf 81' lang='grc' dir='ltr'>ὁποσονοῦν,</span> <span class='ocrx_word' id='word_1_270' title='bbox 1466 868 1542 896; x_wconf 81' lang='grc' dir='ltr'>αὐτοί</span> <span class='ocrx_word' id='word_1_271' title='bbox 1571 879 1600 895; x_wconf 92' lang='grc' dir='ltr'>τε</span> <span class='ocrx_word' id='word_1_272' title='bbox 1625 865 1799 910; x_wconf 64' lang='grc' dir='ltr'>μεμνημένοι</span> <span class='ocrx_word' id='word_1_273' title='bbox 1817 864 1896 910; x_wconf 53' lang='grc' dir='ltr'>ἄλειπ-</span> 
     </span>
    </p>
   </div>
   <div class='ocr_carea' id='block_1_38' title="bbox 1069 909 1894 952">
    <p class='ocr_par' dir='ltr' id='par_1_38' title="bbox 1069 909 1894 952">
     <span class='ocr_line' id='line_1_39' title="bbox 1069 909 1894 952; baseline -0.012 -9"><span class='ocrx_word' id='word_1_274' title='bbox 1069 913 1198 950; x_wconf 84' lang='grc' dir='ltr'>μοσύνης.</span> <span class='ocrx_word' id='word_1_275' title='bbox 1215 909 1250 941; x_wconf 49' lang='lat'>8?</span> <span class='ocrx_word' id='word_1_276' title='bbox 1275 915 1305 949; x_wconf 84' lang='grc' dir='ltr'>ἣν</span> <span class='ocrx_word' id='word_1_277' title='bbox 1335 913 1396 952; x_wconf 68' lang='grc' dir='ltr'>ἔχοι</span> <span class='ocrx_word' id='word_1_278' title='bbox 1426 912 1456 940; x_wconf 70' lang='grc' dir='ltr'>ἂν</span> <span class='ocrx_word' id='word_1_279' title='bbox 1486 911 1579 948; x_wconf 80' lang='grc' dir='ltr'>Θλίψιν</span> <span class='ocrx_word' id='word_1_280' title='bbox 1596 912 1610 938; x_wconf 88' lang='grc' dir='ltr'>ὁ</span> <span class='ocrx_word' id='word_1_281' title='bbox 1638 909 1737 941; x_wconf 71' lang='grc' dir='ltr'>αὐτοὺς</span> <span class='ocrx_word' id='word_1_282' title='bbox 1756 909 1894 936; x_wconf 75' lang='grc' dir='ltr'>ὑποκινῶν</span> 
     </span>
    </p>
   </div>
   <div class='ocr_carea' id='block_1_39' title="bbox 1067 953 1895 996">
    <p class='ocr_par' dir='ltr' id='par_1_39' title="bbox 1067 953 1895 996">
     <span class='ocr_line' id='line_1_40' title="bbox 1067 953 1895 996; baseline -0.008 -11"><span class='ocrx_word' id='word_1_283' title='bbox 1067 956 1182 994; x_wconf 82' lang='grc' dir='ltr'>δαίμων,</span> <span class='ocrx_word' id='word_1_284' title='bbox 1212 958 1320 996; x_wconf 82' lang='grc' dir='ltr'>βλέπων</span> <span class='ocrx_word' id='word_1_285' title='bbox 1350 958 1376 986; x_wconf 70' lang='grc' dir='ltr'>ἰν</span> <span class='ocrx_word' id='word_1_286' title='bbox 1415 957 1506 988; x_wconf 78' lang='grc' dir='ltr'>αὐτοῖς</span> <span class='ocrx_word' id='word_1_287' title='bbox 1533 955 1696 992; x_wconf 74' lang='grc' dir='ltr'>ἐμπύρευμα</span> <span class='ocrx_word' id='word_1_288' title='bbox 1723 953 1895 990; x_wconf 69' lang='grc' dir='ltr'>θερμότητος</span> 
     </span>
    </p>
   </div>
   <div class='ocr_carea' id='block_1_40' title="bbox 1067 998 1893 1040">
    <p class='ocr_par' dir='ltr' id='par_1_40' title="bbox 1067 998 1893 1040">
     <span class='ocr_line' id='line_1_41' title="bbox 1067 998 1893 1040; baseline -0.013 -6"><span class='ocrx_word' id='word_1_289' title='bbox 1067 1003 1180 1040; x_wconf 73' lang='grc' dir='ltr'>ἀγαθῆς,</span> <span class='ocrx_word' id='word_1_290' title='bbox 1210 1003 1254 1031; x_wconf 83' lang='grc' dir='ltr'>καὶ</span> <span class='ocrx_word' id='word_1_291' title='bbox 1284 1003 1362 1031; x_wconf 79' lang='grc' dir='ltr'>αὐτοὶ</span> <span class='ocrx_word' id='word_1_292' title='bbox 1392 1001 1421 1030; x_wconf 74' lang='grc' dir='ltr'>δὲ</span> <span class='ocrx_word' id='word_1_293' title='bbox 1449 1003 1487 1039; x_wconf 80' lang='grc' dir='ltr'>μὴ</span> <span class='ocrx_word' id='word_1_294' title='bbox 1516 999 1656 1031; x_wconf 75' lang='grc' dir='ltr'>παντελῶς</span> <span class='ocrx_word' id='word_1_295' title='bbox 1676 998 1893 1030; x_wconf 71' lang='grc' dir='ltr'>ὲκλανθάνωνιαι</span> 
     </span>
    </p>
   </div>
   <div class='ocr_carea' id='block_1_41' title="bbox 1065 1040 1895 1084">
    <p class='ocr_par' dir='ltr' id='par_1_41' title="bbox 1065 1040 1895 1084">
     <span class='ocr_line' id='line_1_42' title="bbox 1065 1040 1895 1084; baseline -0.01 -9"><span class='ocrx_word' id='word_1_296' title='bbox 1065 1049 1113 1074; x_wconf 77' lang='grc' dir='ltr'>τοῦ</span> <span class='ocrx_word' id='word_1_297' title='bbox 1139 1047 1190 1075; x_wconf 77' lang='grc' dir='ltr'>ὐπὸ</span> <span class='ocrx_word' id='word_1_298' title='bbox 1213 1047 1270 1084; x_wconf 86' lang='grc' dir='ltr'>Θεῷ</span> <span class='ocrx_word' id='word_1_299' title='bbox 1299 1049 1377 1075; x_wconf 75' lang='grc' dir='ltr'>εἶναι’</span> <span class='ocrx_word' id='word_1_300' title='bbox 1405 1046 1449 1074; x_wconf 81' lang='grc' dir='ltr'>καί</span> <span class='ocrx_word' id='word_1_301' title='bbox 1470 1045 1515 1073; x_wconf 70' lang='grc' dir='ltr'>ἵνα</span> <span class='ocrx_word' id='word_1_302' title='bbox 1541 1044 1569 1073; x_wconf 71' lang='grc' dir='ltr'>δὲ</span> <span class='ocrx_word' id='word_1_303' title='bbox 1579 1047 1619 1080; x_wconf 78' lang='grc' dir='ltr'>τῷ</span> <span class='ocrx_word' id='word_1_304' title='bbox 1632 1043 1729 1081; x_wconf 86' lang='grc' dir='ltr'>τρόπῳ</span> <span class='ocrx_word' id='word_1_305' title='bbox 1743 1042 1838 1078; x_wconf 85' lang='grc' dir='ltr'>τούτῳ</span> <span class='ocrx_word' id='word_1_306' title='bbox 1853 1040 1895 1068; x_wconf 84' lang='grc' dir='ltr'>καὶ</span> 
     </span>
    </p>
   </div>
   <div class='ocr_carea' id='block_1_42' title="bbox 1066 1085 1894 1131">
    <p class='ocr_par' dir='ltr' id='par_1_42' title="bbox 1066 1085 1894 1131">
     <span class='ocr_line' id='line_1_43' title="bbox 1066 1085 1894 1131; baseline -0.011 -10"><span class='ocrx_word' id='word_1_307' title='bbox 1066 1090 1148 1120; x_wconf 69' lang='grc' dir='ltr'>ἄλλοι</span> <span class='ocrx_word' id='word_1_308' title='bbox 1177 1092 1246 1131; x_wconf 83' lang='grc' dir='ltr'>πρὸς</span> <span class='ocrx_word' id='word_1_309' title='bbox 1275 1091 1372 1129; x_wconf 75' lang='grc' dir='ltr'>ὅμοιον</span> <span class='ocrx_word' id='word_1_310' title='bbox 1389 1090 1616 1129; x_wconf 70' lang='grc' dir='ltr'>ἓκθερμαίνωνται</span> <span class='ocrx_word' id='word_1_311' title='bbox 1634 1087 1717 1123; x_wconf 80' lang='grc' dir='ltr'>ζῆλος</span> <span class='ocrx_word' id='word_1_312' title='bbox 1732 1089 1783 1131; x_wconf 80' lang='grc' dir='ltr'>τοῦ</span> <span class='ocrx_word' id='word_1_313' title='bbox 1797 1085 1894 1113; x_wconf 72' lang='grc' dir='ltr'>ἐλεεῖν.</span> 
     </span>
    </p>
   </div>
   <div class='ocr_carea' id='block_1_43' title="bbox 1068 1130 1896 1174">
    <p class='ocr_par' dir='ltr' id='par_1_43' title="bbox 1068 1130 1896 1174">
     <span class='ocr_line' id='line_1_44' title="bbox 1068 1130 1896 1174; baseline -0.01 -9"><span class='ocrx_word' id='word_1_314' title='bbox 1068 1136 1098 1165; x_wconf 82' lang='grc' dir='ltr'>Εἰ</span> <span class='ocrx_word' id='word_1_315' title='bbox 1122 1137 1173 1174; x_wconf 81' lang='grc' dir='ltr'>γὰρ</span> <span class='ocrx_word' id='word_1_316' title='bbox 1187 1136 1217 1164; x_wconf 75' lang='grc' dir='ltr'>έκ</span> <span class='ocrx_word' id='word_1_317' title='bbox 1241 1137 1368 1165; x_wconf 83' lang='grc' dir='ltr'>τοιούτου</span> <span class='ocrx_word' id='word_1_318' title='bbox 1391 1135 1475 1171; x_wconf 72' lang='grc' dir='ltr'>ἤθους</span> <span class='ocrx_word' id='word_1_319' title='bbox 1490 1136 1534 1163; x_wconf 80' lang='grc' dir='ltr'>καὶ</span> <span class='ocrx_word' id='word_1_320' title='bbox 1554 1135 1616 1172; x_wconf 85' lang='grc' dir='ltr'>βίου</span> <span class='ocrx_word' id='word_1_321' title='bbox 1631 1133 1766 1170; x_wconf 83' lang='grc' dir='ltr'>θηριακοῦ</span> <span class='ocrx_word' id='word_1_322' title='bbox 1776 1130 1896 1166; x_wconf 73' lang='grc' dir='ltr'>ἐλεημο-</span> 
     </span>
    </p>
   </div>
   <div class='ocr_carea' id='block_1_44' title="bbox 190 1174 1897 1220">
    <p class='ocr_par' dir='ltr' id='par_1_44' title="bbox 190 1174 1897 1220">
     <span class='ocr_line' id='line_1_45' title="bbox 190 1174 1897 1220; baseline -0.002 -16"><span class='ocrx_word' id='word_1_323' title='bbox 190 1177 255 1213; x_wconf 85' lang='grc' dir='ltr'>σύνη</span> <span class='ocrx_word' id='word_1_324' title='bbox 273 1189 406 1217; x_wconf 85' lang='grc' dir='ltr'>προεισιν,</span> <span class='ocrx_word' id='word_1_325' title='bbox 423 1181 460 1212; x_wconf 90' lang='grc' dir='ltr'>ὡς</span> <span class='ocrx_word' id='word_1_326' title='bbox 476 1181 506 1208; x_wconf 73' lang='grc' dir='ltr'>ἂν</span> <span class='ocrx_word' id='word_1_327' title='bbox 524 1182 547 1209; x_wconf 70' lang='grc' dir='ltr'>εἴ</span> <span class='ocrx_word' id='word_1_328' title='bbox 562 1181 606 1209; x_wconf 87' lang='grc' dir='ltr'>καὶ</span> <span class='ocrx_word' id='word_1_329' title='bbox 622 1182 648 1218; x_wconf 77' lang='grc' dir='ltr'>ἐξ</span> <span class='ocrx_word' id='word_1_330' title='bbox 664 1179 788 1213; x_wconf 78' lang='grc' dir='ltr'>ἔσθοντας</span> <span class='ocrx_word' id='word_1_331' title='bbox 805 1180 880 1219; x_wconf 81' lang='grc' dir='ltr'>μέλι,</span> <span class='ocrx_word' id='word_1_332' title='bbox 896 1181 927 1208; x_wconf 90' lang='grc' dir='ltr'>τὸ</span> <span class='ocrx_word' id='word_1_333' title='bbox 939 1181 1081 1220; x_wconf 79' lang='grc' dir='ltr'>γραφικόν·</span> <span class='ocrx_word' id='word_1_334' title='bbox 1097 1181 1174 1218; x_wconf 90' lang='grc' dir='ltr'>πόσῳ</span> <span class='ocrx_word' id='word_1_335' title='bbox 1191 1180 1309 1218; x_wconf 85' lang='grc' dir='ltr'>μάλιστα</span> <span class='ocrx_word' id='word_1_336' title='bbox 1323 1180 1353 1208; x_wconf 75' lang='grc' dir='ltr'>ἰκ</span> <span class='ocrx_word' id='word_1_337' title='bbox 1366 1183 1420 1208; x_wconf 88' lang='grc' dir='ltr'>τῶν</span> <span class='ocrx_word' id='word_1_338' title='bbox 1436 1179 1511 1218; x_wconf 89' lang='grc' dir='ltr'>λόγῳ</span> <span class='ocrx_word' id='word_1_339' title='bbox 1526 1177 1590 1215; x_wconf 76' lang='grc' dir='ltr'>θείῳ</span> <span class='ocrx_word' id='word_1_340' title='bbox 1614 1176 1828 1213; x_wconf 71' lang='grc' dir='ltr'>διοικουμένων,</span> <span class='ocrx_word' id='word_1_341' title='bbox 1854 1174 1897 1201; x_wconf 73' lang='grc' dir='ltr'>καὶ</span> 
     </span>
    </p>
   </div>
   <div class='ocr_carea' id='block_1_45' title="bbox 188 1223 789 1264">
    <p class='ocr_par' dir='ltr' id='par_1_45' title="bbox 188 1223 789 1264">
     <span class='ocr_line' id='line_1_46' title="bbox 188 1223 789 1264; baseline 0.01 -15"><span class='ocrx_word' id='word_1_342' title='bbox 188 1223 346 1252; x_wconf 85' lang='grc' dir='ltr'>ποσαπλοῦν</span> <span class='ocrx_word' id='word_1_343' title='bbox 362 1226 393 1252; x_wconf 86' lang='grc' dir='ltr'>τὸ</span> <span class='ocrx_word' id='word_1_344' title='bbox 409 1225 473 1254; x_wconf 79' lang='grc' dir='ltr'>αὖτό</span> <span class='ocrx_word' id='word_1_345' title='bbox 490 1226 588 1264; x_wconf 84' lang='grc' dir='ltr'>ἀγαθὸν</span> <span class='ocrx_word' id='word_1_346' title='bbox 605 1226 789 1262; x_wconf 76' lang='grc' dir='ltr'>ἐξελεύσεται;</span> 
     </span>
    </p>
   </div>
   <div class='ocr_carea' id='block_1_46' title="bbox 223 1279 1013 1317">
    <p class='ocr_par' dir='ltr' id='par_1_46' title="bbox 223 1279 1013 1317">
     <span class='ocr_line' id='line_1_47' title="bbox 223 1279 1013 1317; baseline 0.003 -12"><span class='ocrx_word' id='word_1_347' title='bbox 223 1279 267 1306; x_wconf 87' lang='grc'>79.</span> <span class='ocrx_word' id='word_1_348' title='bbox 282 1280 329 1307; x_wconf 86' lang='lat' dir='ltr'><strong>Sic</strong></span> <span class='ocrx_word' id='word_1_349' title='bbox 352 1289 418 1317; x_wconf 79' lang='lat' dir='ltr'><strong>ergo</strong></span> <span class='ocrx_word' id='word_1_350' title='bbox 443 1282 501 1310; x_wconf 91' lang='lat' dir='ltr'><strong>Deo</strong></span> <span class='ocrx_word' id='word_1_351' title='bbox 525 1283 648 1310; x_wconf 78' lang='lat' dir='ltr'><strong>ducents</strong></span> <span class='ocrx_word' id='word_1_352' title='bbox 671 1285 700 1311; x_wconf 89' lang='lat' dir='ltr'>et</span> <span class='ocrx_word' id='word_1_353' title='bbox 721 1291 738 1310; x_wconf 89' lang='lat' dir='ltr'>a</span> <span class='ocrx_word' id='word_1_354' title='bbox 764 1282 858 1310; x_wconf 85' lang='lat' dir='ltr'><strong>corvis</strong></span> <span class='ocrx_word' id='word_1_355' title='bbox 882 1280 1013 1308; x_wconf 83' lang='lat' dir='ltr'><strong>illustres</strong></span> 
     </span>
    </p>
   </div>
   <div class='ocr_carea' id='block_1_47' title="bbox 188 1325 1010 1362">
    <p class='ocr_par' dir='ltr' id='par_1_47' title="bbox 188 1325 1010 1362">
     <span class='ocr_line' id='line_1_48' title="bbox 188 1325 1010 1362; baseline 0.001 -10"><span class='ocrx_word' id='word_1_356' title='bbox 188 1325 237 1352; x_wconf 85' lang='lat' dir='ltr'><strong>Dei</strong></span> <span class='ocrx_word' id='word_1_357' title='bbox 252 1326 387 1354; x_wconf 79' lang='lat' dir='ltr'><strong>monachi</strong></span> <span class='ocrx_word' id='word_1_358' title='bbox 401 1327 600 1356; x_wconf 77' lang='lat' dir='ltr'><strong>enutriuntur.</strong></span> <span class='ocrx_word' id='word_1_359' title='bbox 620 1327 649 1354; x_wconf 85' lang='lat' dir='ltr'><strong>Si</strong></span> <span class='ocrx_word' id='word_1_360' title='bbox 670 1329 768 1355; x_wconf 80' lang='lat' dir='ltr'><strong>autem</strong></span> <span class='ocrx_word' id='word_1_361' title='bbox 798 1335 885 1362; x_wconf 87' lang='lat' dir='ltr'><strong>quem</strong></span> <span class='ocrx_word' id='word_1_362' title='bbox 915 1326 1010 1354; x_wconf 89' lang='lat' dir='ltr'><strong>cibum</strong></span> 
     </span>
    </p>
   </div>
   <div class='ocr_carea' id='block_1_48' title="bbox 189 1369 1012 1407">
    <p class='ocr_par' dir='ltr' id='par_1_48' title="bbox 189 1369 1012 1407">
     <span class='ocr_line' id='line_1_49' title="bbox 189 1369 1012 1407; baseline 0.001 -11"><span class='ocrx_word' id='word_1_363' title='bbox 189 1369 268 1397; x_wconf 91' lang='lat' dir='ltr'><strong>domi</strong></span> <span class='ocrx_word' id='word_1_364' title='bbox 281 1378 384 1406; x_wconf 82' lang='lat' dir='ltr'><strong>parare</strong></span> <span class='ocrx_word' id='word_1_365' title='bbox 400 1371 511 1405; x_wconf 86' lang='lat' dir='ltr'><strong>volunt,</strong></span> <span class='ocrx_word' id='word_1_366' title='bbox 526 1380 613 1407; x_wconf 79' lang='lat' dir='ltr'><strong>parva</strong></span> <span class='ocrx_word' id='word_1_367' title='bbox 633 1380 704 1400; x_wconf 76' lang='lat' dir='ltr'><strong>cura</strong></span> <span class='ocrx_word' id='word_1_368' title='bbox 727 1372 762 1399; x_wconf 87' lang='lat' dir='ltr'>de</span> <span class='ocrx_word' id='word_1_369' title='bbox 785 1374 863 1399; x_wconf 84' lang='lat' dir='ltr'><strong>terra</strong></span> <span class='ocrx_word' id='word_1_370' title='bbox 885 1373 929 1398; x_wconf 82' lang='lat' dir='ltr'>est</span> <span class='ocrx_word' id='word_1_371' title='bbox 954 1369 1012 1398; x_wconf 87' lang='lat' dir='ltr'><strong>illis</strong></span> 
     </span>
    </p>
   </div>
   <div class='ocr_carea' id='block_1_49' title="bbox 189 1415 1012 1452">
    <p class='ocr_par' dir='ltr' id='par_1_49' title="bbox 189 1415 1012 1452">
     <span class='ocr_line' id='line_1_50' title="bbox 189 1415 1012 1452; baseline 0.001 -11"><span class='ocrx_word' id='word_1_372' title='bbox 189 1415 295 1450; x_wconf 90' lang='lat' dir='ltr'><strong>(neque</strong></span> <span class='ocrx_word' id='word_1_373' title='bbox 319 1416 395 1444; x_wconf 89' lang='lat' dir='ltr'><strong>enim</strong></span> <span class='ocrx_word' id='word_1_374' title='bbox 428 1424 491 1444; x_wconf 85' lang='lat' dir='ltr'>eum</span> <span class='ocrx_word' id='word_1_375' title='bbox 513 1417 645 1451; x_wconf 85' lang='lat' dir='ltr'><strong>turbant,</strong></span> <span class='ocrx_word' id='word_1_376' title='bbox 676 1416 772 1444; x_wconf 84' lang='lat' dir='ltr'><strong>lautas</strong></span> <span class='ocrx_word' id='word_1_377' title='bbox 801 1415 903 1452; x_wconf 80' lang='lat' dir='ltr'><strong>epulas</strong></span> <span class='ocrx_word' id='word_1_378' title='bbox 933 1423 1012 1450; x_wconf 73' lang='lat' dir='ltr'><strong>quaa-</strong></span> 
     </span>
    </p>
   </div>
   <div class='ocr_carea' id='block_1_50' title="bbox 188 1459 1012 1497">
    <p class='ocr_par' dir='ltr' id='par_1_50' title="bbox 188 1459 1012 1497">
     <span class='ocr_line' id='line_1_51' title="bbox 188 1459 1012 1497; baseline 0.001 -11"><span class='ocrx_word' id='word_1_379' title='bbox 188 1462 295 1493; x_wconf 84' lang='lat' dir='ltr'><strong>rentee,</strong></span> <span class='ocrx_word' id='word_1_380' title='bbox 313 1459 390 1488; x_wconf 84' lang='lat' dir='ltr'><strong>sicut</strong></span> <span class='ocrx_word' id='word_1_381' title='bbox 404 1461 455 1497; x_wconf 87' lang='lat' dir='ltr'>qui</span> <span class='ocrx_word' id='word_1_382' title='bbox 470 1469 487 1488; x_wconf 88' lang='lat' dir='ltr'>a</span> <span class='ocrx_word' id='word_1_383' title='bbox 503 1463 595 1489; x_wconf 87' lang='lat' dir='ltr'><strong>matre</strong></span> <span class='ocrx_word' id='word_1_384' title='bbox 616 1460 776 1495; x_wconf 81' lang='lat' dir='ltr'><strong>luctantur)</strong></span> <span class='ocrx_word' id='word_1_385' title='bbox 796 1469 802 1494; x_wconf 88' lang='lat'><strong>;</strong></span> <span class='ocrx_word' id='word_1_386' title='bbox 833 1461 883 1488; x_wconf 88' lang='lat' dir='ltr'>sed</span> <span class='ocrx_word' id='word_1_387' title='bbox 905 1460 1012 1487; x_wconf 82' lang='lat' dir='ltr'><strong>herbas</strong></span> 
     </span>
    </p>
   </div>
   <div class='ocr_carea' id='block_1_51' title="bbox 188 1503 1011 1541">
    <p class='ocr_par' dir='ltr' id='par_1_51' title="bbox 188 1503 1011 1541">
     <span class='ocr_line' id='line_1_52' title="bbox 188 1503 1011 1541; baseline 0 -10"><span class='ocrx_word' id='word_1_388' title='bbox 188 1511 251 1539; x_wconf 72' lang='lat' dir='ltr'><strong>qua:</strong></span> <span class='ocrx_word' id='word_1_389' title='bbox 268 1507 373 1540; x_wconf 89' lang='lat' dir='ltr'><strong>sponte</strong></span> <span class='ocrx_word' id='word_1_390' title='bbox 388 1505 564 1540; x_wconf 77' lang='lat' dir='ltr'><strong>germinant,</strong></span> <span class='ocrx_word' id='word_1_391' title='bbox 587 1504 769 1541; x_wconf 77' lang='lat' dir='ltr'><strong>evangelicae</strong></span> <span class='ocrx_word' id='word_1_392' title='bbox 793 1505 934 1537; x_wconf 81' lang='lat' dir='ltr'><strong>locustae,</strong></span> <span class='ocrx_word' id='word_1_393' title='bbox 951 1503 1011 1531; x_wconf 81' lang='lat' dir='ltr'><strong>fru-</strong></span> 
     </span>
    </p>
   </div>
   <div class='ocr_carea' id='block_1_52' title="bbox 188 1548 1008 1586">
    <p class='ocr_par' dir='ltr' id='par_1_52' title="bbox 188 1548 1008 1586">
     <span class='ocr_line' id='line_1_53' title="bbox 188 1548 1008 1586; baseline 0 -11"><span class='ocrx_word' id='word_1_394' title='bbox 188 1550 252 1576; x_wconf 83' lang='lat' dir='ltr'><strong>ctus</strong></span> <span class='ocrx_word' id='word_1_395' title='bbox 269 1549 370 1576; x_wconf 89' lang='lat' dir='ltr'><strong>obvios</strong></span> <span class='ocrx_word' id='word_1_396' title='bbox 386 1549 525 1577; x_wconf 87' lang='lat' dir='ltr'><strong>arborum</strong></span> <span class='ocrx_word' id='word_1_397' title='bbox 541 1549 692 1586; x_wconf 83' lang='lat' dir='ltr'><strong>colligunt,</strong></span> <span class='ocrx_word' id='word_1_398' title='bbox 708 1551 879 1585; x_wconf 66' lang='lat' dir='ltr'><strong>naturaque</strong></span> <span class='ocrx_word' id='word_1_399' title='bbox 899 1548 1008 1577; x_wconf 83' lang='lat' dir='ltr'><strong>benefi-</strong></span> 
     </span>
    </p>
   </div>
   <div class='ocr_carea' id='block_1_53' title="bbox 188 1592 405 1621">
    <p class='ocr_par' dir='ltr' id='par_1_53' title="bbox 188 1592 405 1621">
     <span class='ocr_line' id='line_1_54' title="bbox 188 1592 405 1621; baseline 0.009 -2"><span class='ocrx_word' id='word_1_400' title='bbox 188 1592 241 1621; x_wconf 85' lang='lat' dir='ltr'><strong>ciis</strong></span> <span class='ocrx_word' id='word_1_401' title='bbox 256 1593 405 1621; x_wconf 88' lang='lat' dir='ltr'><strong>fruuntur.</strong></span> 
     </span>
    </p>
   </div>
   <div class='ocr_carea' id='block_1_54' title="bbox 224 1683 1010 1722">
    <p class='ocr_par' dir='ltr' id='par_1_54' title="bbox 224 1683 1010 1722">
     <span class='ocr_line' id='line_1_55' title="bbox 224 1683 1010 1722; baseline 0.001 -12"><span class='ocrx_word' id='word_1_402' title='bbox 224 1684 268 1711; x_wconf 93' lang='lat'>80.</span> <span class='ocrx_word' id='word_1_403' title='bbox 284 1683 468 1720; x_wconf 70' lang='lat' dir='ltr'><strong>Quaecunque</strong></span> <span class='ocrx_word' id='word_1_404' title='bbox 490 1686 588 1712; x_wconf 87' lang='lat' dir='ltr'><strong>autem</strong></span> <span class='ocrx_word' id='word_1_405' title='bbox 604 1684 737 1713; x_wconf 84' lang='lat' dir='ltr'><strong>homines</strong></span> <span class='ocrx_word' id='word_1_406' title='bbox 759 1684 828 1712; x_wconf 88' lang='lat' dir='ltr'><strong>boni</strong></span> <span class='ocrx_word' id='word_1_407' title='bbox 850 1684 879 1712; x_wconf 88' lang='lat' dir='ltr'>in</span> <span class='ocrx_word' id='word_1_408' title='bbox 900 1684 1010 1722; x_wconf 77' lang='lat' dir='ltr'><strong>mundo</strong></span> 
     </span>
    </p>
   </div>
   <div class='ocr_carea' id='block_1_55' title="bbox 187 1727 1012 1766">
    <p class='ocr_par' dir='ltr' id='par_1_55' title="bbox 187 1727 1012 1766">
     <span class='ocr_line' id='line_1_56' title="bbox 187 1727 1012 1766; baseline 0 -11"><span class='ocrx_word' id='word_1_409' title='bbox 187 1727 217 1756; x_wconf 88' lang='lat' dir='ltr'>in</span> <span class='ocrx_word' id='word_1_410' title='bbox 233 1727 300 1756; x_wconf 90' lang='lat' dir='ltr'><strong>illos</strong></span> <span class='ocrx_word' id='word_1_411' title='bbox 324 1730 438 1764; x_wconf 84' lang='lat' dir='ltr'><strong>parent,</strong></span> <span class='ocrx_word' id='word_1_412' title='bbox 455 1737 486 1756; x_wconf 91' lang='lat' dir='ltr'>se</span> <span class='ocrx_word' id='word_1_413' title='bbox 508 1729 633 1758; x_wconf 83' lang='lat' dir='ltr'><strong>invicem</strong></span> <span class='ocrx_word' id='word_1_414' title='bbox 657 1729 686 1756; x_wconf 90' lang='lat' dir='ltr'>in</span> <span class='ocrx_word' id='word_1_415' title='bbox 712 1729 821 1757; x_wconf 90' lang='lat' dir='ltr'><strong>bonum</strong></span> <span class='ocrx_word' id='word_1_416' title='bbox 844 1728 1012 1766; x_wconf 82' lang='lat' dir='ltr'><strong>incitantes,</strong></span> 
     </span>
    </p>
   </div>
   <div class='ocr_carea' id='block_1_56' title="bbox 189 1773 1014 1809">
    <p class='ocr_par' dir='ltr' id='par_1_56' title="bbox 189 1773 1014 1809">
     <span class='ocr_line' id='line_1_57' title="bbox 189 1773 1014 1809; baseline -0.001 -9"><span class='ocrx_word' id='word_1_417' title='bbox 189 1773 259 1808; x_wconf 90' lang='lat' dir='ltr'><strong>quid</strong></span> <span class='ocrx_word' id='word_1_418' title='bbox 280 1773 376 1801; x_wconf 83' lang='lat' dir='ltr'><strong>dicere</strong></span> <span class='ocrx_word' id='word_1_419' title='bbox 399 1773 525 1809; x_wconf 82' lang='lat' dir='ltr'><strong>expedit,</strong></span> <span class='ocrx_word' id='word_1_420' title='bbox 550 1782 616 1801; x_wconf 87' lang='lat' dir='ltr'>cum</span> <span class='ocrx_word' id='word_1_421' title='bbox 636 1774 696 1801; x_wconf 88' lang='lat' dir='ltr'><strong>sint</strong></span> <span class='ocrx_word' id='word_1_422' title='bbox 711 1773 848 1801; x_wconf 88' lang='lat' dir='ltr'><strong>omnibus</strong></span> <span class='ocrx_word' id='word_1_423' title='bbox 864 1775 943 1806; x_wconf 86' lang='lat' dir='ltr'><strong>nota,</strong></span> <span class='ocrx_word' id='word_1_424' title='bbox 960 1780 1014 1800; x_wconf 87' lang='lat' dir='ltr'>nec</span> 
     </span>
    </p>
   </div>
   <div class='ocr_carea' id='block_1_57' title="bbox 190 1817 1013 1854">
    <p class='ocr_par' dir='ltr' id='par_1_57' title="bbox 190 1817 1013 1854">
     <span class='ocr_line' id='line_1_58' title="bbox 190 1817 1013 1854; baseline 0 -10"><span class='ocrx_word' id='word_1_425' title='bbox 190 1817 330 1845; x_wconf 82' lang='lat' dir='ltr'><strong>relatione</strong></span> <span class='ocrx_word' id='word_1_426' title='bbox 345 1817 517 1854; x_wconf 81' lang='lat' dir='ltr'><strong>indigeant?</strong></span> <span class='ocrx_word' id='word_1_427' title='bbox 537 1819 577 1846; x_wconf 78' lang='lat' dir='ltr'><strong>Ab</strong></span> <span class='ocrx_word' id='word_1_428' title='bbox 591 1818 649 1846; x_wconf 88' lang='lat' dir='ltr'><strong>illis</strong></span> <span class='ocrx_word' id='word_1_429' title='bbox 664 1818 744 1846; x_wconf 87' lang='lat' dir='ltr'><strong>enim</strong></span> <span class='ocrx_word' id='word_1_430' title='bbox 765 1818 836 1846; x_wconf 76' lang='lat' dir='ltr'><strong>adeo</strong></span> <span class='ocrx_word' id='word_1_431' title='bbox 853 1817 1013 1853; x_wconf 86' lang='lat' dir='ltr'><strong>replentur,</strong></span> 
     </span>
    </p>
   </div>
   <div class='ocr_carea' id='block_1_58' title="bbox 192 1861 1013 1898">
    <p class='ocr_par' dir='ltr' id='par_1_58' title="bbox 192 1861 1013 1898">
     <span class='ocr_line' id='line_1_59' title="bbox 192 1861 1013 1898; baseline 0 -10"><span class='ocrx_word' id='word_1_432' title='bbox 192 1863 224 1888; x_wconf 91' lang='lat' dir='ltr'>ut</span> <span class='ocrx_word' id='word_1_433' title='bbox 239 1861 345 1890; x_wconf 79' lang='lat' dir='ltr'><strong>alteros</strong></span> <span class='ocrx_word' id='word_1_434' title='bbox 360 1862 546 1898; x_wconf 86' lang='lat' dir='ltr'><strong>adjuvent,ut</strong></span> <span class='ocrx_word' id='word_1_435' title='bbox 560 1862 665 1890; x_wconf 83' lang='lat' dir='ltr'><strong>horrea</strong></span> <span class='ocrx_word' id='word_1_436' title='bbox 673 1871 728 1890; x_wconf 81' lang='lat' dir='ltr'>sua</span> <span class='ocrx_word' id='word_1_437' title='bbox 742 1862 772 1890; x_wconf 90' lang='lat' dir='ltr'>in</span> <span class='ocrx_word' id='word_1_438' title='bbox 788 1864 906 1890; x_wconf 75' lang='lat' dir='ltr'><strong>caeteros</strong></span> <span class='ocrx_word' id='word_1_439' title='bbox 920 1862 1013 1889; x_wconf 81' lang='lat' dir='ltr'><strong>eﬂ&#39;un-</strong></span> 
     </span>
    </p>
   </div>
   <div class='ocr_carea' id='block_1_59' title="bbox 1027 1709 1049 1742">
    <p class='ocr_par' dir='ltr' id='par_1_59' title="bbox 1027 1709 1049 1742">
     <span class='ocr_line' id='line_1_60' title="bbox 1027 1709 1049 1742; baseline 0 0"><span class='ocrx_word' id='word_1_440' title='bbox 1027 1709 1049 1742; x_wconf 72' lang='grc' dir='ltr'><strong>(Ξ</strong></span> 
     </span>
    </p>
   </div>
   <div class='ocr_carea' id='block_1_60' title="bbox 193 1905 1013 1942">
    <p class='ocr_par' dir='ltr' id='par_1_60' title="bbox 193 1905 1013 1942">
     <span class='ocr_line' id='line_1_61' title="bbox 193 1905 1013 1942; baseline 0.002 -11"><span class='ocrx_word' id='word_1_441' title='bbox 193 1905 273 1939; x_wconf 84' lang='lat' dir='ltr'><strong>dant,</strong></span> <span class='ocrx_word' id='word_1_442' title='bbox 289 1914 324 1932; x_wconf 87' lang='lat' dir='ltr'><strong>ex</strong></span> <span class='ocrx_word' id='word_1_443' title='bbox 339 1906 519 1934; x_wconf 83' lang='lat' dir='ltr'><strong>abundantia</strong></span> <span class='ocrx_word' id='word_1_444' title='bbox 534 1907 597 1935; x_wconf 88' lang='lat' dir='ltr'><strong>sine</strong></span> <span class='ocrx_word' id='word_1_445' title='bbox 612 1906 722 1940; x_wconf 81' lang='lat' dir='ltr'><strong>labore,</strong></span> <span class='ocrx_word' id='word_1_446' title='bbox 733 1915 751 1934; x_wconf 84' lang='grc' dir='ltr'>ιι</span> <span class='ocrx_word' id='word_1_447' title='bbox 762 1909 818 1935; x_wconf 88' lang='lat' dir='ltr'><strong>Deo</strong></span> <span class='ocrx_word' id='word_1_448' title='bbox 834 1907 1013 1942; x_wconf 81' lang='lat' dir='ltr'><strong>comparata,</strong></span> 
     </span>
    </p>
   </div>
   <div class='ocr_carea' id='block_1_61' title="bbox 192 1949 1011 1987">
    <p class='ocr_par' dir='ltr' id='par_1_61' title="bbox 192 1949 1011 1987">
     <span class='ocr_line' id='line_1_62' title="bbox 192 1949 1011 1987; baseline 0.004 -12"><span class='ocrx_word' id='word_1_449' title='bbox 192 1957 245 1976; x_wconf 85' lang='lat' dir='ltr'>nec</span> <span class='ocrx_word' id='word_1_450' title='bbox 261 1949 354 1985; x_wconf 83' lang='lat' dir='ltr'><strong>cultis,</strong></span> <span class='ocrx_word' id='word_1_451' title='bbox 371 1958 424 1978; x_wconf 88' lang='lat' dir='ltr'>nec</span> <span class='ocrx_word' id='word_1_452' title='bbox 450 1951 571 1979; x_wconf 86' lang='lat' dir='ltr'><strong>consitis</strong></span> <span class='ocrx_word' id='word_1_453' title='bbox 595 1952 684 1987; x_wconf 80' lang='lat' dir='ltr'><strong>agris,</strong></span> <span class='ocrx_word' id='word_1_454' title='bbox 700 1951 776 1979; x_wconf 84' lang='lat' dir='ltr'><strong>sicut</strong></span> <span class='ocrx_word' id='word_1_455' title='bbox 799 1951 908 1979; x_wconf 91' lang='lat' dir='ltr'><strong>bonum</strong></span> <span class='ocrx_word' id='word_1_456' title='bbox 932 1951 1011 1979; x_wconf 92' lang='lat' dir='ltr'><strong>istud</strong></span> 
     </span>
    </p>
   </div>
   <div class='ocr_carea' id='block_1_62' title="bbox 193 1994 1012 2032">
    <p class='ocr_par' dir='ltr' id='par_1_62' title="bbox 193 1994 1012 2032">
     <span class='ocr_line' id='line_1_63' title="bbox 193 1994 1012 2032; baseline 0.004 -11"><span class='ocrx_word' id='word_1_457' title='bbox 193 2001 302 2022; x_wconf 80' lang='lat' dir='ltr'><strong>manna</strong></span> <span class='ocrx_word' id='word_1_458' title='bbox 325 1994 429 2030; x_wconf 86' lang='lat' dir='ltr'><strong>pluens</strong></span> <span class='ocrx_word' id='word_1_459' title='bbox 456 1996 491 2024; x_wconf 90' lang='lat' dir='ltr'>de</span> <span class='ocrx_word' id='word_1_460' title='bbox 506 1995 587 2032; x_wconf 83' lang='lat' dir='ltr'><strong>coelo,</strong></span> <span class='ocrx_word' id='word_1_461' title='bbox 617 1999 646 2024; x_wconf 90' lang='lat' dir='ltr'>et</span> <span class='ocrx_word' id='word_1_462' title='bbox 665 2004 751 2024; x_wconf 90' lang='lat' dir='ltr'><strong>omne</strong></span> <span class='ocrx_word' id='word_1_463' title='bbox 765 1997 1012 2024; x_wconf 86' lang='lat' dir='ltr'><strong>delectamentum</strong></span> 
     </span>
    </p>
   </div>
   <div class='ocr_carea' id='block_1_63' title="bbox 192 2039 1012 2077">
    <p class='ocr_par' dir='ltr' id='par_1_63' title="bbox 192 2039 1012 2077">
     <span class='ocr_line' id='line_1_64' title="bbox 192 2039 1012 2077; baseline 0.002 -11"><span class='ocrx_word' id='word_1_464' title='bbox 192 2039 303 2067; x_wconf 87' lang='lat' dir='ltr'><strong>mensis</strong></span> <span class='ocrx_word' id='word_1_465' title='bbox 329 2039 462 2074; x_wconf 83' lang='lat' dir='ltr'><strong>aﬂ‘erens,</strong></span> <span class='ocrx_word' id='word_1_466' title='bbox 480 2043 624 2076; x_wconf 84' lang='lat' dir='ltr'><strong>quantum</strong></span> <span class='ocrx_word' id='word_1_467' title='bbox 645 2041 723 2070; x_wconf 87' lang='lat' dir='ltr'><strong>Deus</strong></span> <span class='ocrx_word' id='word_1_468' title='bbox 743 2041 897 2074; x_wconf 88' lang='lat' dir='ltr'><strong>benedicit,</strong></span> <span class='ocrx_word' id='word_1_469' title='bbox 917 2049 1012 2077; x_wconf 85' lang='lat' dir='ltr'><strong>quan-</strong></span> 
     </span>
    </p>
   </div>
   <div class='ocr_carea' id='block_1_64' title="bbox 189 2085 767 2122">
    <p class='ocr_par' dir='ltr' id='par_1_64' title="bbox 189 2085 767 2122">
     <span class='ocr_line' id='line_1_65' title="bbox 189 2085 767 2122; baseline 0.007 -11"><span class='ocrx_word' id='word_1_470' title='bbox 189 2085 252 2112; x_wconf 87' lang='lat' dir='ltr'>tum</span> <span class='ocrx_word' id='word_1_471' title='bbox 267 2085 338 2113; x_wconf 77' lang='lat' dir='ltr'><strong>satis</strong></span> <span class='ocrx_word' id='word_1_472' title='bbox 351 2086 380 2113; x_wconf 87' lang='lat' dir='ltr'>et</span> <span class='ocrx_word' id='word_1_473' title='bbox 394 2085 462 2121; x_wconf 85' lang='lat' dir='ltr'><strong>plus</strong></span> <span class='ocrx_word' id='word_1_474' title='bbox 476 2094 565 2122; x_wconf 80' lang='lat' dir='ltr'><strong>quam</strong></span> <span class='ocrx_word' id='word_1_475' title='bbox 582 2095 699 2115; x_wconf 82' lang='lat' dir='ltr'><strong>necesse</strong></span> <span class='ocrx_word' id='word_1_476' title='bbox 713 2089 767 2115; x_wconf 85' lang='lat' dir='ltr'><strong>est.</strong></span> 
     </span>
    </p>
   </div>
   <div class='ocr_carea' id='block_1_65' title="bbox 223 2219 1013 2257">
    <p class='ocr_par' dir='ltr' id='par_1_65' title="bbox 223 2219 1013 2257">
     <span class='ocr_line' id='line_1_66' title="bbox 223 2219 1013 2257; baseline 0.001 -10"><span class='ocrx_word' id='word_1_477' title='bbox 223 2219 268 2247; x_wconf 82' lang='lat'>81.</span> <span class='ocrx_word' id='word_1_478' title='bbox 289 2219 343 2248; x_wconf 92' lang='lat' dir='ltr'><strong>Ubi</strong></span> <span class='ocrx_word' id='word_1_479' title='bbox 366 2220 428 2256; x_wconf 83' lang='lat' dir='ltr'><strong>jam</strong></span> <span class='ocrx_word' id='word_1_480' title='bbox 449 2221 527 2257; x_wconf 82' lang='lat' dir='ltr'><strong>apud</strong></span> <span class='ocrx_word' id='word_1_481' title='bbox 553 2221 687 2250; x_wconf 87' lang='lat' dir='ltr'><strong>homines</strong></span> <span class='ocrx_word' id='word_1_482' title='bbox 712 2221 755 2249; x_wconf 88' lang='lat' dir='ltr'>sic</span> <span class='ocrx_word' id='word_1_483' title='bbox 780 2223 900 2257; x_wconf 80' lang='lat' dir='ltr'><strong>agentes</strong></span> <span class='ocrx_word' id='word_1_484' title='bbox 925 2220 1013 2249; x_wconf 91' lang='lat' dir='ltr'><strong>vesti-</strong></span> 
     </span>
    </p>
   </div>
   <div class='ocr_carea' id='block_1_66' title="bbox 189 2264 1013 2302">
    <p class='ocr_par' dir='ltr' id='par_1_66' title="bbox 189 2264 1013 2302">
     <span class='ocr_line' id='line_1_67' title="bbox 189 2264 1013 2302; baseline 0.001 -10"><span class='ocrx_word' id='word_1_485' title='bbox 189 2264 271 2300; x_wconf 81' lang='lat' dir='ltr'><strong>gium</strong></span> <span class='ocrx_word' id='word_1_486' title='bbox 293 2265 413 2293; x_wconf 67' lang='lat' dir='ltr'><strong>malitis:</strong></span> <span class='ocrx_word' id='word_1_487' title='bbox 437 2273 525 2301; x_wconf 80' lang='lat' dir='ltr'><strong>quam</strong></span> <span class='ocrx_word' id='word_1_488' title='bbox 556 2267 754 2302; x_wconf 84' lang='lat' dir='ltr'><strong>ejuraverunt,</strong></span> <span class='ocrx_word' id='word_1_489' title='bbox 777 2266 854 2294; x_wconf 87' lang='lat' dir='ltr'><strong>sicut</strong></span> <span class='ocrx_word' id='word_1_490' title='bbox 876 2267 943 2294; x_wconf 85' lang='lat' dir='ltr'><strong>ante</strong></span> <span class='ocrx_word' id='word_1_491' title='bbox 967 2265 1013 2293; x_wconf 91' lang='lat' dir='ltr'><strong>di-</strong></span> 
     </span>
    </p>
   </div>
   <div class='ocr_carea' id='block_1_67' title="bbox 190 2310 1012 2348">
    <p class='ocr_par' dir='ltr' id='par_1_67' title="bbox 190 2310 1012 2348">
     <span class='ocr_line' id='line_1_68' title="bbox 190 2310 1012 2348; baseline 0.001 -11"><span class='ocrx_word' id='word_1_492' title='bbox 190 2312 269 2337; x_wconf 87' lang='lat' dir='ltr'><strong>ctum</strong></span> <span class='ocrx_word' id='word_1_493' title='bbox 285 2310 351 2338; x_wconf 84' lang='lat' dir='ltr'><strong>est?</strong></span> <span class='ocrx_word' id='word_1_494' title='bbox 368 2312 434 2342; x_wconf 64' lang='lat' dir='ltr'><strong>Quae</strong></span> <span class='ocrx_word' id='word_1_495' title='bbox 444 2311 527 2339; x_wconf 79' lang='lat' dir='ltr'><strong>deest</strong></span> <span class='ocrx_word' id='word_1_496' title='bbox 537 2311 572 2339; x_wconf 90' lang='lat' dir='ltr'>de</span> <span class='ocrx_word' id='word_1_497' title='bbox 581 2311 626 2340; x_wconf 90' lang='lat' dir='ltr'><strong>his</strong></span> <span class='ocrx_word' id='word_1_498' title='bbox 638 2312 806 2345; x_wconf 86' lang='lat' dir='ltr'><strong>virtutibus,</strong></span> <span class='ocrx_word' id='word_1_499' title='bbox 816 2320 889 2348; x_wconf 75' lang='lat' dir='ltr'><strong>quas</strong></span> <span class='ocrx_word' id='word_1_500' title='bbox 900 2311 954 2339; x_wconf 90' lang='lat' dir='ltr'><strong>soli</strong></span> <span class='ocrx_word' id='word_1_501' title='bbox 966 2311 1012 2338; x_wconf 90' lang='lat' dir='ltr'><strong>in-</strong></span> 
     </span>
    </p>
   </div>
   <div class='ocr_carea' id='block_1_68' title="bbox 188 2355 1013 2391">
    <p class='ocr_par' dir='ltr' id='par_1_68' title="bbox 188 2355 1013 2391">
     <span class='ocr_line' id='line_1_69' title="bbox 188 2355 1013 2391; baseline 0.002 -10"><span class='ocrx_word' id='word_1_502' title='bbox 188 2356 234 2381; x_wconf 83' lang='lat' dir='ltr'>ter</span> <span class='ocrx_word' id='word_1_503' title='bbox 248 2355 408 2383; x_wconf 79' lang='lat' dir='ltr'><strong>monachos</strong></span> <span class='ocrx_word' id='word_1_504' title='bbox 424 2355 626 2391; x_wconf 68' lang='lat' dir='ltr'><strong>prmtulerunt,</strong></span> <span class='ocrx_word' id='word_1_505' title='bbox 643 2356 750 2391; x_wconf 84' lang='lat' dir='ltr'><strong>quibus</strong></span> <span class='ocrx_word' id='word_1_506' title='bbox 763 2356 818 2384; x_wconf 90' lang='lat' dir='ltr'>hoc</span> <span class='ocrx_word' id='word_1_507' title='bbox 835 2356 957 2384; x_wconf 89' lang='lat' dir='ltr'><strong>verbum</strong></span> <span class='ocrx_word' id='word_1_508' title='bbox 972 2359 1013 2383; x_wconf 76' lang='lat' dir='ltr'>est</span> 
     </span>
    </p>
   </div>
   <div class='ocr_carea' id='block_1_69' title="bbox 189 2396 1049 2436">
    <p class='ocr_par' dir='ltr' id='par_1_69' title="bbox 189 2396 1049 2436">
     <span class='ocr_line' id='line_1_70' title="bbox 189 2396 1049 2436; baseline 0.002 -11"><span class='ocrx_word' id='word_1_509' title='bbox 189 2400 233 2425; x_wconf 85' lang='lat' dir='ltr'>est</span> <span class='ocrx_word' id='word_1_510' title='bbox 248 2399 403 2434; x_wconf 82' lang='lat' dir='ltr'><strong>signiﬁcat,</strong></span> <span class='ocrx_word' id='word_1_511' title='bbox 421 2401 529 2436; x_wconf 88' lang='lat' dir='ltr'><strong>quique</strong></span> <span class='ocrx_word' id='word_1_512' title='bbox 545 2400 623 2428; x_wconf 87' lang='lat' dir='ltr'><strong>istud</strong></span> <span class='ocrx_word' id='word_1_513' title='bbox 645 2408 701 2428; x_wconf 85' lang='lat' dir='ltr'>non</span> <span class='ocrx_word' id='word_1_514' title='bbox 724 2409 782 2428; x_wconf 75' lang='lat' dir='ltr'><strong>suae</strong></span> <span class='ocrx_word' id='word_1_515' title='bbox 804 2402 931 2428; x_wconf 66' lang='lat' dir='ltr'><strong>tonsuras</strong></span> <span class='ocrx_word' id='word_1_516' title='bbox 953 2408 1010 2427; x_wconf 91' lang='lat' dir='ltr'>non</span> <span class='ocrx_word' id='word_1_517' title='bbox 1026 2396 1049 2429; x_wconf 90' lang='lat' dir='ltr'><strong>D</strong></span> 
     </span>
    </p>
   </div>
   <div class='ocr_carea' id='block_1_70' title="bbox 189 2441 1009 2481">
    <p class='ocr_par' dir='ltr' id='par_1_70' title="bbox 189 2441 1009 2481">
     <span class='ocr_line' id='line_1_71' title="bbox 189 2441 1009 2481; baseline 0.005 -13"><span class='ocrx_word' id='word_1_518' title='bbox 189 2441 315 2470; x_wconf 84' lang='lat' dir='ltr'><strong>fallunt?</strong></span> <span class='ocrx_word' id='word_1_519' title='bbox 326 2445 410 2480; x_wconf 80' lang='lat' dir='ltr'><strong>Apud</strong></span> <span class='ocrx_word' id='word_1_520' title='bbox 421 2453 480 2480; x_wconf 89' lang='lat' dir='ltr'><strong>eos,</strong></span> <span class='ocrx_word' id='word_1_521' title='bbox 491 2447 519 2473; x_wconf 89' lang='lat' dir='ltr'>et</span> <span class='ocrx_word' id='word_1_522' title='bbox 530 2445 607 2481; x_wconf 87' lang='lat' dir='ltr'><strong>apud</strong></span> <span class='ocrx_word' id='word_1_523' title='bbox 620 2444 698 2473; x_wconf 85' lang='lat' dir='ltr'><strong>solos</strong></span> <span class='ocrx_word' id='word_1_524' title='bbox 713 2453 762 2473; x_wconf 88' lang='lat' dir='ltr'>eos</span> <span class='ocrx_word' id='word_1_525' title='bbox 778 2445 892 2472; x_wconf 80' lang='lat' dir='ltr'><strong>habitat</strong></span> <span class='ocrx_word' id='word_1_526' title='bbox 905 2444 1009 2480; x_wconf 90' lang='lat' dir='ltr'><strong>virtus,</strong></span> 
     </span>
    </p>
   </div>
   <div class='ocr_carea' id='block_1_71' title="bbox 190 2487 1009 2526">
    <p class='ocr_par' dir='ltr' id='par_1_71' title="bbox 190 2487 1009 2526">
     <span class='ocr_line' id='line_1_72' title="bbox 190 2487 1009 2526; baseline 0.004 -12"><span class='ocrx_word' id='word_1_527' title='bbox 190 2487 268 2522; x_wconf 86' lang='lat' dir='ltr'><strong>apud</strong></span> <span class='ocrx_word' id='word_1_528' title='bbox 283 2495 333 2516; x_wconf 87' lang='lat' dir='ltr'>eos</span> <span class='ocrx_word' id='word_1_529' title='bbox 348 2489 441 2517; x_wconf 87' lang='lat' dir='ltr'><strong>virtus</strong></span> <span class='ocrx_word' id='word_1_530' title='bbox 457 2490 505 2518; x_wconf 90' lang='lat' dir='ltr'><strong>Dei</strong></span> <span class='ocrx_word' id='word_1_531' title='bbox 528 2490 654 2526; x_wconf 80' lang='lat' dir='ltr'><strong>perfecte</strong></span> <span class='ocrx_word' id='word_1_532' title='bbox 670 2490 748 2526; x_wconf 80' lang='lat' dir='ltr'><strong>agit;</strong></span> <span class='ocrx_word' id='word_1_533' title='bbox 775 2489 830 2526; x_wconf 87' lang='lat' dir='ltr'><strong>ipsi</strong></span> <span class='ocrx_word' id='word_1_534' title='bbox 860 2489 1009 2517; x_wconf 87' lang='lat' dir='ltr'><strong>Christum</strong></span> 
     </span>
    </p>
   </div>
   <div class='ocr_carea' id='block_1_72' title="bbox 189 2531 1008 2570">
    <p class='ocr_par' dir='ltr' id='par_1_72' title="bbox 189 2531 1008 2570">
     <span class='ocr_line' id='line_1_73' title="bbox 189 2531 1008 2570; baseline 0.005 -12"><span class='ocrx_word' id='word_1_535' title='bbox 189 2531 375 2561; x_wconf 87' lang='lat' dir='ltr'><strong>invisibiliter</strong></span> <span class='ocrx_word' id='word_1_536' title='bbox 412 2537 567 2570; x_wconf 83' lang='lat' dir='ltr'><strong>astantem,</strong></span> <span class='ocrx_word' id='word_1_537' title='bbox 597 2534 673 2563; x_wconf 89' lang='lat' dir='ltr'><strong>sicut</strong></span> <span class='ocrx_word' id='word_1_538' title='bbox 710 2543 776 2562; x_wconf 91' lang='lat' dir='ltr'>cum</span> <span class='ocrx_word' id='word_1_539' title='bbox 806 2535 1008 2570; x_wconf 88' lang='lat' dir='ltr'><strong>tonderentur,</strong></span> 
     </span>
    </p>
   </div>
   <div class='ocr_carea' id='block_1_73' title="bbox 188 2576 1008 2615">
    <p class='ocr_par' dir='ltr' id='par_1_73' title="bbox 188 2576 1008 2615">
     <span class='ocr_line' id='line_1_74' title="bbox 188 2576 1008 2615; baseline 0.004 -11"><span class='ocrx_word' id='word_1_540' title='bbox 188 2576 230 2604; x_wconf 88' lang='lat' dir='ltr'>sic</span> <span class='ocrx_word' id='word_1_541' title='bbox 256 2577 285 2605; x_wconf 90' lang='lat' dir='ltr'>in</span> <span class='ocrx_word' id='word_1_542' title='bbox 312 2582 461 2614; x_wconf 80' lang='lat' dir='ltr'><strong>posterum</strong></span> <span class='ocrx_word' id='word_1_543' title='bbox 485 2579 647 2607; x_wconf 86' lang='lat' dir='ltr'><strong>intuentur.</strong></span> <span class='ocrx_word' id='word_1_544' title='bbox 673 2579 730 2615; x_wconf 89' lang='lat' dir='ltr'><strong>Ipsi</strong></span> <span class='ocrx_word' id='word_1_545' title='bbox 752 2580 951 2608; x_wconf 86' lang='lat' dir='ltr'><strong>meminerunt</strong></span> <span class='ocrx_word' id='word_1_546' title='bbox 972 2580 1008 2608; x_wconf 90' lang='lat' dir='ltr'>ad</span> 
     </span>
    </p>
   </div>
   <div class='ocr_carea' id='block_1_74' title="bbox 188 2625 1010 2662">
    <p class='ocr_par' dir='ltr' id='par_1_74' title="bbox 188 2625 1010 2662">
     <span class='ocr_line' id='line_1_75' title="bbox 188 2625 1010 2662; baseline 0.002 -11"><span class='ocrx_word' id='word_1_547' title='bbox 188 2630 276 2658; x_wconf 90' lang='lat' dir='ltr'><strong>quem</strong></span> <span class='ocrx_word' id='word_1_548' title='bbox 300 2627 498 2658; x_wconf 82' lang='lat' dir='ltr'><strong>accesserunt,</strong></span> <span class='ocrx_word' id='word_1_549' title='bbox 522 2625 569 2652; x_wconf 89' lang='lat' dir='ltr'>cui</span> <span class='ocrx_word' id='word_1_550' title='bbox 593 2625 651 2652; x_wconf 90' lang='lat' dir='ltr'><strong>sint</strong></span> <span class='ocrx_word' id='word_1_551' title='bbox 674 2625 805 2662; x_wconf 78' lang='lat' dir='ltr'><strong>ascripti,</strong></span> <span class='ocrx_word' id='word_1_552' title='bbox 829 2625 936 2660; x_wconf 88' lang='lat' dir='ltr'><strong>quibus</strong></span> <span class='ocrx_word' id='word_1_553' title='bbox 965 2633 1010 2653; x_wconf 88' lang='lat' dir='ltr'><strong>re-</strong></span> 
     </span>
    </p>
   </div>
   <div class='ocr_carea' id='block_1_75' title="bbox 188 2668 1009 2706">
    <p class='ocr_par' dir='ltr' id='par_1_75' title="bbox 188 2668 1009 2706">
     <span class='ocr_line' id='line_1_76' title="bbox 188 2668 1009 2706; baseline 0.004 -11"><span class='ocrx_word' id='word_1_554' title='bbox 188 2668 400 2696; x_wconf 88' lang='lat' dir='ltr'><strong>nuntiaverint.</strong></span> <span class='ocrx_word' id='word_1_555' title='bbox 417 2671 538 2704; x_wconf 80' lang='lat' dir='ltr'><strong>Horum,</strong></span> <span class='ocrx_word' id='word_1_556' title='bbox 561 2671 590 2697; x_wconf 88' lang='lat' dir='ltr'>et</span> <span class='ocrx_word' id='word_1_557' title='bbox 613 2669 718 2697; x_wconf 88' lang='lat' dir='ltr'><strong>horum</strong></span> <span class='ocrx_word' id='word_1_558' title='bbox 747 2670 833 2698; x_wconf 89' lang='lat' dir='ltr'><strong>modo</strong></span> <span class='ocrx_word' id='word_1_559' title='bbox 859 2670 1009 2706; x_wconf 87' lang='lat' dir='ltr'><strong>proprium</strong></span> 
     </span>
    </p>
   </div>
   <div class='ocr_carea' id='block_1_76' title="bbox 188 2713 1009 2751">
    <p class='ocr_par' dir='ltr' id='par_1_76' title="bbox 188 2713 1009 2751">
     <span class='ocr_line' id='line_1_77' title="bbox 188 2713 1009 2751; baseline 0.002 -10"><span class='ocrx_word' id='word_1_560' title='bbox 188 2715 234 2740; x_wconf 86' lang='lat' dir='ltr'>est</span> <span class='ocrx_word' id='word_1_561' title='bbox 249 2713 335 2742; x_wconf 79' lang='lat' dir='ltr'><strong>ﬁnem</strong></span> <span class='ocrx_word' id='word_1_562' title='bbox 348 2714 448 2751; x_wconf 82' lang='lat' dir='ltr'><strong>magni</strong></span> <span class='ocrx_word' id='word_1_563' title='bbox 459 2714 577 2742; x_wconf 80' lang='lat' dir='ltr'><strong>habitus</strong></span> <span class='ocrx_word' id='word_1_564' title='bbox 592 2715 681 2751; x_wconf 88' lang='lat' dir='ltr'><strong>digne</strong></span> <span class='ocrx_word' id='word_1_565' title='bbox 696 2715 825 2743; x_wconf 82' lang='lat' dir='ltr'><strong>oratione</strong></span> <span class='ocrx_word' id='word_1_566' title='bbox 836 2715 872 2743; x_wconf 86' lang='lat' dir='ltr'>ab</span> <span class='ocrx_word' id='word_1_567' title='bbox 880 2715 1009 2743; x_wconf 83' lang='lat' dir='ltr'><strong>Ecclesia</strong></span> 
     </span>
    </p>
   </div>
   <div class='ocr_carea' id='block_1_77' title="bbox 189 2759 1009 2796">
    <p class='ocr_par' dir='ltr' id='par_1_77' title="bbox 189 2759 1009 2796">
     <span class='ocr_line' id='line_1_78' title="bbox 189 2759 1009 2796; baseline 0.002 -10"><span class='ocrx_word' id='word_1_568' title='bbox 189 2765 278 2793; x_wconf 88' lang='lat' dir='ltr'><strong>super</strong></span> <span class='ocrx_word' id='word_1_569' title='bbox 301 2759 381 2795; x_wconf 88' lang='lat' dir='ltr'><strong>ipsos</strong></span> <span class='ocrx_word' id='word_1_570' title='bbox 408 2761 527 2794; x_wconf 82' lang='lat' dir='ltr'><strong>rectata,</strong></span> <span class='ocrx_word' id='word_1_571' title='bbox 565 2761 594 2787; x_wconf 88' lang='lat' dir='ltr'>et</span> <span class='ocrx_word' id='word_1_572' title='bbox 629 2759 923 2796; x_wconf 86' lang='lat' dir='ltr'><strong>irreprebensibiliter</strong></span> <span class='ocrx_word' id='word_1_573' title='bbox 957 2760 1009 2788; x_wconf 85' lang='lat' dir='ltr'><strong>ad-</strong></span> 
     </span>
    </p>
   </div>
   <div class='ocr_carea' id='block_1_78' title="bbox 189 2801 1009 2841">
    <p class='ocr_par' dir='ltr' id='par_1_78' title="bbox 189 2801 1009 2841">
     <span class='ocr_line' id='line_1_79' title="bbox 189 2801 1009 2841; baseline 0.005 -12"><span class='ocrx_word' id='word_1_574' title='bbox 189 2801 323 2837; x_wconf 81' lang='lat' dir='ltr'><strong>implere,</strong></span> <span class='ocrx_word' id='word_1_575' title='bbox 351 2806 436 2841; x_wconf 76' lang='lat' dir='ltr'><strong>atque</strong></span> <span class='ocrx_word' id='word_1_576' title='bbox 473 2804 521 2840; x_wconf 90' lang='lat' dir='ltr'>pie</span> <span class='ocrx_word' id='word_1_577' title='bbox 557 2805 585 2832; x_wconf 85' lang='lat' dir='ltr'>et</span> <span class='ocrx_word' id='word_1_578' title='bbox 621 2806 721 2833; x_wconf 79' lang='lat' dir='ltr'><strong>sancte</strong></span> <span class='ocrx_word' id='word_1_579' title='bbox 749 2813 781 2833; x_wconf 85' lang='lat' dir='ltr'>se</span> <span class='ocrx_word' id='word_1_580' title='bbox 804 2804 912 2833; x_wconf 79' lang='lat' dir='ltr'><strong>habere</strong></span> <span class='ocrx_word' id='word_1_581' title='bbox 939 2805 1009 2833; x_wconf 87' lang='lat' dir='ltr'>dum</span> 
     </span>
    </p>
   </div>
   <div class='ocr_carea' id='block_1_79' title="bbox 189 2847 1008 2880">
    <p class='ocr_par' dir='ltr' id='par_1_79' title="bbox 189 2847 1008 2880">
     <span class='ocr_line' id='line_1_80' title="bbox 189 2847 1008 2880; baseline 0.005 -7"><span class='ocrx_word' id='word_1_582' title='bbox 189 2848 325 2876; x_wconf 86' lang='lat' dir='ltr'><strong>sanctum</strong></span> <span class='ocrx_word' id='word_1_583' title='bbox 348 2848 401 2877; x_wconf 87' lang='lat' dir='ltr'><strong>Dei</strong></span> <span class='ocrx_word' id='word_1_584' title='bbox 424 2847 560 2879; x_wconf 82' lang='lat' dir='ltr'><strong>timorem</strong></span> <span class='ocrx_word' id='word_1_585' title='bbox 586 2847 617 2878; x_wconf 89' lang='lat' dir='ltr'>in</span> <span class='ocrx_word' id='word_1_586' title='bbox 643 2848 706 2878; x_wconf 87' lang='lat' dir='ltr'><strong>suis</strong></span> <span class='ocrx_word' id='word_1_587' title='bbox 734 2848 891 2880; x_wconf 70' lang='lat' dir='ltr'><strong>animabus</strong></span> <span class='ocrx_word' id='word_1_588' title='bbox 914 2848 1008 2878; x_wconf 82' lang='lat' dir='ltr'><strong>nutri-</strong></span> 
     </span>
    </p>
   </div>
   <div class='ocr_carea' id='block_1_80' title="bbox 1104 1273 1896 1317">
    <p class='ocr_par' dir='ltr' id='par_1_80' title="bbox 1104 1273 1896 1317">
     <span class='ocr_line' id='line_1_81' title="bbox 1104 1273 1896 1317; baseline -0.009 -10"><span class='ocrx_word' id='word_1_589' title='bbox 1104 1281 1150 1309; x_wconf 75' lang='lat' dir='ltr'>oB&#39;.</span> <span class='ocrx_word' id='word_1_590' title='bbox 1167 1281 1219 1309; x_wconf 80' lang='grc' dir='ltr'>Καὶ</span> <span class='ocrx_word' id='word_1_591' title='bbox 1250 1279 1321 1308; x_wconf 71' lang='grc' dir='ltr'>οὕτω</span> <span class='ocrx_word' id='word_1_592' title='bbox 1350 1280 1396 1317; x_wconf 72' lang='grc' dir='ltr'>μὶν</span> <span class='ocrx_word' id='word_1_593' title='bbox 1426 1277 1592 1316; x_wconf 82' lang='grc' dir='ltr'>ὁδηγοῦντος</span> <span class='ocrx_word' id='word_1_594' title='bbox 1608 1278 1676 1305; x_wconf 78' lang='grc' dir='ltr'>Θεοῦ</span> <span class='ocrx_word' id='word_1_595' title='bbox 1690 1275 1736 1303; x_wconf 87' lang='grc' dir='ltr'>καὶ</span> <span class='ocrx_word' id='word_1_596' title='bbox 1753 1273 1800 1302; x_wconf 75' lang='grc' dir='ltr'>διὰ</span> <span class='ocrx_word' id='word_1_597' title='bbox 1813 1273 1896 1311; x_wconf 76' lang='grc' dir='ltr'>κορά-</span> 
     </span>
    </p>
   </div>
   <div class='ocr_carea' id='block_1_81' title="bbox 1067 1317 1894 1363">
    <p class='ocr_par' dir='ltr' id='par_1_81' title="bbox 1067 1317 1894 1363">
     <span class='ocr_line' id='line_1_82' title="bbox 1067 1317 1894 1363; baseline -0.01 -11"><span class='ocrx_word' id='word_1_598' title='bbox 1067 1335 1121 1352; x_wconf 87' lang='grc' dir='ltr'>κων</span> <span class='ocrx_word' id='word_1_599' title='bbox 1139 1326 1164 1352; x_wconf 81' lang='grc' dir='ltr'>οἱ</span> <span class='ocrx_word' id='word_1_600' title='bbox 1192 1327 1240 1353; x_wconf 70' lang='grc' dir='ltr'>τοῦ</span> <span class='ocrx_word' id='word_1_601' title='bbox 1256 1327 1322 1353; x_wconf 86' lang='grc' dir='ltr'>Θεοῦ</span> <span class='ocrx_word' id='word_1_602' title='bbox 1348 1323 1461 1363; x_wconf 76' lang='grc' dir='ltr'>μεγάλοι</span> <span class='ocrx_word' id='word_1_603' title='bbox 1487 1322 1605 1360; x_wconf 84' lang='grc' dir='ltr'>μοναχοὶ</span> <span class='ocrx_word' id='word_1_604' title='bbox 1633 1321 1790 1360; x_wconf 76' lang='grc' dir='ltr'>τρέφονται.</span> <span class='ocrx_word' id='word_1_605' title='bbox 1819 1318 1852 1347; x_wconf 72' lang='grc' dir='ltr'><strong>ΕΙ</strong></span> <span class='ocrx_word' id='word_1_606' title='bbox 1867 1317 1894 1345; x_wconf 70' lang='grc' dir='ltr'>δέ</span> 
     </span>
    </p>
   </div>
   <div class='ocr_carea' id='block_1_82' title="bbox 1066 1363 1881 1408">
    <p class='ocr_par' dir='ltr' id='par_1_82' title="bbox 1066 1363 1881 1408">
     <span class='ocr_line' id='line_1_83' title="bbox 1066 1363 1881 1408; baseline -0.011 -10"><span class='ocrx_word' id='word_1_607' title='bbox 1066 1380 1093 1397; x_wconf 82' lang='grc' dir='ltr'>τι</span> <span class='ocrx_word' id='word_1_608' title='bbox 1125 1371 1230 1408; x_wconf 84' lang='grc' dir='ltr'>τροφῆς</span> <span class='ocrx_word' id='word_1_609' title='bbox 1258 1369 1363 1401; x_wconf 71' lang='grc' dir='ltr'>οἴκοθεν</span> <span class='ocrx_word' id='word_1_610' title='bbox 1393 1367 1516 1401; x_wconf 78' lang='grc' dir='ltr'>ἐθέλουσι</span> <span class='ocrx_word' id='word_1_611' title='bbox 1545 1366 1590 1394; x_wconf 83' lang='grc' dir='ltr'>καὶ</span> <span class='ocrx_word' id='word_1_612' title='bbox 1617 1365 1694 1393; x_wconf 75' lang='grc' dir='ltr'>αὑτοὶ</span> <span class='ocrx_word' id='word_1_613' title='bbox 1721 1363 1881 1402; x_wconf 80' lang='grc' dir='ltr'>πορίζεσθαι</span> 
     </span>
    </p>
   </div>
   <div class='ocr_carea' id='block_1_83' title="bbox 1069 1407 1891 1452">
    <p class='ocr_par' dir='ltr' id='par_1_83' title="bbox 1069 1407 1891 1452">
     <span class='ocr_line' id='line_1_84' title="bbox 1069 1407 1891 1452; baseline -0.012 -10"><span class='ocrx_word' id='word_1_614' title='bbox 1069 1413 1150 1451; x_wconf 81' lang='grc' dir='ltr'>ὀλίγα</span> <span class='ocrx_word' id='word_1_615' title='bbox 1177 1416 1227 1447; x_wconf 85' lang='grc' dir='ltr'>τῆς</span> <span class='ocrx_word' id='word_1_616' title='bbox 1253 1415 1304 1452; x_wconf 77' lang='grc' dir='ltr'>γῆς</span> <span class='ocrx_word' id='word_1_617' title='bbox 1335 1413 1418 1450; x_wconf 78' lang='grc' dir='ltr'>μέλον</span> <span class='ocrx_word' id='word_1_618' title='bbox 1435 1413 1527 1443; x_wconf 80' lang='grc' dir='ltr'>αὐτοῖς</span> <span class='ocrx_word' id='word_1_619' title='bbox 1544 1410 1584 1448; x_wconf 77' lang='grc' dir='ltr'>(οὗ</span> <span class='ocrx_word' id='word_1_620' title='bbox 1600 1410 1651 1448; x_wconf 73' lang='grc' dir='ltr'>γὰρ</span> <span class='ocrx_word' id='word_1_621' title='bbox 1672 1407 1891 1447; x_wconf 76' lang='grc' dir='ltr'>παρενοχλοῦσιν</span> 
     </span>
    </p>
   </div>
   <div class='ocr_carea' id='block_1_84' title="bbox 1067 1452 1892 1496">
    <p class='ocr_par' dir='ltr' id='par_1_84' title="bbox 1067 1452 1892 1496">
     <span class='ocr_line' id='line_1_85' title="bbox 1067 1452 1892 1496; baseline -0.01 -10"><span class='ocrx_word' id='word_1_622' title='bbox 1067 1459 1147 1495; x_wconf 77' lang='grc' dir='ltr'>αὐτῇ,</span> <span class='ocrx_word' id='word_1_623' title='bbox 1170 1461 1313 1494; x_wconf 82' lang='grc' dir='ltr'>ζητοῦντες</span> <span class='ocrx_word' id='word_1_624' title='bbox 1327 1457 1458 1496; x_wconf 80' lang='grc' dir='ltr'>τρυφερὰν</span> <span class='ocrx_word' id='word_1_625' title='bbox 1476 1456 1590 1491; x_wconf 81' lang='grc' dir='ltr'>διάιταν,</span> <span class='ocrx_word' id='word_1_626' title='bbox 1607 1454 1656 1482; x_wconf 77' lang='grc' dir='ltr'>ὅσα</span> <span class='ocrx_word' id='word_1_627' title='bbox 1684 1453 1730 1481; x_wconf 85' lang='grc' dir='ltr'>καί</span> <span class='ocrx_word' id='word_1_628' title='bbox 1755 1452 1810 1480; x_wconf 82' lang='grc' dir='ltr'>ἀπὸ</span> <span class='ocrx_word' id='word_1_629' title='bbox 1837 1463 1892 1488; x_wconf 80' lang='grc' dir='ltr'>μη-</span> 
     </span>
    </p>
   </div>
   <div class='ocr_carea' id='block_1_85' title="bbox 1065 1495 1893 1541">
    <p class='ocr_par' dir='ltr' id='par_1_85' title="bbox 1065 1495 1893 1541">
     <span class='ocr_line' id='line_1_86' title="bbox 1065 1495 1893 1541; baseline -0.011 -10"><span class='ocrx_word' id='word_1_630' title='bbox 1065 1504 1129 1541; x_wconf 84' lang='grc' dir='ltr'>τρὸς</span> <span class='ocrx_word' id='word_1_631' title='bbox 1143 1504 1168 1531; x_wconf 80' lang='grc' dir='ltr'>οἱ</span> <span class='ocrx_word' id='word_1_632' title='bbox 1183 1495 1511 1541; x_wconf 83' lang='grc' dir='ltr'>γαλακτοτροφούμενοι),</span> <span class='ocrx_word' id='word_1_633' title='bbox 1529 1499 1602 1528; x_wconf 82' lang='grc' dir='ltr'>ἀλλὰ</span> <span class='ocrx_word' id='word_1_634' title='bbox 1619 1499 1740 1536; x_wconf 84' lang='grc' dir='ltr'>βοτανῶν</span> <span class='ocrx_word' id='word_1_635' title='bbox 1757 1495 1893 1541; x_wconf 74' lang='grc' dir='ltr'>δρεπόμε-</span> 
     </span>
    </p>
   </div>
   <div class='ocr_carea' id='block_1_86' title="bbox 1066 1540 1890 1585">
    <p class='ocr_par' dir='ltr' id='par_1_86' title="bbox 1066 1540 1890 1585">
     <span class='ocr_line' id='line_1_87' title="bbox 1066 1540 1890 1585; baseline -0.011 -9"><span class='ocrx_word' id='word_1_636' title='bbox 1066 1540 1118 1585; x_wconf 87' lang='grc' dir='ltr'>νοι,</span> <span class='ocrx_word' id='word_1_637' title='bbox 1135 1540 1195 1576; x_wconf 80' lang='grc' dir='ltr'>’ὁσαι</span> <span class='ocrx_word' id='word_1_638' title='bbox 1210 1547 1358 1584; x_wconf 82' lang='grc' dir='ltr'>αὐτόματοι</span> <span class='ocrx_word' id='word_1_639' title='bbox 1375 1546 1498 1585; x_wconf 78' lang='grc' dir='ltr'>φύονται,</span> <span class='ocrx_word' id='word_1_640' title='bbox 1513 1544 1559 1573; x_wconf 76' lang='grc' dir='ltr'>καί</span> <span class='ocrx_word' id='word_1_641' title='bbox 1569 1542 1686 1581; x_wconf 77' lang='grc' dir='ltr'>ἀκρίδων</span> <span class='ocrx_word' id='word_1_642' title='bbox 1702 1540 1890 1579; x_wconf 76' lang='grc' dir='ltr'>εύαγγελικῶν</span> 
     </span>
    </p>
   </div>
   <div class='ocr_carea' id='block_1_87' title="bbox 1064 1586 1891 1631">
    <p class='ocr_par' dir='ltr' id='par_1_87' title="bbox 1064 1586 1891 1631">
     <span class='ocr_line' id='line_1_88' title="bbox 1064 1586 1891 1631; baseline -0.012 -10"><span class='ocrx_word' id='word_1_643' title='bbox 1064 1593 1109 1621; x_wconf 85' lang='grc' dir='ltr'>καὶ</span> <span class='ocrx_word' id='word_1_644' title='bbox 1124 1591 1282 1631; x_wconf 81' lang='grc' dir='ltr'>ἀκροδρύων</span> <span class='ocrx_word' id='word_1_645' title='bbox 1297 1591 1350 1620; x_wconf 78' lang='grc' dir='ltr'>τῶν</span> <span class='ocrx_word' id='word_1_646' title='bbox 1381 1590 1606 1630; x_wconf 77' lang='grc' dir='ltr'>παρατυχόντων,</span> <span class='ocrx_word' id='word_1_647' title='bbox 1638 1588 1816 1627; x_wconf 74' lang='grc' dir='ltr'>ἀφοσιοῦνται</span> <span class='ocrx_word' id='word_1_648' title='bbox 1842 1586 1891 1619; x_wconf 76' lang='grc' dir='ltr'>τὴν</span> 
     </span>
    </p>
   </div>
   <div class='ocr_carea' id='block_1_88' title="bbox 1065 1636 1399 1676">
    <p class='ocr_par' dir='ltr' id='par_1_88' title="bbox 1065 1636 1399 1676">
     <span class='ocr_line' id='line_1_89' title="bbox 1065 1636 1399 1676; baseline -0.003 -11"><span class='ocrx_word' id='word_1_649' title='bbox 1065 1637 1206 1676; x_wconf 78' lang='grc' dir='ltr'>Θεραπείαν</span> <span class='ocrx_word' id='word_1_650' title='bbox 1219 1640 1269 1672; x_wconf 82' lang='grc' dir='ltr'>τῆς</span> <span class='ocrx_word' id='word_1_651' title='bbox 1283 1636 1399 1674; x_wconf 76' lang='grc' dir='ltr'>φύσεως.</span> 
     </span>
    </p>
   </div>
   <div class='ocr_carea' id='block_1_89' title="bbox 1102 1679 1890 1720">
    <p class='ocr_par' dir='ltr' id='par_1_89' title="bbox 1102 1679 1890 1720">
     <span class='ocr_line' id='line_1_90' title="bbox 1102 1679 1890 1720; baseline -0.013 -5"><span class='ocrx_word' id='word_1_652' title='bbox 1102 1687 1193 1714; x_wconf 80' lang='grc' dir='ltr'>π’.Οἷα</span> <span class='ocrx_word' id='word_1_653' title='bbox 1221 1685 1250 1714; x_wconf 79' lang='grc' dir='ltr'>δὶ</span> <span class='ocrx_word' id='word_1_654' title='bbox 1277 1686 1323 1714; x_wconf 87' lang='grc' dir='ltr'>καὶ</span> <span class='ocrx_word' id='word_1_655' title='bbox 1352 1686 1379 1713; x_wconf 77' lang='grc' dir='ltr'>οἱ</span> <span class='ocrx_word' id='word_1_656' title='bbox 1405 1684 1473 1713; x_wconf 85' lang='grc' dir='ltr'>κατὰ</span> <span class='ocrx_word' id='word_1_657' title='bbox 1499 1683 1602 1720; x_wconf 86' lang='grc' dir='ltr'>κόσμον</span> <span class='ocrx_word' id='word_1_658' title='bbox 1632 1681 1729 1719; x_wconf 77' lang='grc' dir='ltr'>ἀγαθοὶ</span> <span class='ocrx_word' id='word_1_659' title='bbox 1754 1679 1890 1718; x_wconf 73' lang='grc' dir='ltr'>ἄνθρωποι</span> 
     </span>
    </p>
   </div>
   <div class='ocr_carea' id='block_1_90' title="bbox 1067 1723 1889 1769">
    <p class='ocr_par' dir='ltr' id='par_1_90' title="bbox 1067 1723 1889 1769">
     <span class='ocr_line' id='line_1_91' title="bbox 1067 1723 1889 1769; baseline -0.01 -11"><span class='ocrx_word' id='word_1_660' title='bbox 1067 1730 1128 1769; x_wconf 88' lang='grc' dir='ltr'>περῖ</span> <span class='ocrx_word' id='word_1_661' title='bbox 1143 1730 1206 1761; x_wconf 76' lang='grc' dir='ltr'>τοὺς</span> <span class='ocrx_word' id='word_1_662' title='bbox 1234 1729 1375 1761; x_wconf 78' lang='grc' dir='ltr'>τοιούτους</span> <span class='ocrx_word' id='word_1_663' title='bbox 1388 1727 1549 1767; x_wconf 77' lang='grc' dir='ltr'>τεχνῶνται,</span> <span class='ocrx_word' id='word_1_664' title='bbox 1566 1726 1702 1762; x_wconf 78' lang='grc' dir='ltr'>ἀλλήλοις</span> <span class='ocrx_word' id='word_1_665' title='bbox 1718 1725 1745 1756; x_wconf 75' lang='grc' dir='ltr'>ές</span> <span class='ocrx_word' id='word_1_666' title='bbox 1759 1724 1793 1752; x_wconf 80' lang='grc' dir='ltr'>τὸ</span> <span class='ocrx_word' id='word_1_667' title='bbox 1807 1723 1889 1751; x_wconf 79' lang='grc' dir='ltr'>καλὸν</span> 
     </span>
    </p>
   </div>
   <div class='ocr_carea' id='block_1_91' title="bbox 1067 1769 1890 1812">
    <p class='ocr_par' dir='ltr' id='par_1_91' title="bbox 1067 1769 1890 1812">
     <span class='ocr_line' id='line_1_92' title="bbox 1067 1769 1890 1812; baseline -0.011 -9"><span class='ocrx_word' id='word_1_668' title='bbox 1067 1774 1271 1812; x_wconf 76' lang='grc' dir='ltr'>ἁμιλλώμενοι,</span> <span class='ocrx_word' id='word_1_669' title='bbox 1299 1773 1327 1801; x_wconf 89' lang='grc' dir='ltr'>τί</span> <span class='ocrx_word' id='word_1_670' title='bbox 1352 1774 1408 1812; x_wconf 76' lang='grc' dir='ltr'>χρὴ</span> <span class='ocrx_word' id='word_1_671' title='bbox 1435 1773 1478 1801; x_wconf 81' lang='grc' dir='ltr'>καὶ</span> <span class='ocrx_word' id='word_1_672' title='bbox 1505 1772 1594 1810; x_wconf 80' lang='grc' dir='ltr'>λέγειν</span> <span class='ocrx_word' id='word_1_673' title='bbox 1623 1769 1783 1808; x_wconf 74' lang='grc' dir='ltr'>ἐγνωσμένα</span> <span class='ocrx_word' id='word_1_674' title='bbox 1811 1769 1890 1812; x_wconf 77' lang='grc' dir='ltr'>πᾶσιν</span> 
     </span>
    </p>
   </div>
   <div class='ocr_carea' id='block_1_92' title="bbox 1068 1811 1891 1855">
    <p class='ocr_par' dir='ltr' id='par_1_92' title="bbox 1068 1811 1891 1855">
     <span class='ocr_line' id='line_1_93' title="bbox 1068 1811 1891 1855; baseline -0.012 -8"><span class='ocrx_word' id='word_1_675' title='bbox 1068 1811 1142 1854; x_wconf 72' lang='grc' dir='ltr'>ὄντα,</span> <span class='ocrx_word' id='word_1_676' title='bbox 1171 1818 1215 1846; x_wconf 89' lang='grc' dir='ltr'>καὶ</span> <span class='ocrx_word' id='word_1_677' title='bbox 1243 1811 1378 1855; x_wconf 26' lang='grc' dir='ltr'>ἱστορίαςη</span> <span class='ocrx_word' id='word_1_678' title='bbox 1392 1815 1468 1845; x_wconf 77' lang='grc' dir='ltr'>ούδὶν</span> <span class='ocrx_word' id='word_1_679' title='bbox 1486 1815 1616 1853; x_wconf 80' lang='grc' dir='ltr'>διόμενα;</span> <span class='ocrx_word' id='word_1_680' title='bbox 1633 1813 1668 1843; x_wconf 71' lang='grc' dir='ltr'>Οἳ</span> <span class='ocrx_word' id='word_1_681' title='bbox 1681 1811 1891 1850; x_wconf 81' lang='grc' dir='ltr'>περιουσιάζου-</span> 
     </span>
    </p>
   </div>
   <div class='ocr_carea' id='block_1_93' title="bbox 1067 1855 1890 1897">
    <p class='ocr_par' dir='ltr' id='par_1_93' title="bbox 1067 1855 1890 1897">
     <span class='ocr_line' id='line_1_94' title="bbox 1067 1855 1890 1897; baseline -0.012 -5"><span class='ocrx_word' id='word_1_682' title='bbox 1067 1875 1108 1891; x_wconf 87' lang='grc' dir='ltr'>σιν</span> <span class='ocrx_word' id='word_1_683' title='bbox 1134 1863 1231 1895; x_wconf 78' lang='grc' dir='ltr'>αὑτοὺς</span> <span class='ocrx_word' id='word_1_684' title='bbox 1260 1862 1288 1895; x_wconf 82' lang='grc' dir='ltr'>ἐς</span> <span class='ocrx_word' id='word_1_685' title='bbox 1315 1864 1443 1890; x_wconf 85' lang='grc' dir='ltr'>τοσοῦτον</span> <span class='ocrx_word' id='word_1_686' title='bbox 1473 1861 1517 1889; x_wconf 82' lang='grc' dir='ltr'>καὶ</span> <span class='ocrx_word' id='word_1_687' title='bbox 1548 1860 1654 1897; x_wconf 68' lang='grc' dir='ltr'>ἑτέρους</span> <span class='ocrx_word' id='word_1_688' title='bbox 1669 1857 1832 1896; x_wconf 72' lang='grc' dir='ltr'>ἰπωφελεῖν,</span> <span class='ocrx_word' id='word_1_689' title='bbox 1847 1855 1890 1882; x_wconf 83' lang='grc' dir='ltr'>καὶ</span> 
     </span>
    </p>
   </div>
   <div class='ocr_carea' id='block_1_94' title="bbox 1068 1899 1891 1947">
    <p class='ocr_par' dir='ltr' id='par_1_94' title="bbox 1068 1899 1891 1947">
     <span class='ocr_line' id='line_1_95' title="bbox 1068 1899 1891 1947; baseline -0.012 -10"><span class='ocrx_word' id='word_1_690' title='bbox 1068 1909 1248 1947; x_wconf 71' lang='grc' dir='ltr'>ὶξερεύγεσθαι</span> <span class='ocrx_word' id='word_1_691' title='bbox 1276 1909 1310 1935; x_wconf 81' lang='grc' dir='ltr'>τὰ</span> <span class='ocrx_word' id='word_1_692' title='bbox 1339 1907 1444 1936; x_wconf 71' lang='grc' dir='ltr'>ἰκείνων</span> <span class='ocrx_word' id='word_1_693' title='bbox 1472 1908 1583 1943; x_wconf 84' lang='grc' dir='ltr'>ταμιεῖα</span> <span class='ocrx_word' id='word_1_694' title='bbox 1611 1904 1636 1941; x_wconf 78' lang='grc' dir='ltr'>ἐξ</span> <span class='ocrx_word' id='word_1_695' title='bbox 1663 1902 1750 1931; x_wconf 82' lang='grc' dir='ltr'>αὐτῶν</span> <span class='ocrx_word' id='word_1_696' title='bbox 1773 1901 1818 1947; x_wconf 76' lang='grc' dir='ltr'>εἷς</span> <span class='ocrx_word' id='word_1_697' title='bbox 1833 1899 1891 1947; x_wconf 38' lang='grc' dir='ltr'>,ἄλ-</span> 
     </span>
    </p>
   </div>
   <div class='ocr_carea' id='block_1_95' title="bbox 1067 1944 1889 1991">
    <p class='ocr_par' dir='ltr' id='par_1_95' title="bbox 1067 1944 1889 1991">
     <span class='ocr_line' id='line_1_96' title="bbox 1067 1944 1889 1991; baseline -0.009 -10"><span class='ocrx_word' id='word_1_698' title='bbox 1067 1944 1133 1986; x_wconf 79' lang='grc' dir='ltr'>λους</span> <span class='ocrx_word' id='word_1_699' title='bbox 1160 1944 1236 1991; x_wconf 85' lang='grc' dir='ltr'>λόγῳ</span> <span class='ocrx_word' id='word_1_700' title='bbox 1250 1953 1464 1991; x_wconf 85' lang='grc' dir='ltr'>περιουσιασμοῦ</span> <span class='ocrx_word' id='word_1_701' title='bbox 1479 1948 1709 1988; x_wconf 76' lang='grc' dir='ltr'>ἀπραγματεύτου</span> <span class='ocrx_word' id='word_1_702' title='bbox 1736 1945 1782 1991; x_wconf 83' lang='grc' dir='ltr'>καὶ</span> <span class='ocrx_word' id='word_1_703' title='bbox 1812 1944 1889 1991; x_wconf 40' lang='lat' dir='ltr'><strong>auﬁ-</strong></span> 
     </span>
    </p>
   </div>
   <div class='ocr_carea' id='block_1_96' title="bbox 1067 1989 1892 2037">
    <p class='ocr_par' dir='ltr' id='par_1_96' title="bbox 1067 1989 1892 2037">
     <span class='ocr_line' id='line_1_97' title="bbox 1067 1989 1892 2037; baseline -0.013 -9"><span class='ocrx_word' id='word_1_704' title='bbox 1067 2009 1165 2037; x_wconf 85' lang='grc' dir='ltr'>χρημα</span> <span class='ocrx_word' id='word_1_705' title='bbox 1194 1989 1355 2035; x_wconf 52' lang='lat' dir='ltr'><strong>decu-niteo,</strong></span> <span class='ocrx_word' id='word_1_706' title='bbox 1383 1996 1505 2033; x_wconf 79' lang='grc' dir='ltr'>ἄσπαρτα</span> <span class='ocrx_word' id='word_1_707' title='bbox 1529 1995 1574 2023; x_wconf 82' lang='grc' dir='ltr'>καὶ</span> <span class='ocrx_word' id='word_1_708' title='bbox 1603 1995 1732 2031; x_wconf 77' lang='grc' dir='ltr'>ἀνήροτα,</span> <span class='ocrx_word' id='word_1_709' title='bbox 1754 1990 1792 2022; x_wconf 79' lang='grc' dir='ltr'>ὥς</span> <span class='ocrx_word' id='word_1_710' title='bbox 1812 1989 1892 2037; x_wconf 62' lang='grc' dir='ltr'>ἀλη-</span> 
     </span>
    </p>
   </div>
   <div class='ocr_carea' id='block_1_97' title="bbox 1067 2035 1891 2080">
    <p class='ocr_par' dir='ltr' id='par_1_97' title="bbox 1067 2035 1891 2080">
     <span class='ocr_line' id='line_1_98' title="bbox 1067 2035 1891 2080; baseline -0.012 -8"><span class='ocrx_word' id='word_1_711' title='bbox 1145 2042 1218 2071; x_wconf 85' lang='grc' dir='ltr'>καλὰ</span> <span class='ocrx_word' id='word_1_712' title='bbox 1230 2045 1314 2071; x_wconf 86' lang='grc' dir='ltr'>ταῦτα</span> <span class='ocrx_word' id='word_1_713' title='bbox 1330 2042 1416 2080; x_wconf 83' lang='grc' dir='ltr'>μάννα</span> <span class='ocrx_word' id='word_1_714' title='bbox 1446 2040 1614 2079; x_wconf 86' lang='grc' dir='ltr'>βρεχόμενον</span> <span class='ocrx_word' id='word_1_715' title='bbox 1641 2039 1753 2072; x_wconf 70' lang='grc' dir='ltr'>ἄνωθεν,</span> <span class='ocrx_word' id='word_1_716' title='bbox 1774 2035 1822 2080; x_wconf 57' lang='grc' dir='ltr'>καί</span> <span class='ocrx_word' id='word_1_717' title='bbox 1840 2045 1891 2062; x_wconf 81' lang='grc' dir='ltr'>πο-</span> 
     </span>
    </p>
   </div>
   <div class='ocr_carea' id='block_1_98' title="bbox 1067 2079 1893 2126">
    <p class='ocr_par' dir='ltr' id='par_1_98' title="bbox 1067 2079 1893 2126">
     <span class='ocr_line' id='line_1_99' title="bbox 1067 2079 1893 2126; baseline -0.012 -10"><span class='ocrx_word' id='word_1_718' title='bbox 1067 2086 1170 2116; x_wconf 81' lang='grc' dir='ltr'>λυειδεῖ</span> <span class='ocrx_word' id='word_1_719' title='bbox 1199 2087 1337 2126; x_wconf 77' lang='grc' dir='ltr'>μορφώσιι</span> <span class='ocrx_word' id='word_1_720' title='bbox 1365 2085 1498 2124; x_wconf 78' lang='grc' dir='ltr'>τραπέζας</span> <span class='ocrx_word' id='word_1_721' title='bbox 1513 2084 1649 2122; x_wconf 73' lang='grc' dir='ltr'>έξαρτύον,</span> <span class='ocrx_word' id='word_1_722' title='bbox 1672 2081 1770 2112; x_wconf 77' lang='grc' dir='ltr'>ὁποίας</span> <span class='ocrx_word' id='word_1_723' title='bbox 1785 2079 1893 2126; x_wconf 79' lang='grc' dir='ltr'>εὒλσγιῖ</span> 
     </span>
    </p>
   </div>
   <div class='ocr_carea' id='block_1_99' title="bbox 1067 2123 1894 2169">
    <p class='ocr_par' dir='ltr' id='par_1_99' title="bbox 1067 2123 1894 2169">
     <span class='ocr_line' id='line_1_100' title="bbox 1067 2123 1894 2169; baseline -0.012 -8"><span class='ocrx_word' id='word_1_724' title='bbox 1067 2132 1142 2167; x_wconf 80' lang='grc' dir='ltr'>Θεὸς,</span> <span class='ocrx_word' id='word_1_725' title='bbox 1162 2123 1208 2161; x_wconf 62' lang='grc' dir='ltr'>καὶ</span> <span class='ocrx_word' id='word_1_726' title='bbox 1294 2123 1453 2169; x_wconf 84' lang='grc' dir='ltr'>αὐτάρκειαν</span> <span class='ocrx_word' id='word_1_727' title='bbox 1466 2130 1516 2165; x_wconf 85' lang='grc' dir='ltr'>τὴν</span> <span class='ocrx_word' id='word_1_728' title='bbox 1542 2128 1648 2164; x_wconf 79' lang='grc' dir='ltr'>αὐτίκα,</span> <span class='ocrx_word' id='word_1_729' title='bbox 1668 2127 1713 2155; x_wconf 84' lang='grc' dir='ltr'>καὶ</span> <span class='ocrx_word' id='word_1_730' title='bbox 1737 2126 1774 2157; x_wconf 87' lang='grc' dir='ltr'>εἰς</span> <span class='ocrx_word' id='word_1_731' title='bbox 1802 2123 1894 2162; x_wconf 76' lang='grc' dir='ltr'>περίσ-</span> 
     </span>
    </p>
   </div>
   <div class='ocr_carea' id='block_1_100' title="bbox 1066 2187 1162 2214">
    <p class='ocr_par' dir='ltr' id='par_1_100' title="bbox 1066 2187 1162 2214">
     <span class='ocr_line' id='line_1_101' title="bbox 1066 2187 1162 2214; baseline 0.01 -9"><span class='ocrx_word' id='word_1_732' title='bbox 1066 2187 1162 2214; x_wconf 86' lang='grc' dir='ltr'>σευμα.</span> 
     </span>
    </p>
   </div>
   <div class='ocr_carea' id='block_1_101' title="bbox 1101 2217 1890 2261">
    <p class='ocr_par' dir='ltr' id='par_1_101' title="bbox 1101 2217 1890 2261">
     <span class='ocr_line' id='line_1_102' title="bbox 1101 2217 1890 2261; baseline -0.008 -7"><span class='ocrx_word' id='word_1_733' title='bbox 1101 2229 1155 2254; x_wconf 84' lang='grc' dir='ltr'>πα¹.</span> <span class='ocrx_word' id='word_1_734' title='bbox 1169 2227 1226 2253; x_wconf 82' lang='grc' dir='ltr'>Ποῦ</span> <span class='ocrx_word' id='word_1_735' title='bbox 1252 2224 1341 2253; x_wconf 79' lang='grc' dir='ltr'>τοίνυν</span> <span class='ocrx_word' id='word_1_736' title='bbox 1357 2224 1383 2252; x_wconf 77' lang='grc' dir='ltr'>ἐν</span> <span class='ocrx_word' id='word_1_737' title='bbox 1410 2226 1468 2256; x_wconf 79' lang='grc' dir='ltr'>τοῖς</span> <span class='ocrx_word' id='word_1_738' title='bbox 1482 2223 1553 2251; x_wconf 76' lang='grc' dir='ltr'>οὕτω</span> <span class='ocrx_word' id='word_1_739' title='bbox 1574 2223 1663 2261; x_wconf 90' lang='grc' dir='ltr'>βιοῦσι</span> <span class='ocrx_word' id='word_1_740' title='bbox 1691 2220 1789 2252; x_wconf 84' lang='grc' dir='ltr'>κακίας</span> <span class='ocrx_word' id='word_1_741' title='bbox 1803 2217 1890 2257; x_wconf 73' lang='grc' dir='ltr'>ἴχνος,</span> 
     </span>
    </p>
   </div>
   <div class='ocr_carea' id='block_1_102' title="bbox 1065 2263 1890 2307">
    <p class='ocr_par' dir='ltr' id='par_1_102' title="bbox 1065 2263 1890 2307">
     <span class='ocr_line' id='line_1_103' title="bbox 1065 2263 1890 2307; baseline -0.011 -8"><span class='ocrx_word' id='word_1_742' title='bbox 1065 2272 1099 2307; x_wconf 81' lang='grc' dir='ltr'>ἢν</span> <span class='ocrx_word' id='word_1_743' title='bbox 1130 2270 1321 2307; x_wconf 83' lang='grc' dir='ltr'>ἆπωμόςαντο,</span> <span class='ocrx_word' id='word_1_744' title='bbox 1348 2269 1416 2302; x_wconf 74' lang='grc' dir='ltr'>καθὰ</span> <span class='ocrx_word' id='word_1_745' title='bbox 1443 2267 1662 2306; x_wconf 74' lang='grc' dir='ltr'>προεκτὲθειται;</span> <span class='ocrx_word' id='word_1_746' title='bbox 1692 2265 1761 2293; x_wconf 80' lang='grc' dir='ltr'>Ποία</span> <span class='ocrx_word' id='word_1_747' title='bbox 1786 2263 1816 2291; x_wconf 74' lang='grc' dir='ltr'>δὲ</span> <span class='ocrx_word' id='word_1_748' title='bbox 1838 2265 1890 2290; x_wconf 84' lang='grc' dir='ltr'>τῶν</span> 
     </span>
    </p>
   </div>
   <div class='ocr_carea' id='block_1_103' title="bbox 1066 2307 1889 2354">
    <p class='ocr_par' dir='ltr' id='par_1_103' title="bbox 1066 2307 1889 2354">
     <span class='ocr_line' id='line_1_104' title="bbox 1066 2307 1889 2354; baseline -0.011 -11"><span class='ocrx_word' id='word_1_749' title='bbox 1066 2316 1168 2354; x_wconf 80' lang='grc' dir='ltr'>ἀρετῶν</span> <span class='ocrx_word' id='word_1_750' title='bbox 1193 2314 1315 2349; x_wconf 81' lang='grc' dir='ltr'>ἀπέσται,</span> <span class='ocrx_word' id='word_1_751' title='bbox 1347 2313 1378 2345; x_wconf 78' lang='grc' dir='ltr'>ἃς</span> <span class='ocrx_word' id='word_1_752' title='bbox 1407 2311 1637 2351; x_wconf 79' lang='grc' dir='ltr'>παρηγγέλθησαν</span> <span class='ocrx_word' id='word_1_753' title='bbox 1655 2311 1730 2338; x_wconf 82' lang='grc' dir='ltr'>οὗτοι</span> <span class='ocrx_word' id='word_1_754' title='bbox 1745 2309 1791 2336; x_wconf 85' lang='grc' dir='ltr'>καὶ</span> <span class='ocrx_word' id='word_1_755' title='bbox 1809 2307 1889 2354; x_wconf 81' lang='grc' dir='ltr'>μόνοι</span> 
     </span>
    </p>
   </div>
   <div class='ocr_carea' id='block_1_104' title="bbox 1066 2353 1888 2398">
    <p class='ocr_par' dir='ltr' id='par_1_104' title="bbox 1066 2353 1888 2398">
     <span class='ocr_line' id='line_1_105' title="bbox 1066 2353 1888 2398; baseline -0.01 -10"><span class='ocrx_word' id='word_1_756' title='bbox 1066 2353 1092 2388; x_wconf 78' lang='grc' dir='ltr'>ἐν</span> <span class='ocrx_word' id='word_1_757' title='bbox 1120 2362 1270 2398; x_wconf 83' lang='grc' dir='ltr'>μοναχοῖς;</span> <span class='ocrx_word' id='word_1_758' title='bbox 1299 2359 1325 2386; x_wconf 83' lang='grc' dir='ltr'>οἳ</span> <span class='ocrx_word' id='word_1_759' title='bbox 1353 2359 1399 2386; x_wconf 87' lang='grc' dir='ltr'>καὶ</span> <span class='ocrx_word' id='word_1_760' title='bbox 1425 2359 1456 2386; x_wconf 84' lang='grc' dir='ltr'>τὸ</span> <span class='ocrx_word' id='word_1_761' title='bbox 1480 2370 1491 2384; x_wconf 75' lang='grc' dir='ltr'>ι</span> <span class='ocrx_word' id='word_1_762' title='bbox 1508 2357 1551 2385; x_wconf 88' lang='grc' dir='ltr'>ναὶ</span> <span class='ocrx_word' id='word_1_763' title='bbox 1568 2369 1582 2383; x_wconf 85' lang='grc'><strong>››</strong></span> <span class='ocrx_word' id='word_1_764' title='bbox 1598 2355 1789 2398; x_wconf 69' lang='grc' dir='ltr'>συγκλείοντες</span> <span class='ocrx_word' id='word_1_765' title='bbox 1805 2353 1843 2384; x_wconf 78' lang='grc' dir='ltr'>εἰς</span> <span class='ocrx_word' id='word_1_766' title='bbox 1858 2353 1888 2380; x_wconf 75' lang='grc' dir='ltr'>τὸ</span> 
     </span>
    </p>
   </div>
   <div class='ocr_carea' id='block_1_105' title="bbox 1067 2397 1887 2438">
    <p class='ocr_par' dir='ltr' id='par_1_105' title="bbox 1067 2397 1887 2438">
     <span class='ocr_line' id='line_1_106' title="bbox 1067 2397 1887 2438; baseline -0.007 -8"><span class='ocrx_word' id='word_1_767' title='bbox 1067 2417 1081 2430; x_wconf 80' lang='grc' dir='ltr'>ι(</span> <span class='ocrx_word' id='word_1_768' title='bbox 1096 2404 1150 2438; x_wconf 87' lang='grc' dir='ltr'>ναὶ,</span> <span class='ocrx_word' id='word_1_769' title='bbox 1168 2397 1242 2431; x_wconf 70' lang='grc' dir='ltr'>»καὶ</span> <span class='ocrx_word' id='word_1_770' title='bbox 1257 2404 1287 2431; x_wconf 81' lang='grc' dir='ltr'>τὸ</span> <span class='ocrx_word' id='word_1_771' title='bbox 1313 2415 1324 2429; x_wconf 82' lang='grc' dir='ltr'>ιι</span> <span class='ocrx_word' id='word_1_772' title='bbox 1343 2401 1374 2430; x_wconf 72' lang='grc' dir='ltr'>οὕ</span> <span class='ocrx_word' id='word_1_773' title='bbox 1391 2414 1406 2429; x_wconf 89' lang='grc'>››</span> <span class='ocrx_word' id='word_1_774' title='bbox 1422 2401 1451 2430; x_wconf 71' lang='grc' dir='ltr'>δὲ</span> <span class='ocrx_word' id='word_1_775' title='bbox 1477 2405 1527 2437; x_wconf 87' lang='grc' dir='ltr'>τῆς</span> <span class='ocrx_word' id='word_1_776' title='bbox 1543 2403 1643 2438; x_wconf 80' lang='grc' dir='ltr'>κουρᾶς</span> <span class='ocrx_word' id='word_1_777' title='bbox 1658 2400 1696 2437; x_wconf 83' lang='grc' dir='ltr'>μή</span> <span class='ocrx_word' id='word_1_778' title='bbox 1713 2397 1887 2436; x_wconf 82' lang='grc' dir='ltr'>ψεύδόμενοι.</span> 
     </span>
    </p>
   </div>
   <div class='ocr_carea' id='block_1_106' title="bbox 1065 2442 1888 2484">
    <p class='ocr_par' dir='ltr' id='par_1_106' title="bbox 1065 2442 1888 2484">
     <span class='ocr_line' id='line_1_107' title="bbox 1065 2442 1888 2484; baseline -0.01 -7"><span class='ocrx_word' id='word_1_779' title='bbox 1065 2449 1108 2477; x_wconf 83' lang='grc' dir='ltr'>Ἐν</span> <span class='ocrx_word' id='word_1_780' title='bbox 1132 2449 1226 2479; x_wconf 85' lang='grc' dir='ltr'>αὐτοῖς</span> <span class='ocrx_word' id='word_1_781' title='bbox 1253 2447 1296 2476; x_wconf 81' lang='grc' dir='ltr'>καὶ</span> <span class='ocrx_word' id='word_1_782' title='bbox 1318 2447 1411 2484; x_wconf 90' lang='grc' dir='ltr'>μόνοις</span> <span class='ocrx_word' id='word_1_783' title='bbox 1436 2448 1454 2482; x_wconf 85' lang='grc' dir='ltr'><strong>ἡ</strong></span> <span class='ocrx_word' id='word_1_784' title='bbox 1471 2445 1587 2482; x_wconf 82' lang='grc' dir='ltr'>ἀλήθεια</span> <span class='ocrx_word' id='word_1_785' title='bbox 1607 2447 1738 2473; x_wconf 76' lang='grc' dir='ltr'>κατοικεῖ·</span> <span class='ocrx_word' id='word_1_786' title='bbox 1769 2443 1795 2471; x_wconf 69' lang='grc' dir='ltr'>ἐν</span> <span class='ocrx_word' id='word_1_787' title='bbox 1825 2442 1888 2470; x_wconf 74' lang='grc' dir='ltr'>τού-</span> 
     </span>
    </p>
   </div>
   <div class='ocr_carea' id='block_1_107' title="bbox 1062 2487 1886 2529">
    <p class='ocr_par' dir='ltr' id='par_1_107' title="bbox 1062 2487 1886 2529">
     <span class='ocr_line' id='line_1_108' title="bbox 1062 2487 1886 2529; baseline -0.008 -8"><span class='ocrx_word' id='word_1_788' title='bbox 1062 2494 1213 2528; x_wconf 72' lang='grc' dir='ltr'>τοις-ἢτοῦ</span> <span class='ocrx_word' id='word_1_789' title='bbox 1228 2495 1295 2520; x_wconf 87' lang='grc' dir='ltr'>Θεοῦ</span> <span class='ocrx_word' id='word_1_790' title='bbox 1319 2491 1433 2529; x_wconf 83' lang='grc' dir='ltr'>δύναμις</span> <span class='ocrx_word' id='word_1_791' title='bbox 1461 2491 1577 2522; x_wconf 80' lang='grc' dir='ltr'>ἐντελῶς</span> <span class='ocrx_word' id='word_1_792' title='bbox 1604 2489 1714 2528; x_wconf 79' lang='grc' dir='ltr'>ἐνεργεῖ·</span> <span class='ocrx_word' id='word_1_793' title='bbox 1742 2487 1818 2516; x_wconf 77' lang='grc' dir='ltr'>αὖτοῖ</span> <span class='ocrx_word' id='word_1_794' title='bbox 1843 2487 1886 2514; x_wconf 81' lang='grc' dir='ltr'>τὸν</span> 
     </span>
    </p>
   </div>
   <div class='ocr_carea' id='block_1_108' title="bbox 1063 2531 1888 2576">
    <p class='ocr_par' dir='ltr' id='par_1_108' title="bbox 1063 2531 1888 2576">
     <span class='ocr_line' id='line_1_109' title="bbox 1063 2531 1888 2576; baseline -0.01 -10"><span class='ocrx_word' id='word_1_795' title='bbox 1063 2538 1177 2576; x_wconf 81' lang='grc' dir='ltr'>Χριστὸν</span> <span class='ocrx_word' id='word_1_796' title='bbox 1208 2538 1331 2576; x_wconf 79' lang='grc' dir='ltr'>ἀοράτως</span> <span class='ocrx_word' id='word_1_797' title='bbox 1356 2536 1486 2574; x_wconf 83' lang='grc' dir='ltr'>παρόντα,</span> <span class='ocrx_word' id='word_1_798' title='bbox 1515 2535 1606 2572; x_wconf 83' lang='grc' dir='ltr'>ὥσπερ</span> <span class='ocrx_word' id='word_1_799' title='bbox 1634 2531 1749 2562; x_wconf 72' lang='grc' dir='ltr'>ἔϐλεπον</span> <span class='ocrx_word' id='word_1_800' title='bbox 1788 2532 1815 2559; x_wconf 70' lang='grc' dir='ltr'>ἰν</span> <span class='ocrx_word' id='word_1_801' title='bbox 1849 2533 1888 2567; x_wconf 82' lang='grc' dir='ltr'>τῷ</span> 
     </span>
    </p>
   </div>
   <div class='ocr_carea' id='block_1_109' title="bbox 1063 2577 1888 2621">
    <p class='ocr_par' dir='ltr' id='par_1_109' title="bbox 1063 2577 1888 2621">
     <span class='ocr_line' id='line_1_110' title="bbox 1063 2577 1888 2621; baseline -0.008 -10"><span class='ocrx_word' id='word_1_802' title='bbox 1063 2582 1207 2621; x_wconf 79' lang='grc' dir='ltr'>κείρεσθαι,</span> <span class='ocrx_word' id='word_1_803' title='bbox 1225 2582 1296 2610; x_wconf 72' lang='grc' dir='ltr'>οὕτω</span> <span class='ocrx_word' id='word_1_804' title='bbox 1317 2582 1362 2609; x_wconf 87' lang='grc' dir='ltr'>καὶ</span> <span class='ocrx_word' id='word_1_805' title='bbox 1384 2581 1410 2609; x_wconf 81' lang='grc' dir='ltr'>ἐν</span> <span class='ocrx_word' id='word_1_806' title='bbox 1435 2583 1493 2612; x_wconf 83' lang='grc' dir='ltr'>τοῖς</span> <span class='ocrx_word' id='word_1_807' title='bbox 1516 2580 1620 2618; x_wconf 65' lang='grc' dir='ltr'>ἐφεξῆς.</span> <span class='ocrx_word' id='word_1_808' title='bbox 1651 2579 1735 2607; x_wconf 79' lang='grc' dir='ltr'>Αὐτοὶ</span> <span class='ocrx_word' id='word_1_809' title='bbox 1765 2577 1888 2614; x_wconf 77' lang='grc' dir='ltr'>μέμνην-</span> 
     </span>
    </p>
   </div>
   <div class='ocr_carea' id='block_1_110' title="bbox 1062 2622 1887 2665">
    <p class='ocr_par' dir='ltr' id='par_1_110' title="bbox 1062 2622 1887 2665">
     <span class='ocr_line' id='line_1_111' title="bbox 1062 2622 1887 2665; baseline -0.008 -10"><span class='ocrx_word' id='word_1_810' title='bbox 1062 2637 1117 2663; x_wconf 86' lang='grc' dir='ltr'>ται,</span> <span class='ocrx_word' id='word_1_811' title='bbox 1132 2627 1185 2655; x_wconf 85' lang='grc' dir='ltr'>τίνι</span> <span class='ocrx_word' id='word_1_812' title='bbox 1217 2627 1263 2664; x_wconf 76' lang='grc' dir='ltr'>μὶν</span> <span class='ocrx_word' id='word_1_813' title='bbox 1289 2625 1457 2665; x_wconf 83' lang='grc' dir='ltr'>προσῆλθον,</span> <span class='ocrx_word' id='word_1_814' title='bbox 1481 2623 1534 2653; x_wconf 88' lang='grc' dir='ltr'>τίνι</span> <span class='ocrx_word' id='word_1_815' title='bbox 1560 2622 1589 2652; x_wconf 70' lang='grc' dir='ltr'>δὲ</span> <span class='ocrx_word' id='word_1_816' title='bbox 1618 2622 1821 2659; x_wconf 79' lang='grc' dir='ltr'>συνταξάμενοι,</span> <span class='ocrx_word' id='word_1_817' title='bbox 1849 2622 1887 2649; x_wconf 84' lang='grc' dir='ltr'>τί-</span> 
     </span>
    </p>
   </div>
   <div class='ocr_carea' id='block_1_111' title="bbox 1063 2665 1887 2707">
    <p class='ocr_par' dir='ltr' id='par_1_111' title="bbox 1063 2665 1887 2707">
     <span class='ocr_line' id='line_1_112' title="bbox 1063 2665 1887 2707; baseline -0.006 -9"><span class='ocrx_word' id='word_1_818' title='bbox 1063 2682 1103 2698; x_wconf 88' lang='grc' dir='ltr'>σιν</span> <span class='ocrx_word' id='word_1_819' title='bbox 1133 2671 1307 2707; x_wconf 79' lang='grc' dir='ltr'>ἆπετάξαντο.</span> <span class='ocrx_word' id='word_1_820' title='bbox 1332 2670 1443 2699; x_wconf 82' lang='grc' dir='ltr'>Τούτων</span> <span class='ocrx_word' id='word_1_821' title='bbox 1468 2668 1522 2697; x_wconf 71' lang='grc' dir='ltr'>ἔστι</span> <span class='ocrx_word' id='word_1_822' title='bbox 1548 2668 1594 2696; x_wconf 78' lang='grc' dir='ltr'>καὶ</span> <span class='ocrx_word' id='word_1_823' title='bbox 1625 2668 1714 2704; x_wconf 81' lang='grc' dir='ltr'>μόνων</span> <span class='ocrx_word' id='word_1_824' title='bbox 1742 2667 1773 2694; x_wconf 88' lang='grc' dir='ltr'>τὸ</span> <span class='ocrx_word' id='word_1_825' title='bbox 1803 2665 1887 2703; x_wconf 81' lang='grc' dir='ltr'>ἀμέμ-</span> 
     </span>
    </p>
   </div>
   <div class='ocr_carea' id='block_1_112' title="bbox 1062 2710 1886 2751">
    <p class='ocr_par' dir='ltr' id='par_1_112' title="bbox 1062 2710 1886 2751">
     <span class='ocr_line' id='line_1_113' title="bbox 1062 2710 1886 2751; baseline -0.008 -7"><span class='ocrx_word' id='word_1_826' title='bbox 1062 2726 1137 2747; x_wconf 77' lang='grc' dir='ltr'>πτως</span> <span class='ocrx_word' id='word_1_827' title='bbox 1165 2715 1232 2744; x_wconf 78' lang='grc' dir='ltr'>κατὰ</span> <span class='ocrx_word' id='word_1_828' title='bbox 1255 2716 1304 2751; x_wconf 83' lang='grc' dir='ltr'>τήν</span> <span class='ocrx_word' id='word_1_829' title='bbox 1339 2714 1380 2743; x_wconf 73' lang='grc' dir='ltr'>ἐπ’</span> <span class='ocrx_word' id='word_1_830' title='bbox 1415 2713 1507 2744; x_wconf 76' lang='grc' dir='ltr'>αὐτοῖς</span> <span class='ocrx_word' id='word_1_831' title='bbox 1544 2711 1772 2747; x_wconf 70' lang='grc' dir='ltr'>ἔκκλησιαστικὴν</span> <span class='ocrx_word' id='word_1_832' title='bbox 1803 2710 1886 2748; x_wconf 79' lang='grc' dir='ltr'>εὐχὴν</span> 
     </span>
    </p>
   </div>
   <div class='ocr_carea' id='block_1_113' title="bbox 1062 2754 1885 2799">
    <p class='ocr_par' dir='ltr' id='par_1_113' title="bbox 1062 2754 1885 2799">
     <span class='ocr_line' id='line_1_114' title="bbox 1062 2754 1885 2799; baseline -0.009 -10"><span class='ocrx_word' id='word_1_833' title='bbox 1062 2760 1107 2789; x_wconf 84' lang='grc' dir='ltr'>καὶ</span> <span class='ocrx_word' id='word_1_834' title='bbox 1131 2760 1316 2799; x_wconf 86' lang='grc' dir='ltr'>ἀκατακρίτως</span> <span class='ocrx_word' id='word_1_835' title='bbox 1343 2759 1388 2787; x_wconf 78' lang='grc' dir='ltr'>τὸν</span> <span class='ocrx_word' id='word_1_836' title='bbox 1418 2758 1517 2787; x_wconf 79' lang='grc' dir='ltr'>σκοπὸν</span> <span class='ocrx_word' id='word_1_837' title='bbox 1543 2756 1659 2793; x_wconf 76' lang='grc' dir='ltr'>ἐξανύειν</span> <span class='ocrx_word' id='word_1_838' title='bbox 1688 2758 1736 2784; x_wconf 84' lang='grc' dir='ltr'>τοῦ</span> <span class='ocrx_word' id='word_1_839' title='bbox 1765 2754 1885 2793; x_wconf 73' lang='grc' dir='ltr'>μεγάλου</span> 
     </span>
    </p>
   </div>
   <div class='ocr_carea' id='block_1_114' title="bbox 1063 2799 1885 2843">
    <p class='ocr_par' dir='ltr' id='par_1_114' title="bbox 1063 2799 1885 2843">
     <span class='ocr_line' id='line_1_115' title="bbox 1063 2799 1885 2843; baseline -0.009 -9"><span class='ocrx_word' id='word_1_840' title='bbox 1063 2805 1219 2843; x_wconf 77' lang='grc' dir='ltr'>σχήματος,</span> <span class='ocrx_word' id='word_1_841' title='bbox 1248 2804 1294 2833; x_wconf 83' lang='grc' dir='ltr'>καὶ</span> <span class='ocrx_word' id='word_1_842' title='bbox 1321 2801 1444 2834; x_wconf 75' lang='grc' dir='ltr'>εὐλαϐῶς</span> <span class='ocrx_word' id='word_1_843' title='bbox 1472 2801 1546 2840; x_wconf 71' lang='grc' dir='ltr'>ἔχειν</span> <span class='ocrx_word' id='word_1_844' title='bbox 1582 2801 1626 2829; x_wconf 83' lang='grc' dir='ltr'>καὶ</span> <span class='ocrx_word' id='word_1_845' title='bbox 1655 2802 1761 2838; x_wconf 83' lang='grc' dir='ltr'>σεμνῶς</span> <span class='ocrx_word' id='word_1_846' title='bbox 1786 2799 1813 2828; x_wconf 82' lang='grc' dir='ltr'>ἐν</span> <span class='ocrx_word' id='word_1_847' title='bbox 1847 2801 1885 2835; x_wconf 84' lang='grc' dir='ltr'>τῷ</span> 
     </span>
    </p>
   </div>
   <div class='ocr_carea' id='block_1_115' title="bbox 1061 2843 1882 2889">
    <p class='ocr_par' dir='ltr' id='par_1_115' title="bbox 1061 2843 1882 2889">
     <span class='ocr_line' id='line_1_116' title="bbox 1061 2843 1882 2889; baseline -0.007 -11"><span class='ocrx_word' id='word_1_848' title='bbox 1061 2849 1167 2889; x_wconf 70' lang='grc' dir='ltr'>τρέφειν</span> <span class='ocrx_word' id='word_1_849' title='bbox 1197 2849 1223 2878; x_wconf 71' lang='grc' dir='ltr'>ἰν</span> <span class='ocrx_word' id='word_1_850' title='bbox 1251 2850 1328 2889; x_wconf 83' lang='grc' dir='ltr'>ψυχῇ</span> <span class='ocrx_word' id='word_1_851' title='bbox 1353 2847 1458 2878; x_wconf 73' lang='grc' dir='ltr'>τὲλιιυν</span> <span class='ocrx_word' id='word_1_852' title='bbox 1483 2843 1567 2887; x_wconf 73' lang='grc' dir='ltr'>φόϐον</span> <span class='ocrx_word' id='word_1_853' title='bbox 1590 2847 1640 2875; x_wconf 79' lang='grc' dir='ltr'>τοῦ</span> <span class='ocrx_word' id='word_1_854' title='bbox 1653 2847 1730 2874; x_wconf 81' lang='grc' dir='ltr'>Θεοῦ.</span> <span class='ocrx_word' id='word_1_855' title='bbox 1745 2845 1780 2875; x_wconf 79' lang='grc' dir='ltr'>Οἱ</span> <span class='ocrx_word' id='word_1_856' title='bbox 1793 2846 1882 2873; x_wconf 87' lang='grc' dir='ltr'>τοιοῦ-</span> 
     </span>
    </p>
   </div>
  </div>
