2018 3158
105 172 172 202 797

613 175 663 205 DE
684 175 933 207 EMENDANDA
954 175 1048 206 VITA
1070 174 1312 207 MONACHIGA.

1759 177 1818 208 798

101 247 153 264 τοι
181 238 270 272 πάσης
300 239 435 275 κοσμικῆς
474 238 671 278 ἀπηλλάγησαν
690 241 860 277 ἐπιθυμίας,
890 251 920 268 κα

992 243 1056 269 unt.
1078 241 1137 278 Ipsi
1160 251 1176 269 a
1200 241 1330 278 qualibet
1351 241 1501 268 mundana
1524 241 1761 278 concupiscentia
1785 251 1816 273 se

99 283 161 308 τῶν
186 282 255 309 κατὰ
284 282 368 320 σάρκα
402 286 548 321 συγγενῶν,
577 285 725 322 ἀνθρώπων
753 284 860 320 δηλαδὴ
890 285 934 312 καὶ

100 328 214 360 παθῶν,
239 327 280 357 οἷς
303 327 329 354 o't
349 326 478 364 ἐμπαθεῖς
508 331 606 366 μικροῦ
634 328 687 356 δεῖν
714 329 758 356 καὶ
789 330 934 357 συνουσιώ-

103 376 179 406 μεθα
197 370 264 398 κατὰ
287 370 409 406 σύντηξιν
436 373 486 407 τήν
516 373 545 400 ἐκ
566 372 677 412 φαύλων
702 377 862 409 συνηθειῶν.
883 374 936 401 Αὖ-

97 415 149 442 103
179 415 224 442 τὸν
253 417 303 443 τοῦ
330 418 396 444 Θεοῦ
425 415 566 454 ἄνθρωπον
594 418 772 454 ἀνεκαίνισαν,
789 417 934 456 ἐνδυσάμε-

96 469 146 486 νοι
175 459 211 496 τῇ
241 461 289 487 τοῦ
318 459 437 488 παλαιοῦ
463 461 589 490 ἀποθέσει
618 463 664 490 τὸν
681 463 749 498 νέον,
766 463 797 495 ’ὀς
826 462 932 499 ἐκτίσθη

95 504 162 531 κατ’
179 502 271 532 ιῒκόνα
286 507 364 532 Θεοῦ.

137 563 194 594 πϐ’.
211 567 259 602 Τῷ
272 567 389 604 τοιούτῳ
416 571 533 606 μοναχῷ
565 570 582 604 ἡ
610 571 660 603 τῆς
687 571 830 607 μετανοίας
855 569 935 605 ἤνοι-

96 621 165 638 κται
195 611 263 649 θύρα
285 613 354 639 κατὰ
380 613 429 648 τήν
451 613 552 650 ἀψιυδῆ
568 618 619 650 τῆς
647 617 746 653 κουρᾶς
777 615 935 653 ὑπόσχεσιν,

95 655 146 682 καὶ
163 657 177 682 ὁ
193 656 314 693 χρηστὸς
341 658 420 694 ζυγὸς
444 656 528 696 ἤρθη,
554 659 598 686 καὶ
622 660 653 686 τὸ
682 659 798 698 ἐλαφρὸν
822 657 933 687 ἐϐαστά-

99 705 160 737 χθη
188 699 371 738 φορτίον.Ἦν
398 704 439 738 τῷ
463 702 535 730 οὕτω
561 703 664 740 βιοῦντι
689 705 733 731 καὶ
751 705 764 731 ὁ
781 705 933 742 ἀγιώτατος

99 744 218 780 σταυρὸς
242 743 283 771 in’
299 742 383 781 ὤμων
411 746 459 782 μὲν
488 746 637 786 φερόμενος
666 748 704 779 εἷς
730 751 881 786 Κυρηναῖον
902 747 932 775 ἂν

98 788 218 824 Σίμωνα
246 788 375 817 εἷκονίσοι
403 791 449 818 τὸν
472 791 594 828 αἴροντα·
609 792 639 819 ἐκ
653 796 706 830 γῆς
728 792 756 820 δὶ
784 793 862 821 αὐτὸν
890 793 933 835 αἲξ

98 842 169 870 ρων,
192 833 237 860 καὶ
262 833 511 871 προσπατταλιύων
539 838 580 872 τῷ
606 839 655 864 τοῦ
682 839 749 864 Θεοῦ
773 838 860 874 πόθῳ,
888 833 932 866 κοιῐ

98 875 231 912 καθηλῶν
249 876 279 904 ἐκ
293 880 340 905 τοῦ
356 876 443 918 φόϐου
465 879 548 907 αὐτοῦ
568 881 616 912 τὰς
642 880 740 919 σάρκας
768 884 815 910 τοῦ
849 883 932 918 ἀσκη-

990 285 1213 322 elongaverunt,
1229 288 1256 313 et
1270 294 1287 313 a
1309 284 1441 320 cognatis
1458 286 1620 314 secundum
1637 294 1766 323 carnem,
1779 289 1815 316 ab

989 329 1160 358 hominibus
1182 331 1293 358 scilicet
1307 333 1335 358 et
1351 329 1550 366 passionibus,
1571 331 1680 366 quibus
1698 332 1815 361 obnoxii

990 374 1048 402 fere
1069 374 1338 402 consubstantiales
1363 382 1478 407 sumus,
1495 376 1614 410 propter
1634 375 1813 405 commistio-

990 427 1056 447 nem
1072 427 1087 447 e
1103 427 1192 455 prava
1208 419 1428 447 conversatione
1452 421 1651 447 consecutam.
1668 420 1702 447 Hi
1717 420 1812 448 homi-

988 471 1057 491 nem
1078 463 1129 492 Dei
1149 465 1336 497 renovarunt,
1362 463 1493 499 deposito
1517 463 1606 491 veteri
1629 465 1659 492 et
1680 472 1754 493 novo
1768 465 1813 493 in-

989 508 1070 542 duto,
1088 508 1136 544 qui
1153 509 1188 536 ad
1204 507 1363 544 imaginem
1381 507 1429 536 Dei
1445 510 1560 536 creatus
1575 510 1629 536 est.

1024 571 1068 598 82.
1086 571 1158 598 Huic
1173 571 1316 599 monacho
1331 572 1432 607 aperta
1451 572 1495 598 est
1520 570 1695 606 pcenitentize
1706 571 1810 607 janua,

988 615 1149 643 secundnm
1161 623 1291 643 veracem
1303 617 1429 643 tonsurae
1438 614 1677 643 constitutionem
1688 616 1810 652 ;jugum

989 667 1076 687 suave
1091 659 1241 688 sublatum
1254 662 1307 694 est,
1324 661 1352 687 et
1376 659 1539 694 bajulatnm
1564 667 1638 687 onus
1661 660 1732 688 leve.
1753 661 1809 688 Ho-

989 703 1098 731 minem
1112 704 1154 731 sic
1169 705 1306 732 virtutem
1323 712 1393 731 crux
1406 702 1595 731 sanctissima
1609 703 1740 730 humeris
1756 703 1810 731 im-

988 748 1084 784 posita
1098 750 1298 776 assumentem
1315 747 1441 776 similem
1464 747 1587 775 Simonii
1611 747 1653 774 illi
1675 748 1808 784 Cyrenaeo

988 792 1094 826 efﬁcit;
1111 794 1139 820 et
1153 801 1220 820 cum
1236 800 1304 820 eum
1334 801 1350 820 e
1372 794 1449 820 terra
1465 791 1610 819 elevatum
1627 792 1747 827 conligit
1759 791 1809 820 Dei

987 837 1143 871 desiderio,
1165 845 1181 865 e
1201 838 1264 873 ejus
1288 830 1390 865 carnes
1412 836 1518 864 timore
1541 836 1657 863 Domini
1673 836 1808 872 percutit,

986 880 1028 909 ita
1053 885 1086 909 ut
1121 884 1213 909 morte
1251 881 1436 917 compatienti
1470 880 1627 909 cruciﬁxus
1662 880 1806 914 videatur,

96 922 160 954 τοῦ,
176 920 213 951 ὡς
231 919 318 949 δοκεῖν
341 925 520 960 σταυροῦσθαι
547 925 583 960 τῇ
609 927 738 963 νεκρώσει
764 930 813 961 τῆς
842 927 920 963 ἔμπα¹

985 926 1121 954 eumdem
1147 927 1182 954 ad
1210 926 1402 953 imilationem
1427 925 1586 952 Salvatoris
1615 924 1708 952 nostri
1736 925 1807 953 Jesu

99 964 240 1009 ﬁstucisk
259 967 383 1002 μιμητὴν
398 967 477 995 αὐτὸν
496 968 594 1006 ἀνυψοῖ
620 971 667 997 τοῦ
687 973 817 1009 Σῶτῆρος
847 973 928 1009 ἡμῶν

105 1007 198 1042 Ἰησοῦ
233 1010 370 1044 Χριστοῦ·
397 1011 436 1042 ὡς
467 1012 535 1048 μετὰ
564 1014 613 1048 τὴν
650 1007 799 1053 σταύρωσιν
827 1007 926 1052 ταύτην

102 1052 221 1091 ταφέντα
247 1055 282 1090 τῇ
309 1055 378 1082 κατά
406 1056 469 1084 Θεὸν
497 1058 657 1086 ταπεινώσει
682 1052 855 1095 ὶξαναστῆναι
888 1061 926 1093 εἲς

192 1097 315 1145 αῗωνίαν,
331 1099 376 1127 καὶ
392 1099 499 1139 ἰμφανῆ
519 1102 664 1140 γινόμενον
691 1107 749 1135 τοῖς
776 1104 854 1133 αὐτὸν
883 1117 927 1145 φι-

102 1139 182 1186 λοῦσι
224 1143 357 1178 μαθηταῖς
373 1166 380 1179 ,
411 1145 455 1172 καὶ
496 1147 620 1183 τεράστια
659 1139 894 1186 κατεργασάμενον
918 1169 925 1182 ,

100 1184 356 1232 dvalmpO-ﬁvatrci'c
382 1189 428 1216 τὸν
458 1189 568 1226 ὕψιστον
599 1184 927 1232 Πατέρα,καὶκληρονο-

101 1232 187 1274 μνῆσαι
201 1233 255 1258 τῶν
276 1231 358 1259 αὐτοῦ
385 1233 505 1270 ἀγαθῶν,
519 1235 563 1262 καὶ
588 1235 776 1274 ἀναδραμόντα
800 1238 838 1269 είς
853 1231 924 1271 εὐθὺ

99 1273 188 1311 ιὺρεῖν
204 1275 352 1303 ἀνάπαυσιν
379 1279 414 1314 τῇ
440 1278 523 1305 αὐτοῦ
551 1281 640 1317 ψυχῇ,
655 1273 727 1313 καθὸ.
737 1282 751 1309 ὁ
766 1282 834 1310 κατὰ
847 1285 925 1311 πνεῦ-

99 1327 138 1353 μα
152 1317 248 1356 κείρων
263 1319 343 1347 αὐτὸν
359 1319 495 1357 ἐπεύξατο.

133 1380 189 1417 πγί.
264 1381 382 1419 τοιούτῳ
402 1383 447 1410 καὶ
472 1384 486 1411 ὁ
514 1384 656 1423 κούριμος,
673 1387 710 1420 ὡς
731 1387 803 1416 οὕτω
831 1390 921 1428 φάναι,

97 1427 150 1470 τῇς
177 1425 289 1470 τελετῆς
325 1427 414 1464 γάμος
452 1427 567 1466 προέϐη,
596 1431 640 1458 καὶ
667 1432 681 1459 ὁ
710 1425 923 1470 ἀχειροποίητος

98 1466 240 1516 ξθεωρλήθη
255 1470 473 1516 νυμφὼν,
499 1471 598 1505 ἄνωθεν
628 1474 654 1511 ἐξ
679 1466 793 1513 οὐρανοῦ
818 1466 921 1516 ὑφαντή

99 1511 210 1546 ἐπετέθη
227 1514 324 1549 στολὴ,
339 1515 384 1542 καὶ
405 1515 494 1544 τᾶλλα
519 1518 603 1546 πάντα
624 1511 846 1558 προσήρμοσται,
862 1511 921 1554 eeo;

99 1560 188 1594 πρεπῆ
217 1559 361 1604 μυστήρια·
379 1558 444 1595 ὦνὴ
461 1557 562 1593 ἕκθεσις
583 1563 739 1599 ταμιεύεται
770 1565 818 1601 μὲν
848 1566 921 1604 ἱερο-

983 969 1091 998 Christi
1107 970 1202 1006 erigit.
1219 971 1254 998 Et
1278 972 1344 1005 post
1368 970 1442 997 hanc
1463 969 1694 997 immolationem
1711 969 1808 1005 sepul-

981 1016 1031 1042 tus
1045 1015 1145 1042 divina
1161 1014 1326 1042 humilitate
1342 1016 1475 1050 resurget
1491 1013 1519 1041 in
1535 1014 1626 1042 vitam
1641 1015 1780 1042 (sternam
1798 1022 1805 1047 ;

979 1058 1121 1094 visusque
1149 1058 1305 1094 discipulis
1329 1066 1396 1086 eum
1428 1057 1629 1094 diligentibus,
1649 1057 1806 1094 clarusque

981 1102 1134 1131 miraculis
1161 1111 1225 1139 quas
1249 1107 1384 1138 operalus
1406 1104 1460 1136 est,
1490 1103 1658 1130 assumatur
1686 1102 1722 1130 ad
1750 1104 1805 1130 Pa-

979 1148 1056 1175 trem
1071 1147 1230 1182 excelsum,
1247 1147 1323 1175 bona
1334 1147 1397 1182 ejus
1413 1146 1546 1182 accipiet,
1556 1146 1675 1182 vitaque
1689 1145 1806 1175 avolans

980 1192 1111 1227 requiem
1127 1192 1231 1219 animas
1248 1200 1307 1219 suae
1323 1191 1461 1225 inveniet,
1478 1199 1568 1226 quam
1589 1199 1658 1219 eum
1677 1191 1804 1220 tondens

979 1235 1171 1271 spiritualiter
1185 1236 1391 1272 spoponderat.

1012 1393 1057 1419 83.
1089 1392 1162 1421 Huic
1190 1395 1219 1421 et
1247 1392 1413 1421 convivium
1442 1392 1574 1428 nuptiale
1597 1393 1735 1424 tonsuras,
1769 1393 1803 1419 ut

976 1436 1018 1464 ita
1043 1437 1148 1471 dicam,
1174 1437 1355 1473 opponitur;
1387 1436 1457 1464 huic
1482 1439 1634 1464 ostensum
1656 1437 1701 1463 est
1726 1443 1802 1471 nup-

975 1481 1044 1509 tiale
1058 1481 1227 1510 cubiculum
1244 1490 1301 1509 non
1318 1489 1407 1509 manu
1423 1481 1542 1515 factum,
1555 1483 1642 1516 atque
1653 1481 1689 1507 de
1704 1480 1773 1514 alto,
1786 1488 1801 1508 e

976 1525 1048 1553 coelo
1069 1526 1157 1554 vestis
1180 1526 1290 1554 textilis
1316 1525 1406 1553 allata
1421 1527 1475 1558 est,
1492 1533 1525 1552 ac
1547 1527 1648 1552 caatera
1664 1524 1800 1560 pulcher-

976 1571 1052 1598 rima
1067 1571 1205 1607 mysteria
1220 1571 1439 1599 accommodata
1463 1572 1541 1603 sunt,
1560 1577 1685 1605 quorum
1701 1568 1799 1605 expla-

97 1603 235 1641 γραφικῶς
253 1600 362 1640 βίϐλοις
378 1604 502 1644 Πατὲρων
528 1607 698 1645 ἁγιωτάτων,
714 1609 740 1636 οἳ
766 1600 800 1637 τὰ
827 1600 919 1638 τοιαῦ-

977 1600 1218 1643 nanatio'tradita
1239 1617 1370 1643 servatur
1393 1615 1421 1642 in
1449 1614 1532 1642 libris
1558 1616 1727 1641 sanctorum
1743 1615 1800 1641 Pa-

94 1655 128 1672 τα
155 1645 180 1683 ἐξ
210 1647 407 1685 ἀποκαλύψεων
446 1649 663 1687 ἐνομοθέτησαν·
693 1653 847 1682 ἐκλαλεῖται
881 1655 919 1688 δὲ,

95 1689 139 1717 ὅτε
166 1691 364 1737 προσφέρονται
393 1696 432 1730 τῷ
461 1697 519 1731 Θεῷ
547 1697 572 1723 οἱ
596 1697 664 1725 κατὰ
678 1700 785 1735 πνεῦμα
799 1710 920 1737 παγκρα-

93 1735 210 1770 τιασταὶ,
234 1737 279 1763 καὶ
309 1736 461 1772 ἐξακούεται
499 1741 558 1772 τοῖς
595 1735 848 1780 παρατυγχάνουσι..
870 1745 918 1772 Καὶ

94 1780 309 1828 ιινιτντηρούμεναΔ
326 1782 374 1818 μὲν
392 1782 544 1821 βελτιοῦσιν
572 1785 610 1817 εἷς
635 1787 735 1815 κοινόν·
754 1788 792 1824 μή
818 1789 918 1828 φυλατ-

94 1823 196 1868 τόμενα
220 1823 259 1860 δὲ,
283 1825 329 1854 τὸν
359 1828 507 1865 ταξάμενον
543 1830 590 1866 μὲν
617 1823 779 1868 βλάπτουσι,
799 1823 863 1865 τοὺς
891 1833 919 1861 δὲ

94 1867 208 1900 λοιποὺς
231 1868 422 1908 σκανδαλίζου,
447 1873 490 1900 καὶ
516 1874 548 1901 τὸ
573 1873 722 1904 σκάνδαλον
753 1876 784 1904 ού
810 1878 841 1905 τὸ
869 1888 918 1906 τυ-

93 1914 154 1950 χὸν,
170 1911 234 1941 ἀλλ’
249 1915 306 1942 οἷον
329 1914 368 1947 εἴς
393 1914 499 1953 βλάϐην
529 1919 623 1954 κοινὴν
648 1919 839 1957 ἀποτελιυτᾷν,
853 1932 916 1949 καυ-

92 1957 271 2012 τηριάζουσαν
301 1958 425 1997 καρδίας,
453 1961 490 1994 ὡς
528 1962 578 1990 οὐκ
614 1962 645 1992 ἃν
680 1965 694 1992 ὁ
732 1966 796 1997 Θεὸς
838 1972 916 2005 θερα-

92 2011 158 2029 πευο
162 2012 212 2031 ιτο.

125 2071 178 2102 τπδ’.
194 2074 247 2119 Καὶ
275 2075 377 2104 τοιοίδε
407 2076 454 2113 μὲν
485 2079 510 2105 οἱ
538 2079 587 2114 τήν
605 2079 676 2107 θείαν
700 2081 799 2119 κουρὰν
814 2084 916 2119 τιμῶν-

89 2128 142 2153 τες,
158 2118 203 2146 καὶ
231 2120 276 2147 ὑπ’
289 2120 372 2156 αὐτῆς
397 2122 563 2159 τιμώμενοι,
579 2124 629 2152 Καὶ
660 2124 711 2152 sic?
739 2118 859 2154 τοιοῦτοι
888 2127 914 2154 οἱ

91 2160 116 2207 ἐν
132 2160 216 2200 ἔρισι,
231 2164 276 2192 καὶ
303 2165 460 2202 σπηλαίοις,
475 2167 520 2194 καὶ
546 2167 674 2206 ῥωχμαῖς
698 2171 760 2207 γῆς,
780 2171 825 2198 καὶ
852 2171 913 2198 στύ-

91 2206 158 2242 λοις,
171 2208 215 2236 καὶ
230 2207 414 2247 ἐγκλεισμοῖς,
429 2211 474 2239 καὶ
489 2212 548 2239 ὅσοι
577 2213 658 2242 ἄλλοι
687 2206 840 2247 πολυειδῶς
867 2216 914 2243 τὸν

91 2251 190 2288 κόσμον
199 2252 378 2296 ,κρύπτονταμ
396 2255 475 2293 Γέμει
491 2255 520 2284 δὲ
547 2257 688 2290 πολιτείας
711 2259 839 2296 τοιαύτης
866 2260 912 2288 καὶ

91 2296 160 2332 ἡτῷ
188 2294 245 2325 ὄντι
272 2298 477 2338 Μιγαλόπολις,
498 2301 530 2329 τὸ
558 2305 606 2330 τοῦ
634 2303 739 2341 κόσμου
767 2294 882 2340 κάλλος,
899 2298 952 2333 ὁῙ)

90 2343 138 2388 τῆς
156 2343 208 2388 γῆς
222 2341 306 2388 καλὸς
321 2345 366 2388 καὶ
389 2343 491 2382 γλυκὺς
511 2345 663 2386 ὀφθαλμός·
681 2349 750 2376 ὅπου
773 2349 818 2377 καὶ
833 2348 912 2388 λόγοι

93 2384 247 2422 ἆρετῶντες,
261 2386 307 2414 καὶ
326 2385 439 2426 ἕλλογοι
454 2384 556 2428 ἀρεταί·
573 2393 606 2427 ἢν
628 2391 655 2420 εἷ’
678 2404 720 2425 τις
749 2393 836 2429 ἐξέλοι
862 2384 911 2422 τοῦ

91 2428 203 2475 κόσμου,
223 2431 330 2466 μήποτε
344 2432 394 2460 οὐκ
406 2432 437 2461 ἂν
453 2432 492 2462 ἔτι
521 2435 584 2464 οὖδὶ
612 2437 714 2475 κόσμον
739 2438 819 2467 αὐτὸν
846 2440 910 2467 ιῖναι

226 2475 334 2520 Ταύτης
361 2477 494 2516 τρόφιμον
523 2481 591 2509 ἅπαν
621 2473 728 2520 ἀγαθόν·
754 2484 798 2511 καὶ
834 2483 861 2512 εἶ’
884 2495 910 2512 τι

92 2517 118 2546 δὲ
132 2518 230 2551 ἅλλυθί
257 2530 310 2547 που
328 2522 523 2561 παραφαίνεται
551 2517 648 2563 καλὸν,
668 2527 767 2555 ἐκεῖθεν
798 2527 911 2556 butt-ca-

90 2573 139 2592 ται.
156 2563 320 2602 Παράδεισός
348 2575 389 2596 τις
417 2565 495 2601 αὐτὴ,
522 2568 554 2596 οὐ
576 2570 714 2608 τέσσαρσιν
741 2570 910 2607 ἐκϐλύζουσα

90 2611 218 2653 ποταμοῖς
245 2609 389 2647 μεγάλοις,
405 2609 478 2638 ἀλλὰ
501 2613 608 2651 μυρίοις
635 2616 719 2653 ὅσοις,
735 2615 836 2644 ἄλλοτε
861 2615 908 2645 ἅλ-

91 2651 422 2699 λοις-ἀναστομουμὲνοις
461 2655 498 2687 εἷς
533 2658 672 2697 ἀπόρρυτα
699 2651 834 2699 χεύματα,
862 2663 905 2690 καὶ

91 2696 196 2743 γλυκέα,
215 2698 270 2743 ’καὶ
298 2698 436 2736 πλήσμια.
465 2701 571 2738 Ταύτης
605 2696 651 2731 καὶ
678 2696 720 2732 re?
738 2696 818 2738 κύτος
847 2706 908 2743 μὲν,

91 2741 146 2789 ὅσον
173 2740 302 2789 ὶμϐαδρν,
333 2743 502 2781 μεμέστωται
538 2747 763 2788 μεγαλοσχήμων
791 2740 907 2789 ἀνδρῶν,

91 2785 114 2814 οἳ
139 2787 227 2826 φωτὸς
249 2787 423 2834 Δἱκφαίνονίῖαι
451 2789 557 2834 στῦλοι,
580 2785 711 2822 κάτωθεν
729 2794 777 2833 μὶν
803 2785 906 2834 ἐκλάμέ

91 2840 201 2868 come,
227 2831 428 2872 οὐρανομήκεις
452 2832 482 2865 δὶ
504 2839 564 2871 ταῖς
597 2831 736 2880 ὶκφάνσισι
763 2840 811 2870 τοῦ
838 2831 907 2872 κατὰ

975 1661 1055 1687 trum
1071 1660 1120 1696 qui
1144 1668 1178 1688 ea
1200 1668 1234 1688 ex
1256 1659 1430 1687 revelatione
1445 1658 1719 1692 constituerunt-,et
1734 1666 1800 1694 pro-

976 1704 1077 1740 fertur,
1098 1713 1166 1733 cum
1195 1703 1365 1740 spirituales
1393 1703 1511 1731 athletae
1538 1703 1596 1731 Deo
1624 1703 1800 1736 offeruntur,

974 1751 1003 1776 et
1019 1749 1055 1777 ab
1069 1749 1234 1777 astantibus
1262 1748 1392 1776 auditur.
1423 1749 1490 1781 Quae
1519 1747 1673 1775 observata
1699 1747 1798 1775 melio-

974 1801 1036 1821 rem
1065 1794 1192 1822 reddunt
1219 1793 1481 1826 communitatem;
1509 1794 1537 1820 et
1565 1800 1624 1820 non
1650 1791 1800 1819 custodita

972 1837 1177 1866 instituentem
1203 1837 1370 1871 vulnerant,
1390 1836 1520 1872 reliquos
1536 1839 1634 1864 autem
1651 1835 1797 1864 scandali-

971 1884 1039 1910 zent
1053 1891 1111 1910 non
1126 1890 1302 1918 quocunque
1313 1881 1466 1914 seandalo,
1481 1881 1531 1909 sed
1547 1883 1677 1909 vertente
1693 1880 1722 1908 in
1736 1880 1798 1908 rui-

971 1935 1041 1954 nam
1056 1927 1230 1962 multorum,
1249 1927 1279 1954 in
1302 1926 1399 1954 cordis
1424 1925 1641 1954 indurationem
1667 1924 1725 1961 ipsi
1740 1925 1798 1953 Deo

971 1969 1178 1999 insanabilem.

1004 2086 1048 2113 84.
1065 2084 1147 2113 Tales
1164 2087 1234 2113 sunt
1248 2085 1300 2121 qui
1313 2085 1442 2112 divinam
1457 2087 1610 2113 tonsuram
1626 2084 1794 2118 honestant,

967 2131 997 2157 et
1010 2130 1045 2157 ab
1060 2138 1094 2157 ea
1106 2129 1311 2157 honestantur.
1327 2128 1412 2157 Tales
1435 2131 1504 2156 sunt
1520 2129 1570 2164 qui
1585 2128 1615 2156 in
1631 2127 1794 2163 montibus,

967 2173 998 2205 in
1011 2174 1114 2208 antris,
1126 2174 1156 2201 in
1171 2173 1286 2202 ﬁssuris
1303 2175 1396 2204 terrea.
1410 2173 1439 2200 in
1455 2172 1704 2208 columnis,super
1713 2172 1795 2199 clau-

967 2218 1049 2253 stris,
1065 2220 1093 2246 et
1110 2218 1279 2254 quicunque
1296 2218 1438 2245 mundum
1465 2217 1545 2245 mille
1560 2217 1656 2245 modis
1672 2217 1794 2245 diversis

967 2263 1123 2299 eﬂ‘ugiunt.
1153 2262 1212 2290 Hac
1240 2262 1354 2290 vivendi
1383 2263 1495 2290 ratione
1522 2261 1610 2298 plena
1624 2264 1669 2290 est
1695 2261 1797 2290 civitas

967 2316 1065 2336 revera
1079 2306 1278 2343 Megalopolis,
1295 2306 1483 2343 pulchritudo
1499 2306 1613 2340 mundi,
1632 2305 1753 2342 pulcher
1767 2309 1797 2334 et

966 2352 1061 2380 dulcis
1077 2354 1159 2380 terrae
1175 2351 1290 2386 oculus,
1308 2352 1359 2379 ubi
1375 2351 1468 2379 virtus
1483 2353 1528 2380 est
1543 2351 1660 2385 rationi,
1676 2352 1706 2379 et
1719 2351 1794 2379 ratio

965 2397 1086 2431 virtuti;
1103 2405 1194 2433 quam
1220 2396 1245 2423 si
1269 2396 1336 2432 quis
1361 2397 1396 2424 de
1418 2397 1529 2424 mundo
1554 2395 1699 2430 evelleret,
1730 2396 1793 2433 ipse

965 2441 1095 2469 mundus
1120 2441 1248 2477 amplius
1263 2449 1321 2469 non
1337 2442 1498 2469 exsisteret.
1515 2440 1588 2468 Huic
1608 2440 1690 2468 cibus
1705 2449 1791 2469 omne

965 2486 1075 2514 bonum
1096 2495 1103 2520 ;
1134 2486 1158 2514 si
1173 2486 1244 2521 quid
1266 2485 1422 2522 pulchrum
1448 2485 1555 2514 alicubi
1580 2485 1706 2521 videtur,
1722 2486 1791 2514 inde

964 2530 1121 2559 derivatur.
1153 2531 1218 2566 Ipsa
1241 2530 1362 2566 quidam
1385 2530 1540 2566 paradisus
1565 2538 1623 2557 non
1636 2530 1699 2565 jam
1715 2539 1791 2566 qua-

963 2578 1031 2603 tuor
1049 2575 1165 2611 magnis
1188 2575 1361 2603 ﬂuminibus
1388 2575 1538 2611 irrigatus,
1559 2575 1609 2602 sed
1637 2574 1716 2602 mille
1740 2576 1789 2611 qui

963 2621 1020 2649 alia
1045 2620 1115 2648 alibi
1136 2622 1242 2648 exeunt
1267 2620 1296 2648 in
1319 2619 1422 2648 ﬂuvios
1446 2621 1628 2653 emanantes,
1645 2619 1745 2647 dulces
1761 2621 1790 2647 et

963 2665 1075 2702 plenos.
1092 2664 1186 2700 Hujus
1205 2664 1327 2698 viscera,
1345 2673 1409 2700 quae
1436 2663 1610 2692 habitabilis.
1628 2666 1709 2696 sunt,
1725 2672 1787 2691 ma-

961 2718 1034 2746 gnos
1048 2709 1126 2737 viros
1151 2711 1278 2746 portant,
1299 2709 1349 2744 qui
1372 2709 1510 2737 videntur
1533 2708 1676 2736 columnae
1699 2707 1785 2741 lucis,

961 2754 1038 2782 infra
1057 2753 1182 2789 elucent,
1207 2756 1235 2781 et
1259 2753 1295 2781 ad
1324 2753 1431 2782 ccslum
1455 2754 1628 2790 pertingant
1653 2751 1785 2788 exemplo

959 2799 1025 2826 vita
1048 2799 1155 2826 sancta
1176 2799 1205 2826 et
1228 2797 1289 2826 sole
1313 2797 1458 2827 clarioris.
1492 2799 1574 2826 Hanc
1602 2795 1787 2825 circumdant

961 2843 994 2873 ut
1013 2841 1123 2874 circulo
1142 2841 1238 2879 major
1261 2841 1400 2878 circulus,
1424 2840 1470 2872 vel
1491 2841 1581 2872 etiam
1609 2839 1686 2870 sicut
1699 2839 1785 2877 polus
