2018 3158
198 182 258 213 ’199

587 183 800 215 EUSTATHII
821 180 1206 214 TEESSALONICENSIS
1227 181 1520 212 METROPOLITE

1856 179 1928 211 800

200 247 274 282 ccnli,
303 248 399 277 vicina
426 249 614 283 monasteria,
638 249 702 278 loca
730 249 808 277 varia
837 250 865 276 et
890 248 951 276 vita
974 247 1022 284 pia

1089 247 1141 274 ὶεὸν
1159 243 1376 281 ἡλιοῦολοῦντος
1395 246 1466 285 βίου.
1481 246 1640 284 Πιριθὲουσι
1670 245 1699 274 δὶ
1728 246 1827 280 αὐτὴν,
1846 245 1928 272 καθὰ

199 293 325 321 diversa.
351 293 464 325 Quibus
488 294 602 329 objecet
636 294 821 330 Propontidis
845 293 961 326 fretum,
986 293 1022 319 ab

199 337 335 374 ingressu
352 346 445 374 usque
475 338 510 365 ad
540 338 646 366 molem
675 338 789 366 Euxini.
806 338 919 370 Quibus
939 337 1023 365 bonis

200 383 333 410 ditantur
347 385 375 410 et
389 382 490 410 insula:
506 391 579 418 quas
593 382 643 410 illa
657 382 745 410 habet.
759 381 924 417 Propontis.

1077 290 1121 317 καί
1148 300 1189 322 τις
1217 290 1318 322 κύκλος
1345 290 1389 319 ἐπὶ
1417 290 1522 328 κύκλῳ,
1538 291 1583 318 καὶ
1614 291 1694 321 αὐτὸς
1727 290 1823 328 μέγας,
1849 289 1923 316 ὡσεὶ

1077 334 1122 362 καί
1150 346 1191 367 τις
1219 336 1343 374 οὐράνιος
1369 336 1474 373 πόλος,
1504 336 1536 363 τὰ
1563 335 1640 373 πέριξ
1680 335 1831 372 ἐξωτερικὰ
1876 344 1926 361 σε-

1081 382 1170 416 μνεῖα,
1185 380 1218 407 τὰ
1244 380 1288 408 καὶ
1314 381 1460 408 πολύτοπα
1485 383 1520 413 τῆ
1537 381 1618 415 Θέσει,
1634 380 1678 408 καὶ
1706 383 1749 416 τῷ
1762 379 1835 407 κατὰ
1852 379 1925 406 Θεὸν

201 423 253 462 ϐίῳ
280 425 451 464 πολύτροποι.
482 423 673 464 Ιίροῦἐϐληται
702 425 730 453 δὲ
760 426 826 453 αὐτὰ
853 425 897 452 καὶ
928 426 941 452 ὁ
969 428 1018 459 τῆς
1035 423 1224 462 Προποντίδος
1254 424 1357 461 αὐλὼν,
1374 427 1441 464 πρὸς
1469 428 1574 464 κουρῶν
1605 426 1689 464 μὲχρι
1718 425 1764 452 καὶ
1798 424 1840 455 εἰς
1874 424 1927 454 τὰς

203 471 328 506 Εὐξείνου
354 468 507 509 προϐολὰς,
522 471 566 498 καί
595 481 647 498 που
672 471 716 498 καὶ
746 471 852 510 ἐφεξῆς.
868 470 1019 498 Πλουτοῦσι
1049 468 1078 496 δὲ
1104 468 1200 501 καλοῖς
1228 470 1365 502 τοιούτοις
1390 471 1436 498 καὶ
1461 474 1552 506 νῆσοι,
1568 471 1662 506 δσαςή
1679 468 1842 508 Προποντὶς
1875 467 1928 495 αὕ-

196 526 230 549 τη
249 514 353 550 κλύζει.

232 570 277 597 85.
296 569 382 598 Plena
397 573 467 598 sunt
482 570 540 598 ista
554 570 732 598 monasteria
749 570 846 598 ovium
872 577 1023 598 sacrarum

199 614 338 650 gregibus
370 615 545 650 innumeris,
576 618 608 643 ut
637 616 677 643 ait
708 615 869 651 Scriptura,
899 613 1023 641 aliarum

199 659 264 686 aliis
281 659 376 686 modis
392 661 554 687 tonsarum.
586 661 693 688 Omnes
714 668 780 688 vero
808 659 844 687 ad
875 659 1023 686 dexteram

200 703 248 730 Dei
265 704 390 738 pastoris
407 707 557 740 pastorum
575 705 730 740 pertinent.
756 707 815 732 Non
841 703 919 731 enim
951 702 1026 729 inter

199 755 248 775 eos
265 747 350 782 haedi,
367 749 402 776 ad
429 748 580 777 sinistram
608 750 755 783 reservali,
776 748 943 776 lasciviunt.
961 749 1027 782 Ipsa

200 793 388 825 monasteria,
414 793 483 821 licet
509 802 576 821 oves
592 794 649 821 alio
664 802 764 827 sensu,
782 792 838 820 alio
855 795 952 819 tamen
967 790 1027 818 leo-

201 845 252 864 nes
282 836 456 871 includunt,
486 838 593 873 quibus
633 837 732 865 nullus
769 837 857 872 lupus
885 835 1028 863 insultare

202 881 297 909 sudet.
316 882 346 909 ln
365 882 411 909 his
428 882 664 910 archimandritas
690 890 791 909 omnes
817 880 925 908 milites
948 887 1028 914 egre-

201 924 242 974 gii
267 927 336 977 sunt
351 927 533 977 egregiaque
559 934 640 954 arma
665 926 772 954 lerunt.
796 926 957 977 Qua‘ergo
983 931 1027 950 ra-
1043 944 1067 977 Β

202 969 302 997 tione?
318 970 463 998 Adversus
480 970 644 1003 saeculares,
657 970 772 1005 quando
788 969 938 997 mundana
952 977 968 994 ιι
983 975 1026 994 se-

201 1013 274 1050 ipsis
295 1017 324 1042 et
340 1023 356 1042 a
372 1015 474 1042 mundi
491 1015 654 1043 fautoribus
670 1017 799 1042 avertere
814 1015 975 1046 conantur;
998 1013 1027 1039 et

201 1058 375 1094 plerumque
391 1061 508 1095 propter
525 1059 621 1094 ipsum
639 1059 783 1087 mundum
795 1066 884 1094 quam
899 1065 934 1084 ex
949 1056 1026 1083 inor-

202 1102 302 1131 dinato
316 1103 350 1131 ad
364 1103 531 1131 ordinatum
548 1106 671 1138 statum,
688 1103 723 1131 ad
745 1103 897 1130 decentem
914 1103 943 1129 et
959 1108 1027 1136 pro-

201 1147 315 1175 ximum
332 1147 396 1175 vitae
423 1148 567 1184 perfectae,
597 1150 742 1183 quantum
771 1147 833 1174 ﬁeri
863 1148 970 1182 potest,
985 1152 1028 1172 re-

203 1193 325 1221 ducunt.
352 1193 381 1221 in
405 1194 478 1230 ipsis
500 1194 621 1221 materia
641 1194 702 1230 jam
720 1201 777 1221 non
799 1192 954 1228 reperitur,
971 1189 1028 1217 nisi

205 1237 274 1272 Deo,
304 1238 392 1273 capiti
419 1238 520 1273 ignita,
544 1238 659 1272 idonea,
686 1237 763 1265 sicut
785 1237 929 1272 scriptum
960 1236 1028 1267 est;

206 1289 264 1316 qua
279 1282 328 1317 qui
346 1281 495 1310 materiale
510 1284 598 1317 caput
625 1281 783 1314 inclinant,
810 1283 838 1308 et
866 1278 1029 1315 evangelica

206 1325 375 1358 tndentur,
392 1327 606 1354 benedicuntur
620 1328 650 1354 et
664 1326 789 1362 perfecte
797 1324 1027 1353 sanctiﬁcantur.

240 1378 285 1405 86.
301 1378 429 1406 Alteram
446 1379 597 1407 materiam
613 1379 641 1406 hi
654 1378 773 1412 habent,
787 1386 844 1406 non
858 1380 919 1405 tam
930 1385 1029 1405 veren-

205 1422 284 1456 dam,
310 1423 473 1458 subjectam
490 1431 556 1452 vero
572 1424 668 1451 carnis
688 1422 852 1459 passionis;
873 1422 917 1449 vel
936 1424 968 1449 ut
986 1421 1028 1449 lo-

206 1475 279 1502 quar
294 1468 412 1501 rectius,
430 1477 496 1496 eum
514 1468 626 1504 pridem
643 1467 802 1500 habebant,
826 1475 885 1502 qua
899 1467 1029 1494 recenter

205 1515 333 1539 cremata
357 1514 385 1539 et
409 1512 540 1548 deposito
562 1512 617 1539 hoc
646 1511 800 1545 materiali,
818 1519 911 1547 usque
930 1510 959 1537 in
974 1510 1028 1538 im-

207 1556 372 1584 materiales
388 1556 571 1584 substantias
595 1556 729 1590 resoluti,
744 1557 798 1583 Deo
825 1556 1003 1583 addicuntur
1020 1563 1027 1589 ;

203 1600 351 1637 istamque
366 1602 521 1629 materiam
537 1601 758 1637 ponuntcibum
774 1600 850 1637 ignis
866 1602 894 1628 et
904 1600 1028 1627 ﬂamma

205 1645 379 1681 spirilualis,
395 1646 483 1674 veluti
500 1654 635 1681 vaporem
660 1646 695 1673 ad
717 1645 964 1673 exardescendum
988 1644 1029 1672 fa-

206 1690 290 1718 cilem
309 1699 315 1724 ;
333 1690 478 1727 siquidem
503 1693 637 1718 sanctum
658 1690 798 1726 Spiritum
823 1689 966 1725 sapientia
988 1688 1032 1716 di-

206 1733 274 1762 vina
289 1735 318 1761 in
332 1735 491 1770 Scripturis
507 1735 618 1762 confert
633 1734 731 1770 vapori
754 1734 839 1765 fumi,
865 1733 975 1769 vapori,
991 1732 1034 1760 in-

207 1787 308 1814 quam,
325 1779 404 1806 thuri
421 1781 488 1807 ante
503 1780 690 1814 conspectum
714 1778 763 1805 Dei
780 1778 878 1805 oblato
893 1785 1031 1813 congruo,

207 1831 274 1850 cum
288 1823 398 1858 aliquis
411 1831 500 1851 orans
515 1825 595 1850 recta
611 1822 656 1850 via
672 1823 708 1850 ad
725 1822 817 1850 Deum
833 1821 942 1850 tollitu.

244 1914 289 1941 87.
306 1914 387 1942 Hanc
414 1915 579 1948 materiam,
605 1923 620 1943 e
644 1923 702 1951 qua
726 1915 895 1944 accenditur
918 1915 994 1951 ignis
1017 1922 1034 1942 a

210 1960 296 1986 Patro
310 1958 457 1987 luminum
471 1967 505 1987 ex
521 1959 715 1988 similitudine
739 1960 775 1988 ad
793 1968 870 1995 eum,
887 1959 1035 1996 signiﬁca-

211 2005 271 2030 tam
287 2003 376 2031 cereis
392 2003 580 2040 lampadibus
595 2004 694 2040 magni
711 2006 813 2032 ascetaa
830 2003 976 2032 tonsurati
991 2003 1035 2030 in-

211 2047 332 2081 dicam;
360 2056 443 2083 quas,
461 2048 484 2076 si
511 2050 545 2076 de
570 2049 612 2077 eis
648 2057 767 2076 rursum
792 2050 837 2076 est
862 2048 1036 2083 investigan-

212 2092 295 2124 dum,
307 2093 454 2128 nuptiales
471 2092 580 2129 aliquis
593 2093 680 2128 dicet,
692 2093 912 2129 comprehensis
924 2092 1035 2128 nuptiis

212 2137 389 2165 asacerdote
400 2139 485 2165 antea
496 2138 765 2174 benedictis.Hujus
782 2138 860 2165 enim
871 2137 948 2173 ignis
959 2137 1036 2165 etlu-

213 2181 302 2209 minis
312 2181 395 2217 signa
405 2185 475 2210 sunt
485 2183 559 2210 cerei
572 2183 622 2219 qui
634 2185 703 2210 tunc
715 2182 1037 2218 accenduntur,quique

213 2234 305 2262 supra
321 2234 438 2254 omnem
456 2227 606 2255 ﬂammam
636 2227 791 2263 refulgent.
805 2227 899 2255 Taedae
917 2226 995 2254 enim
1008 2227 1038 2253 et

213 2273 318 2299 caetera
333 2271 415 2308 ligna
432 2279 495 2307 quin
512 2273 638 2308 proferet
667 2271 785 2307 aliquis,
806 2273 834 2299 et
848 2271 993 2305 bitumen,
1008 2271 1037 2298 et

1113 569 1164 596 πί.
1183 569 1232 596 Καὶ
1261 569 1392 607 γέμουσιν
1423 570 1450 597 αἱ
1477 571 1601 597 τοιαῦται
1629 567 1747 606 μάνδραι
1774 566 1923 603 ποιμνίων

1078 611 1158 649 ἱερῶν
1179 618 1314 653 γραφικῆς
1351 613 1451 652 ἀγέλης
1482 614 1590 652 μυρίας,
1619 613 1791 651 κεκαρμένης
1826 610 1925 645 ἄλλης

1080 655 1217 696 ἀλλαχοῦ.
1235 660 1290 693 Τῆς
1317 658 1404 694 δεξιᾶς
1428 658 1523 689 πάντες
1547 659 1621 686 οὗτοι
1652 655 1762 695 μερίδος
1787 657 1839 683 τοῦ
1872 656 1921 691 ἁρ-

1081 702 1245 739 χιποίμενος
1261 705 1338 732 Θεοῦ.
1354 703 1463 742 Ἐρίφια
1477 703 1528 740 γὰρ
1559 702 1584 730 ἐν
1599 702 1701 735 αὐτοῖς,
1718 703 1754 734 τῇ
1765 743 1774 746 Α
1786 701 1921 746 ἀριστερᾷ

1081 746 1235 783 πρέποντα,
1259 747 1308 775 οὐκ
1345 745 1439 785 ἔχουσι
1477 749 1667 782 καταπιρτᾷν.
1703 743 1836 782 Μάνδραι
1872 743 1918 770 καί

1082 790 1170 824 αὗται,
1187 791 1210 819 εἴ
1225 792 1269 819 καὶ
1295 791 1389 823 ἄλλως
1418 789 1574 830 προϐάτων,
1591 790 1663 818 ἀλλὰ
1687 790 1791 828 τρόπον
1824 785 1918 825 ἕτερον

1083 834 1212 870 λεόντων,
1243 837 1279 863 ὧν
1321 835 1411 867 οὐδεὶς
1440 835 1522 867 λύκος
1550 834 1607 873 ἔχει
1635 834 1914 872 κατακαυχήσασθαι.

1083 879 1117 907 Οἱ
1133 878 1162 907 δὲ
1178 879 1204 907 ἰν
1219 881 1312 911 αὐτοῖς
1327 879 1538 918 ἀρχιμανδρῖναι
1568 880 1680 907 ὁπλῖται
1709 878 1810 908 πάντες
1827 876 1915 908 ἔνθεοι

1083 924 1128 950 καὶ
1156 925 1190 952 τὰ
1218 924 1299 953 ὅπλα.
1319 927 1379 956 Πῶς
1411 925 1476 962 μὲν,
1493 924 1566 952 Κατὰ
1593 926 1646 951 τῶν
1676 923 1702 951 ἐν
1735 922 1801 960 βίῳ,
1818 923 1860 952 οἷς
1883 922 1917 948 τὰ

1082 970 1201 1005 κοσμικὰ
1235 972 1382 1008 πειρῶνται
1425 969 1534 1007 ἁπάγειν
1569 969 1622 997 ἆπό
1658 979 1687 996 τε
1717 970 1794 1007 σφῶν
1825 967 1915 994 αὐτῶν

1081 1013 1126 1040 καὶ
1154 1016 1207 1042 τῶν
1224 1015 1418 1051 κυσμοπαθῶν·
1434 1015 1468 1042 τὰ
1494 1013 1581 1042 πλείω
1606 1012 1634 1041 δὲ
1650 1013 1717 1050 ὑπὲρ
1729 1014 1778 1040 τοῦ
1794 1012 1912 1047 κόσμου,

1081 1057 1110 1084 ’ὸν
1141 1057 1166 1094 ἐξ
1194 1058 1327 1096 ἀκοσμίας
1360 1058 1536 1096 ἐπανάγουσιν
1566 1058 1605 1089 εἲς
1632 1057 1665 1085 τὸ
1692 1056 1912 1093 κοσμικώτατον,

1081 1103 1125 1130 καὶ
1156 1102 1307 1141 εὔσχημον,
1324 1103 1368 1130 καὶ
1385 1103 1501 1141 ἐγγίζον,
1515 1103 1552 1134 ὡς
1580 1102 1637 1130 οἷόν
1652 1102 1682 1130 τὲ
1708 1101 1777 1135 ἔστι,
1793 1100 1847 1138 βίῳ
1865 1110 1912 1136 ιε-

1081 1147 1285 1185 γαλοσχήμονι.
1302 1147 1359 1177 Οὐκ
1384 1146 1454 1175 ἔστιν
1484 1147 1510 1175 ἐν
1539 1147 1630 1177 αὐτοῖς
1657 1147 1744 1183 εὑρεῖν
1769 1145 1852 1180 ὓλην,
1874 1145 1913 1171 δτι

1085 1193 1122 1229 μὴ
1153 1192 1238 1228 μόνην
1264 1193 1312 1227 τήν
1338 1192 1431 1229 τιμίαν
1454 1194 1522 1228 Θιῷ,
1538 1193 1572 1229 τῇ
1587 1191 1694 1229 πυρίνῳ
1709 1189 1831 1228 κεφαλῇ,
1846 1188 1914 1220 καΘά

1084 1237 1259 1275 γέγραπται·
1334 1237 1382 1268 τὰς
1426 1236 1520 1268 ὑλαίας
1562 1235 1699 1266 κλίνοντις
1736 1233 1861 1274 κεφαλὰς
1890 1235 1915 1260 si

1084 1281 1265 1318 εὖαγγελικῶς
1291 1282 1446 1319 κειρόμενοι
1475 1281 1650 1320 εὐλογοῦνται
1678 1280 1723 1308 καὶ
1753 1279 1913 1317 ἁγιαζονται

1084 1325 1122 1356 εἰς
1138 1325 1338 1354 ἐντελέστατον.

1118 1379 1168 1414 πξκ
1199 1379 1312 1417 Ἔχουσι
1344 1379 1389 1406 καὶ
1419 1380 1509 1417 ἑτάραν
1538 1378 1608 1414 ὕλην
1636 1377 1726 1414 αὐτοὶ,
1756 1377 1814 1414 οὐχ
1841 1376 1912 1403 051w

1083 1423 1186 1460 τιμίαν,
1210 1424 1260 1458 τήν
1290 1423 1357 1452 κατᾶ
1382 1425 1505 1461 σάρκινον
1531 1424 1634 1455 πάθος“
1665 1422 1752 1450 εἴπεῖν
1782 1420 1813 1448 ὂὶ
1838 1421 1914 1457 ἀκρι-

1083 1465 1218 1505 ϐέστερον,
1236 1468 1382 1507 φθάσαντες
1397 1466 1452 1503 ἤδη
1482 1467 1563 1506 ἔσχον
1578 1467 1673 1502 αὐτὴν,
1688 1467 1720 1501 ἣν
1748 1466 1793 1494 καὶ
1810 1468 1911 1503 vespa;

1083 1513 1389 1550 κατεμπρήσαντες,καὶ
1414 1512 1445 1540 τὸ
1462 1512 1555 1540 ὑλαῖον
1584 1511 1670 1542 οὕτως
1699 1511 1785 1539 ἐκεῖνο
1811 1510 1910 1541 ἀποθὲ-

1085 1568 1159 1594 μενοι
1179 1557 1224 1585 καὶ
1251 1557 1288 1588 ὡς
1312 1557 1350 1588 είς
1376 1557 1471 1585 ἀϋλίαν
1497 1555 1847 1593 ἀπολεπτυνάμενοι,πρὸς
1874 1556 1912 1589 τῷ

1085 1604 1143 1638 Θοῷ
1157 1603 1288 1640 γίνονται,
1303 1602 1352 1636 τὴν
1368 1601 1497 1637 τοιαύτην
1512 1601 1581 1637 ὕλην
1596 1598 1705 1638 ἔξαμμα
1727 1600 1911 1636 ποιησάμενοι

1086 1647 1170 1685 πυρὸς
1198 1647 1243 1674 καὶ
1260 1647 1348 1685 φωτὸς
1368 1649 1478 1683 νοητοῦ,
1493 1646 1543 1674 ὅσα
1565 1646 1609 1674 καὶ
1632 1645 1733 1683 ἀτμίδα
1757 1645 1911 1680 εύέεαπτον·

1086 1691 1143 1719 ἐπεί
1168 1702 1211 1719 τοι
1248 1691 1293 1719 καὶ
1324 1690 1418 1728 ἀτμίδι
1446 1694 1548 1719 καπνοῦ
1575 1693 1593 1726 ἡ
1623 1691 1748 1726 θειοτάτη
1781 1689 1863 1728 σοφία
1884 1689 1913 1716 τὸ

1087 1736 1163 1773 ἅγιον
1181 1738 1290 1772 Πνεῦμα
1311 1733 1536 1775 συμϐολογραφεῖ
1559 1736 1744 1772 θεωρητικῶς,
1763 1734 1848 1761 ὁποία
1874 1740 1914 1760 τις

1086 1780 1168 1816 ἀτμὶς
1197 1779 1241 1807 καὶ
1276 1782 1315 1815 τῷ
1342 1779 1491 1816 θυμιάματι
1521 1779 1664 1817 ἐπιπρέπει
1686 1781 1726 1814 τῷ
1753 1778 1915 1806 κατευθυνο-

1090 1824 1162 1861 μὲνῳ
1178 1824 1293 1852 ἐνώπιον
1309 1826 1386 1858 Θεοῦ,
1403 1824 1448 1852 ὅτε
1469 1835 1512 1856 τις
1536 1823 1760 1863 προσευχόμενος
1790 1822 1915 1852 ίθυτενῶς

1089 1870 1269 1908 ἀνωφορεῖται
1283 1868 1352 1907 πρός
1366 1869 1472 1905 αὐτόν-ξ

1123 1914 1176 1949 πζ’.
1191 1914 1295 1949 Ταύτην
1311 1914 1361 1948 τὴν
1386 1913 1466 1949 ὕλην,
1484 1912 1519 1940 δι’
1543 1915 1577 1948 ἧς
1599 1912 1742 1941 ἀνάπτεται
1772 1914 1832 1950 φῶς
1849 1911 1913 1939 ἄπο-

1088 1957 1265 1995 παλλόμενον
1280 1960 1309 1986 ἐκ
1321 1961 1370 1986 τοῦ
1384 1961 1437 1986 τῶν
1454 1959 1552 1996 φώτων
1568 1958 1674 1996 Πατρὸς
1754 1957 1823 1994 πρὸς
1848 1955 1914 1983 ἐκεῖ-

1089 2013 1133 2030 νον
1156 2003 1336 2042 ἀφομοιώσει,
1352 2005 1397 2030 καί
1421 2003 1448 2031 ὲν
1472 2005 1531 2035 ταῖς
1556 2001 1600 2030 διὰ
1619 2004 1706 2040 κηροῦ
1722 2000 1864 2036 λαμπάσιν
1891 2000 1914 2026 οἱ

1088 2048 1243 2085 κειρόμενοι
1279 2047 1393 2085 μεγάλοι
1419 2047 1532 2083 ἀσκηταὶ
1555 2048 1753 2083 σημειοῦνται·
1778 2045 1809 2077 ἃς
1835 2043 1863 2072 εἴ
1891 2055 1914 2071 τι

1090 2092 1146 2130 χρὴ
1163 2092 1207 2120 καὶ
1221 2091 1304 2120 πάλιν
1320 2091 1524 2130 λεπολογῆσαι
1543 2092 1577 2119 τὰ
1599 2093 1659 2119 κατ’
1685 2090 1778 2126 αὐτὰς,
1796 2090 1835 2121 ὡς
1862 2090 1915 2116 οἷον

1089 2137 1244 2176 γαμηλίους
1264 2137 1319 2175 ἀρεῖ
1347 2147 1398 2172 τις,
1424 2137 1469 2164 τὸν
1501 2137 1628 2175 ἀνωτέρω
1653 2135 1819 2172 τελούμενον
1848 2135 1916 2171 tepo-

1090 2184 1201 2220 πρεπῶς
1227 2181 1314 2220 γάμον
1340 2181 1549 2219 ἐνθυμούμενος.
1567 2179 1700 2218 Σύμϐολα
1713 2181 1764 2219 γὰρ
1789 2179 1916 2208 τοιούτου

1090 2227 1176 2265 πυρὸς
1202 2227 1247 2255 καὶ
1277 2227 1367 2266 φωτὸς
1394 2228 1420 2255 οἱ
1445 2227 1626 2264 ἀναπτόμίνοι
1648 2228 1798 2262 τηνικαῦτα
1825 2224 1915 2262 κηροί,

1091 2271 1128 2298 ὧν
1143 2272 1174 2299 τὸ
1189 2272 1284 2309 σεμνὸν
1314 2272 1379 2308 ὖπὶρ
1408 2271 1494 2299 πάντα
1517 2271 1550 2299 τὰ
1574 2271 1745 2307 ἐκκαιόμενα,
1763 2268 1846 2305 Δᾷδες

213 2316 304 2352 adeps
319 2318 347 2344 et
360 2316 456 2344 omnis
472 2316 587 2352 generis
604 2316 736 2351 materia,
747 2325 761 2344 ο
773 2325 832 2353 qua
845 2316 922 2352 ignis
938 2323 1031 2343 accen.

1089 2316 1138 2354 γὰρ
1163 2315 1207 2343 καὶ
1238 2316 1323 2344 Λοιπὰ
1351 2315 1428 2351 ξύλα,
1445 2315 1526 2344 ὁποῖά
1547 2326 1589 2348 τις
1603 2314 1632 2343 ἂν
1648 2313 1731 2350 εἴποι,
1748 2314 1794 2342 καὶ
1823 2314 1915 2352 νάφθα,

214 2359 295 2387 ditur
309 2362 338 2387 et
352 2361 413 2388 sive
429 2360 523 2396 facile,
540 2361 651 2397 absque
667 2363 808 2397 tempore,
819 2361 917 2389 dicent
931 2360 1041 2395 aliquis

214 2403 273 2431 sive
288 2405 402 2440 perdiu,
428 2404 523 2433 lucem
545 2414 602 2433 non
625 2409 685 2433 tam
716 2406 874 2442 fulgentem
889 2405 1039 2438 emittunt,

215 2448 332 2483 qualem
358 2457 424 2477 cera
459 2450 596 2478 ostendit.
626 2451 735 2478 Caetera
762 2450 840 2478 enim
869 2450 926 2478 luci
960 2450 1040 2477 festas

214 2492 299 2520 triste
315 2493 424 2529 aliquid
437 2495 570 2531 jungunt
596 2504 602 2522 :
633 2503 737 2523 sensus
753 2496 840 2523 odore
853 2494 997 2530 afﬂigunt,
1013 2497 1042 2522 et

215 2545 321 2573 vapore
337 2539 476 2574 mordaci,
493 2548 647 2576 corporum
671 2541 793 2568 nitorem
810 2540 889 2568 furno
905 2540 1040 2576 squalido

216 2581 336 2615 fcedant,
363 2586 394 2610 ut
418 2583 525 2612 diceret
548 2588 642 2621 poeta.
660 2586 730 2613 Cera
749 2585 826 2612 enim
843 2592 967 2612 accensa
981 2593 1039 2613 non

217 2627 274 2656 nisi
286 2627 379 2655 lucem
390 2629 516 2657 maxime
525 2629 682 2658 innocuam
694 2629 820 2666 praebet;
837 2631 866 2657 et
874 2629 924 2665 qui
943 2637 1040 2657 ceram

217 2672 359 2706 accendit,
391 2675 532 2709 usurpata
564 2674 653 2702 veteri
682 2676 836 2702 cantorum
871 2673 1039 2702 sententia:

221 2728 231 2742 ι
250 2718 369 2754 Absque
384 2717 465 2746 fumo
482 2717 574 2746 Musis
587 2718 810 2748 sacriﬁcandum
827 2726 928 2754 nesse,
940 2718 1040 2754 etipsc

219 2763 314 2791 dicere
328 2765 423 2799 potest
443 2771 475 2791 se
499 2764 657 2803 accendere
677 2764 775 2800 ignem
791 2763 872 2791 fumo
892 2765 1039 2792 carentem

221 2809 307 2843 atque
321 2807 441 2836 omnino
463 2806 624 2836 innoxium.
649 2809 723 2836 Vere
743 2808 823 2837 enim
846 2815 921 2844 pura
943 2807 1040 2837 lucem

221 2851 329 2880 emittit
343 2860 419 2889 cera,
443 2860 508 2888 qua
528 2851 649 2883 Athenis
674 2860 758 2884 sacro
778 2851 841 2890 igni
854 2855 884 2882 et
899 2855 1039 2891 perpetuo

1095 2361 1140 2388 καὶ
1167 2360 1285 2397 πιμελὴ,
1311 2361 1355 2388 καὶ
1397 2360 1482 2395 λοιπὴ
1524 2359 1553 2387 δὲ
1584 2360 1699 2387 παντοία
1727 2358 1793 2394 ὕλη,
1823 2357 1859 2385 δι’
1884 2358 1914 2391 ἧς

1095 2406 1236 2433 ἀνάπτεται
1265 2407 1329 2443 πῦρ,
1345 2404 1399 2433 εἶ’τι
1427 2405 1501 2443 ῥᾷον,
1529 2405 1574 2432 καὶ
1602 2405 1640 2437 ὡς
1669 2403 1754 2432 εἷπεῖν
1781 2401 1914 2441 ἀχρόνως,

1096 2450 1150 2478 εἴτε
1189 2451 1234 2477 καὶ
1271 2452 1480 2488 παρατατικῶς,
1509 2450 1563 2488 οὐχ
1593 2449 1665 2477 οὕτω
1702 2449 1771 2476 κατὰ
1809 2447 1914 2481 πολλὴν

1096 2493 1247 2531 σεμνότητα
1261 2497 1319 2533 φῶς
1333 2494 1488 2531 ἐξάπτουσιν
1506 2494 1641 2529 ὁπωσοῦν,
1659 2494 1697 2525 ὡς
1718 2494 1732 2520 ὁ
1747 2493 1834 2530 κηρὸς
1857 2491 1916 2519 αὐτὸ

1096 2538 1239 2574 δεξιοῦται.
1255 2539 1295 2567 Τὰ
1321 2539 1368 2576 μὶν
1390 2539 1440 2577 γὰρ
1464 2538 1536 2567 ἄλλα
1557 2540 1591 2576 τῇ
1608 2540 1656 2566 τοῦ
1672 2539 1761 2577 φωτὸς
1775 2536 1916 2575 ἱλαρότητι

1095 2584 1285 2622 παραπήγνυσι
1314 2583 1358 2611 καί
1388 2594 1414 2611 τι
1440 2583 1620 2622 σκυθρωπόν·
1651 2582 1790 2618 αισθησεις
1817 2592 1846 2609 τε
1869 2582 1916 2618 γὰρ

1095 2626 1226 2655 λυποῦσιν
1255 2626 1354 2665 ὀδμαῖς
1382 2628 1426 2655 καὶ
1454 2627 1534 2664 ἀτμῷ
1558 2626 1691 2662 δάκνοντι,
1718 2626 1762 2654 καὶ
1788 2626 1916 2662 σωμάτων

1096 2671 1296 2708 στιλπνότητας
1331 2672 1516 2707 καταικίζοτσι
1532 2693 1539 2706 ,
1569 2674 1664 2708 καπνῷ
1700 2671 1915 2709 μεμορυγμένας,

1096 2716 1168 2745 εἴποι
1185 2716 1213 2745 ἂν
1230 2718 1358 2753 ποιητής
1374 2720 1462 2756 κηροῦ
1476 2716 1505 2745 δὲ
1520 2716 1627 2754 ἔξαμμα
1648 2715 1726 2744 οὐδὲν
1755 2715 1825 2744 ἄλλο
1850 2715 1914 2744 ἐστὶν

1095 2762 1113 2798 ἢ
1139 2765 1198 2802 φῶς
1226 2761 1331 2791 ἄλυπον
1360 2763 1514 2802 ἀκραιφνές·
1531 2763 1576 2790 καὶ
1600 2759 1658 2800 ἔχει
1688 2761 1804 2790 παλαιὰν
1828 2771 1913 2799 παροι-

1096 2807 1159 2844 μίαν
1179 2807 1330 2846 παραξέσας
1354 2807 1369 2836 ὃ
1391 2807 1437 2836 τὸν
1459 2807 1549 2847 κηρὸν·
1569 2807 1703 2841 ἀνάπτων,
1718 2807 1779 2839 καθ’
1801 2806 1832 2841 ἣν
1860 2809 1915 2839 ταῖς

1093 2851 1216 2885 Μούσαις
1230 2852 1335 2882 ἄκαπνα
1349 2853 1456 2888 θύουσιν
1473 2853 1500 2881 οἱ
1516 2851 1619 2888 ἀοιδοὶ,
1634 2851 1726 2892 λέγειν
1751 2850 1797 2882 καὶ
1824 2850 1912 2885 αὐτὸς,
