2002 3158
97 187 142 220 801

573 184 625 215 DE
646 183 889 216 EMENDANDA
910 183 1003 214 VITA
1033 183 1277 215 MONACHICA.

1716 186 1776 217 80!

96 253 131 282 ὅτι
142 254 188 288 πῦρ
202 249 295 278 ῐκκαίιι
312 251 443 284 ἅκαττνον,
459 249 504 277 καὶ
535 250 588 286 μὴν
614 250 658 278 καὶ
683 249 787 277 ἄλυπον
814 248 841 280 ἐς
868 248 900 276 τὸ

961 249 1088 286 Prytanei
1105 249 1142 286 (9)
1159 250 1298 278 inservire
1313 250 1430 279 dicitur.
1447 252 1522 279 Ceras
1542 254 1587 280 est
1605 252 1692 280 etiam
1708 261 1776 288 pro-

96 300 147 326 πᾶν.
170 297 238 324 Ἔστι
265 296 314 333 γὰρ
349 296 460 330 ἀΛηθῶς
496 295 590 332 φωτὸς
619 295 738 331 καθαροῦ
763 290 861 330 ὄχημα
884 293 898 319 ὁ

96 341 182 380 κηρὸς,
209 340 237 370 ’ὸς
261 339 305 367 καὶ
333 341 373 375 τῷ
409 339 634 376 πρυτανευομὲνῳ
673 338 796 374 μυστικῷ
833 336 899 374 πυρὶ

97 387 206 422 Ἀθήνῃσι
229 386 422 421 καθυπουργεῖν
448 394 514 411 ποτε
542 383 581 414 είς
610 382 752 420 ἐνδελεχὶς
779 381 898 419 λέγεται.

97 430 183 467 Σιμνὸν
198 428 225 456 δὲ
235 431 281 456 τοῦ
300 430 387 466 κηροῦ
412 428 456 455 καὶ
482 426 523 455 ὅτι
551 427 580 454 ἐκ
606 427 709 464 μυρίων
735 426 828 454 καλῶν
855 427 900 453 ἁν-

97 474 247 511 Θο).ογεῖται·
275 471 311 499 ὦν
347 472 386 509 τῷ
421 472 569 509 κεράσματι
606 470 829 508 σκευωρούμενος
864 470 901 501 εἷς

96 519 176 556 δοχεῐα
202 517 281 554 σεμνὰ
303 517 379 554 φύσει
403 515 449 544 διὰ
471 517 503 544 τὸ
527 517 585 544 κατ’
602 515 669 543 αὐτὰ
687 518 741 543 τῶν
767 515 900 553 συρίγγων

95 563 220 600 ἑξάγωνον,
241 561 284 588 καί
310 561 396 592 οὕτως
429 560 624 598 αἶ’νιγματίζων
652 560 701 594 τὴν
740 558 902 594 τελειότητα

94 606 182 642 (ἐπειδὴ
196 606 239 634 καὶ
254 607 362 643 πρῶτος
389 605 414 632 ἐν
451 606 578 643 ἀριθμοῖς
606 604 724 635 τελείοις
754 603 901 643 πεφιλοσό-

955 293 1052 330 prium
1068 295 1144 330 quod
1161 303 1176 322 e
1189 295 1292 323 multis
1308 295 1392 323 bonis
1403 297 1588 331 componitur
1598 297 1705 332 quibus
1720 298 1777 326 col-

953 338 1077 374 ligendis
1093 338 1122 366 in
1134 339 1318 375 receptacula
1329 340 1409 367 mirae
1423 343 1533 367 natura:
1549 343 1667 376 propter
1682 342 1777 370 alveo-

955 382 998 410 los
1014 391 1063 410 sex
1085 382 1226 411 lateribus
1251 384 1442 419 compositos,
1456 384 1587 418 inservit,
1604 387 1632 413 et
1655 386 1696 413 sic
1712 395 1778 422 per-

955 427 1087 454 fectionis
1117 428 1234 463 signum
1264 431 1309 456 est
1335 429 1414 464 (cum
1444 429 1556 464 primus
1585 430 1613 456 in
1644 431 1777 466 perfectis

955 472 1086 499 numeris
1101 480 1236 500 senarius
1248 473 1397 508 judicetur
1413 482 1428 501 ο
1444 473 1649 510 philosophis);
1667 477 1696 502 et
1711 476 1778 511 pul-

955 516 1057 544 chrum
1075 516 1132 544 mel
1154 517 1204 544 dat
1220 518 1379 553 repositum
1404 518 1433 544 in
1460 518 1523 546 suis
1551 518 1682 552 alveolis;
1701 521 1777 555 quod

956 560 1060 588 deinde
1075 569 1246 596 expressum
1262 563 1291 589 et
1306 562 1444 589 eductum
1467 563 1586 596 regibus
1602 565 1630 590 et
1647 564 1780 600 pauperi-

956 605 1012 632 bus
1028 605 1077 632 dat
1093 605 1261 640 sanitatem,
1278 606 1368 642 ﬁtque
1383 606 1514 634 omnium
1529 607 1651 635 bonum.

93 652 161 691 φηταὶ
186 651 199 678 ὁ
224 650 250 685 ’ἐξ
288 650 425 688 ἀριθμὸς),
449 649 651 681 ἐναποτίθεσθαι
682 647 777 676 δίδωσι
806 649 838 676 τὸ
867 647 952 676 καλὸν
984 647 1046 684 μέλι
1074 651 1133 680 ταῖς
1162 649 1224 686 παρ’
1254 649 1327 686 αὖτῷ
1355 650 1478 688 σήραγξι·
1504 651 1549 677 καὶ
1580 650 1686 678 ἐπειδὰν
1715 651 1781 679 αὐτὸ

94 695 182 727 πιεσθὲν
196 695 344 734 ἔκφορηθῇ,
363 693 503 732 βασιλεῦσι
517 694 663 733 προσφορᾶ
676 693 715 724 είς
731 692 831 730 ὑγίειαν
846 693 892 720 καὶ
905 693 1028 728 πένησιν,
1045 693 1082 725 ὡς
1096 693 1267 731 παγκὸσμιον
1284 692 1380 722 καλὸν,

121 740 170 775 πη¹.
190 740 250 768 Εἶτα
279 739 324 766 καὶ
352 740 370 774 ἡ
397 739 536 774 ἀποθήκη,
567 739 581 765 ὁ
609 738 706 776 κηρὸς,
733 737 772 769 είς
800 737 898 773 ἀγαθὸν

95 783 151 821 μέγα
163 786 277 811 συντεκεῖ
303 784 363 820 (τήν
391 781 516 821 ἕκφανσίν
546 793 619 821 φημι
643 783 691 809 τοῦ
720 781 831 821 φωτὸς),
856 779 902 807 ἵνα

93 829 125 864 τῷ
146 828 187 864 μὲν
200 826 410 864 κειμηλιωθέντι
432 826 523 864 μέλιτι
549 827 582 853 τὰ
603 826 677 857 ἐντὸς
704 827 730 853 οἱ
760 825 901 864 χρώμενοι

94 872 306 910 παρηγορώμεθα,
336 874 393 903 τοῖς
429 870 457 899 δὲ
495 873 543 899 τοῦ
574 870 687 908 μέλιτος
715 869 837 908 ἀγγείοις
864 871 904 905 τῷ

94 920 158 955 κηρῷ
173 917 264 955 μυρίαν
287 917 337 951 τὴν
361 915 436 947 ἐντδς
459 915 637 954 ψυχαγωγίαν
664 913 789 953 ἔχοιμεν,
805 913 904 949 εὐεξίας

93 972 117 989 τε
142 960 312 996 παντοδαπῆς
349 961 490 1000 φάρμακον
517 959 596 987 αὐτὸν
627 959 835 997 ἐξευρίσκοντες,
860 966 905 993 καὶ

991 738 1036 765 88.
1052 738 1162 766 Deinde
1190 739 1419 775 receptaculum,
1449 740 1508 767 sive
1537 747 1613 774 cera,
1642 748 1781 776 magnam

957 782 1040 810 oﬂ'ert
1056 782 1212 811 utilitatem
1230 784 1344 820 (nempe
1369 784 1490 812 luminis
1512 785 1733 820 ostensionem),
1751 787 1784 813 ut

958 827 1008 862 qui
1029 827 1142 855 utimur
1165 827 1250 855 melle
1274 828 1354 856 intus
1376 828 1497 856 collecto
1521 828 1667 864 laetemur;
1695 831 1783 865 atque

959 879 993 899 ex
1008 871 1128 899 vasibus
1143 871 1251 906 mellis,
1267 881 1344 908 cera,
1361 873 1484 900 multum
1502 873 1682 902 curationem
1703 873 1783 902 intus

959 916 1132 950 habeamus,
1145 917 1187 944 sic
1202 917 1318 945 invento
1332 918 1469 945 sanitatis
1486 917 1627 946 universis
1643 919 1782 952 remedio,

960 963 989 989 et
1009 961 1069 989 sole
1096 961 1186 989 altero
1211 962 1350 990 adversus
1375 963 1471 990 omnis
1496 962 1609 997 generis
1637 962 1782 997 tenebrae,

94 1005 155 1042 ἡλίῳ
180 1005 206 1033 δὲ
242 1005 392 1042 ἀντίμιμον
421 1004 489 1032 κατᾶ
515 1004 628 1036 σκότους
656 1003 807 1031 παντοίου·
838 1003 904 1041 ἅπερ

961 1013 1022 1041 qua:
1037 1005 1114 1033 bona
1128 1005 1202 1033 nulli
1227 1006 1399 1033 inferiorum
1416 1015 1570 1042 corporum
1587 1006 1705 1034 Greater
1729 1016 1782 1035 na-

93 1050 164 1087 ἀγαθὰ
195 1048 284 1077 οὐδενὶ
321 1052 375 1076 τῶν
411 1049 485 1076 κάτω
514 1049 646 1085 σωμάτων
679 1049 692 1076 ὁ
715 1049 765 1080 τῆς
797 1046 902 1086 φύσεως

93 1095 245 1132 Δημιουργὸς
261 1093 386 1130 ἀπέταξε.
409 1092 513 1121 ἰιολλαὶ
546 1093 593 1129 μὲν
622 1092 675 1130 γὰρ
702 1091 728 1119 ἐν
755 1094 794 1127 τῷ
805 1091 903 1128 κόσμῳ

92 1139 126 1166 καὶ
151 1138 227 1166 ἄλλαι
249 1137 429 1176 γλυκύτητες·
447 1136 586 1165 πολλὰδὲ
607 1138 651 1164 καὶ
682 1139 768 1176 φῶτα,
795 1136 830 1163 τὰ
855 1135 902 1172 μὲν

92 1183 209 1219 αὐτόματα
223 1182 293 1210 κατά
307 1193 333 1209 τι
355 1181 483 1217 αἶ’ωνίζον
506 1181 726 1221 ὃιεκφαινόμενα,
741 1181 775 1208 τὰ
801 1179 830 1207 δὲ
857 1179 902 1207 καὶ

90 1225 146 1265 πρός
180 1238 238 1255 τινα
283 1225 389 1264 καιρόν.
419 1228 546 1254 Τοιοῦτον
584 1225 613 1253 δὲ
639 1236 665 1253 τι
696 1224 773 1252 οὐδὲν
801 1225 904 1263 πέφηνε

91 1270 191 1308 sanam,
206 1272 304 1299 ὁποῖον
333 1273 373 1307 τῷ
401 1270 547 1307 μελισσείῳ
576 1269 667 1307 κηρίῳ
695 1269 901 1306 ἐντεθεώρηται.

91 1315 190 1347 neme;
203 1327 231 1344 τε
245 1316 299 1354 γὰρ
316 1315 474 1353 γλυκύτητα
494 1315 535 1346 τίς
560 1313 723 1352 ἀναγγελεῖς
742 1313 787 1341 καὶ
816 1315 903 1351 κηροῦ

91 1358 113 1387 ὂὶ
124 1360 220 1399 οῶςτίς
235 1360 265 1388 ἂν
287 1359 367 1396 ἀξίως
391 1360 592 1394 ἆποσεμνυνεῐ;
614 1359 698 1390 Ἔνθα
725 1357 769 1385 καὶ
800 1358 903 1394 μυστή-

91 1414 138 1442 ριον
164 1404 229 1442 μίγα
251 1406 314 1435 τοῖς
335 1404 404 1431 κατᾶ
428 1404 491 1431 Θεὸν
511 1404 616 1441 βιοῦσιν
638 1401 795 1440 ἑνδομυχεῖ.
813 1401 904 1439 Κηρός

90 1459 114 1475 τε
125 1449 169 1487 γὰρ
183 1449 370 1485 ἀναπτόμενος
386 1448 423 1479 είς
447 1450 505 1487 φῶς
530 1448 544 1475 ὁ
570 1446 635 1480 ὅλος
657 1446 811 1480 ἀναλύεται,
829 1445 904 1474 οὐδὲν

90 1503 111 1519 τι
135 1496 242 1530 σημεῖον
269 1492 469 1531 ἰγκαταλεῖπον
499 1493 596 1520 ἑαυτοῦ
627 1492 694 1528 μετὰ
721 1492 770 1526 τήν
796 1488 902 1518 σϐέσιν·

92 1536 142 1564 οὕτε
155 1538 202 1575 γὰρ
217 1538 330 1577 τέφραν,
347 1535 409 1564 οὔτε
422 1547 448 1564 τι
473 1536 613 1573 κάπνισμα
636 1536 682 1563 σὺν
711 1538 750 1571 τῷ
781 1534 852 1571 μηδὲ
877 1545 903 1561 τι

92 1579 210 1619 δύσοόμον
231 1582 389 1621 ἀποφέρειν.
417 1582 465 1609 Καὶ
492 1580 634 1619 ἄνθρωπος
651 1579 680 1608 δὲ
706 1580 756 1614 τὴν
783 1588 903 1615 πνευμα-

91 1626 156 1660 τικὴν
182 1627 280 1665 κουρὰν
303 1625 419 1662 τέλειος,
436 1626 505 1653 καθὰ
533 1625 678 1662 ἐκύρωσεν,
695 1624 734 1656 είς
762 1626 820 1663 φῶς
843 1623 904 1651 ἑαυ-

90 1669 128 1697 τὸν
153 1670 271 1706 ἀνάπτει,
305 1670 377 1706 ὀξείᾳ
406 1672 476 1709 φορᾷ
499 1669 568 1707 πρὸς
597 1670 661 1697 Θεὸν
691 1668 902 1704 ἀνατεινόμενος,

89 1714 132 1745 καὶ,
147 1717 184 1751 τῷ
210 1715 317 1752 πρώτῳ
344 1715 414 1754 φωτὶ
448 1713 611 1752 φιλονεικῶν
651 1712 765 1751 ἐγγίσαι,
792 1711 836 1739 καὶ
866 1713 903 1744 ὡς

89 1757 162 1786 εἰπεῖν
183 1763 362 1799 συναφθῆνιιι,
378 1759 423 1786 καὶ
450 1757 534 1795 μηδὲν
562 1769 588 1785 τι
609 1758 635 1785 ἐν
663 1760 721 1789 τοῖς
749 1757 823 1785 κάτω
847 1756 903 1785 λεί-

87 1803 159 1838 ψανον
176 1803 269 1832 ὑλαῖον
293 1804 411 1842 ἀφεῖναι,
426 1803 460 1831 δι’
475 1803 507 1830 οὗ
533 1803 579 1831 καὶ
596 1801 732 1840 δύσοδμόν
749 1813 774 1830 τι
791 1802 904 1840 ὲκφήνῃ,

87 1845 188 1880 ἀλλἐίς
204 1849 297 1885 ὀσμήν
317 1847 432 1879 εὐωδίας
455 1846 614 1885 λογισθῆναι
643 1849 684 1883 τῷ
712 1849 786 1883 Θεῷ,-
806 1847 848 1877 οἷς
877 1845 906 1873 ἐκ

87 1893 132 1918 τῶν
144 1893 214 1920 κάτω
228 1891 353 1928 κηλίδων
370 1891 486 1924 ἅσπιλος
512 1891 551 1924 είς
579 1892 625 1920 τὸν
654 1892 838 1930 ὑπερκάθαρον
860 1890 905 1918 καὶ

89 1935 218 1974 ὑπεράγων
235 1938 302 1965 Θεὸν
320 1934 497 1971 ἀναϐέϐηκεν.

117 1982 164 2012 πθ’.
179 1981 259 2010 Οίίτω
275 1980 459 2020 φιλοσοφοῦσι
473 1980 548 2016 τοὺς,
561 1981 597 2012 ὡς
625 1980 733 2019 ἐῤῥὲθη,
749 1979 906 2018 γαμηλίους

87 2025 177 2062 κηροὺς
203 2026 229 2053 οὶ
253 2025 481 2064 Μεγαλοπολῖται
511 2025 692 2063 εὐσχήμονες.
716 2024 792 2052 Οὕτω
826 2023 908 2062 φωτί-

89 2071 152 2102 ζουσι
179 2069 243 2102 τοὺς
270 2071 289 2105 ἢ
320 2070 370 2104 τὴν
401 2067 462 2106 ὄψιν
489 2069 773 2108 ἐστενοχωρημένους,
790 2069 807 2102 ἢ
824 2067 863 2099 εἰς
876 2067 908 2094 τὸ

87 2116 130 2140 πᾶν
155 2113 377 2154 τυφλώττοντας.
404 2113 484 2142 Οὕτω
512 2113 670 2142 παιδεύουσι
695 2113 759 2144 τοὺς
788 2112 836 2140 ὅσα
861 2110 907 2139 καὶ

88 2157 131 2186 ἀπὸ
145 2160 255 2191 σκότους
287 2159 334 2187 καὶ
363 2156 474 2197 ἐρέϐους
502 2160 545 2187 καὶ
577 2159 671 2199 ζόφου,
689 2157 753 2193 ἂδὴ
783 2157 829 2186 καὶ
859 2156 908 2184 ὅσα

86 2207 188 2233 τοιαῦτα
203 2207 217 2233 ὁ
233 2206 311 2233 κάτω
343 2205 401 2242 βίος
431 2204 621 2240 ἐπικέκληται,
637 2205 675 2236 εἷς
702 2205 733 2233 τὸ
749 2206 798 2238 τῆς
823 2212 908 2240 μονα-

88 2251 160 2286 χικῆς
174 2250 318 2281 πολιτείας
335 2249 482 2288 προϊόντας
497 2252 564 2288 φῶς,
582 2250 633 2277 ὅσα
651 2250 696 2277 καὶ
725 2250 778 2277 ἀπὸ
799 2250 849 2285 γῆς
871 2246 910 2278 εἷς

87 2294 124 2320 τὸν
147 2294 276 2334 ἀνὲφελον
308 2292 420 2332 αῑθὲρα·
445 2295 528 2333 οὗπερ
559 2296 586 2322 οἱ
616 2296 653 2332 μή
684 2293 910 2332 ἐπιστρεφόμενοι

89 2336 203 2375 ἴστωσαν,
230 2339 268 2370 ὡς
305 2339 346 2366 ἀεὶ
378 2338 403 2366 ἐν
429 2338 518 2375 σκότῳ
542 2338 677 2377 διάγουσιν
707 2339 840 2376 ἀλαμπεῖ,
863 2335 908 2364 καὶ

958 1051 1031 1076 turis
1046 1049 1200 1077 concessit.
1216 1049 1309 1077 Multa
1328 1049 1406 1077 enim
1432 1049 1490 1077 alia
1513 1049 1610 1078 dulcia
1625 1050 1654 1077 in
1672 1051 1782 1078 mundo

957 1095 1036 1129 sunt,
1054 1093 1147 1121 multa
1161 1093 1249 1121 etiam
1265 1094 1388 1130 lumina,
1403 1093 1493 1122 altera
1509 1097 1700 1130 spontaneam
1717 1103 1782 1130 per-

957 1140 1135 1174 petuamque
1163 1138 1256 1166 lucem
1287 1138 1464 1172 emittentia,
1488 1138 1580 1166 altera
1605 1140 1640 1166 ad
1667 1142 1782 1175 tempus

958 1181 1109 1218 fulgentia.
1125 1182 1225 1210 Simile
1242 1183 1321 1210 aliud
1338 1183 1444 1219 duplex
1461 1184 1649 1211 commodum
1666 1183 1781 1212 nullum

957 1229 1013 1260 est,
1029 1227 1106 1254 sicut
1129 1227 1159 1254 in
1179 1235 1245 1255 cera
1274 1227 1378 1255 mellea
1406 1227 1563 1255 invenitur.
1580 1228 1675 1255 Mellis
1702 1228 1781 1256 enim

958 1271 1142 1299 dulcedinem
1159 1272 1229 1307 quid
1255 1272 1376 1307 aequat?
1392 1272 1504 1300 Lumen
1526 1281 1597 1300 ceris
1614 1273 1680 1308 quia
1695 1273 1782 1308 digne

958 1315 1133 1343 aemulatur?
1148 1316 1189 1343 Ibi
1204 1315 1276 1343 latet
1294 1315 1383 1343 etiam
1399 1317 1573 1352 mysterium
1590 1325 1730 1353 magnum
1746 1317 1782 1343 “s

958 1359 1009 1395 qui
1033 1360 1197 1387 secundum
1223 1363 1311 1388 Deum
1336 1360 1446 1388 vivunt.
1463 1360 1533 1388 Cera
1559 1361 1636 1388 enim
1661 1369 1784 1389 accensa

958 1405 993 1432 ad
1009 1404 1167 1432 lucendum
1182 1406 1244 1432 tota
1259 1405 1453 1440 consumitur,
1470 1405 1644 1441 nullumque
1660 1406 1705 1433 sui
1721 1414 1783 1433 ves-

959 1448 1063 1484 tigium
1080 1451 1145 1484 post
1160 1449 1365 1477 cremationem
1385 1449 1534 1485 relinquit,
1550 1459 1644 1486 neque
1660 1451 1782 1484 cineres,

958 1501 1053 1528 neque
1082 1493 1207 1526 fumum,
1228 1502 1320 1528 neque
1349 1493 1476 1529 aliquem
1505 1494 1626 1522 fetorem
1656 1494 1781 1529 reponit.

958 1537 1065 1564 Eodem
1082 1537 1168 1564 modo
1183 1537 1270 1564 homo
1295 1537 1457 1573 spiritualis
1481 1539 1604 1566 tonsura
1629 1546 1783 1565 consecra-

958 1583 1017 1614 tus,
1033 1581 1110 1608 sicut
1134 1581 1278 1617 promisit,
1295 1582 1425 1617 seipsum
1441 1583 1477 1610 ad
1501 1583 1658 1610 lucendum
1681 1590 1782 1609 accen-

959 1625 1011 1658 dit,
1028 1625 1125 1652 volatu
1142 1625 1228 1653 celeri
1250 1626 1286 1653 ad
1311 1627 1400 1654 Deum
1417 1626 1551 1658 tendens.
1568 1626 1663 1662 primo
1679 1625 1783 1653 lumini

959 1669 1079 1705 cupiens
1100 1670 1346 1706 appropinquare,
1364 1672 1403 1704 et,
1420 1673 1454 1698 ut
1475 1671 1517 1698 ita
1536 1671 1642 1704 dicam,
1660 1671 1783 1706 conjun-

959 1714 1003 1750 gi;
1025 1713 1198 1750 nullumque
1223 1715 1350 1742 materiae
1373 1715 1530 1751 vestigium
1556 1715 1695 1742 emittens
1719 1715 1783 1742 feti-

959 1759 1029 1786 dum
1059 1758 1178 1786 odorem
1208 1758 1383 1795 relinquere,
1404 1760 1454 1787 sed
1482 1759 1576 1795 magis
1606 1759 1636 1786 in
1665 1760 1783 1787 odorem

960 1803 1112 1831 suavitatis
1128 1812 1144 1830 a
1159 1803 1217 1831 Deo
1243 1804 1383 1839 reputari,
1399 1811 1493 1840 neque
1509 1812 1526 1831 a
1539 1807 1654 1831 terrena
1678 1811 1785 1831 conce-

961 1848 1061 1883 ptione
1089 1848 1165 1875 fetus
1193 1848 1409 1882 immaculatus,
1427 1849 1460 1876 ad
1490 1851 1535 1876 ter
1563 1856 1670 1884 purum
1691 1851 1720 1876 et
1743 1850 1787 1876 ter

961 1895 1096 1920 sanctum
1113 1892 1204 1920 Deum
1220 1893 1359 1921 elevatur.

997 1981 1042 2009 89.
1060 1981 1098 2009 Eo
1128 1981 1214 2009 modo
1243 1989 1325 2010 ceras
1355 1982 1512 2018 nuptiales,
1534 1985 1567 2010 ut
1593 1983 1704 2011 dictum
1733 1986 1789 2018 est,

963 2026 1075 2054 nobiles
1089 2025 1298 2061 Megalopolitae
1319 2027 1467 2062 judicant.
1482 2027 1527 2054 Sic
1544 2027 1714 2055 illuminant
1737 2029 1790 2056 bo-

963 2071 1059 2097 mines
1074 2069 1137 2097 visu
1153 2069 1334 2103 debilitatos,
1346 2073 1398 2098 aut
1419 2072 1538 2098 omnino
1558 2079 1660 2099 caecos.
1677 2071 1723 2098 Sic
1739 2072 1789 2099 do-

963 2117 1030 2142 cent
1038 2113 1170 2141 bomines
1182 2122 1196 2140 ο
1208 2114 1346 2148 tenebris,
1357 2115 1452 2149 erebo,
1461 2115 1595 2150 caligine,
1606 2115 1649 2143 vel
1661 2124 1791 2151 quocun-

965 2167 1020 2194 que
1036 2158 1097 2194 pari
1113 2157 1231 2186 nomine
1250 2161 1368 2186 vocetur
1381 2159 1440 2186 vita
1464 2159 1593 2193 inferior,
1607 2160 1654 2196 qui
1672 2168 1791 2196 pregre-

963 2203 1085 2230 diuntur
1099 2202 1135 2230 ad
1152 2201 1252 2230 lumen
1277 2203 1455 2231 monachicae
1471 2204 1547 2238 vitae,
1559 2204 1639 2232 velut
1653 2205 1688 2232 de
1713 2207 1792 2232 terra

964 2248 1000 2275 ad
1025 2247 1132 2274 ethera
1155 2247 1219 2275 sine
1243 2248 1363 2281 nebula;
1392 2250 1439 2276 oui
1463 2258 1521 2276 non
1547 2250 1730 2277 attendentes
1751 2250 1791 2278 si-

965 2295 1056 2326 stunt,
1077 2294 1105 2319 et
1134 2292 1164 2319 in
1193 2292 1322 2320 tenebris
1349 2293 1518 2329 caliginosis
1544 2294 1681 2322 videntur
1702 2295 1791 2322 vitam

965 2345 1058 2373 agere,
1087 2345 1144 2364 non
1169 2337 1245 2365 sicut
1268 2337 1428 2371 Cimmerii,
1445 2346 1516 2372 quos
1541 2338 1700 2374 aliquando
1724 2339 1790 2367 illu-

89 2382 152 2419 αὖτῷ
166 2372 282 2412 oni-1:115!
297 2383 360 2415 τοὺς
376 2372 557 2420 Κιμμερίους,
574 2372 616 2415 οίς
639 2384 684 2412 καὶ
699 2372 781 2418 ἥλιος
806 2381 904 2418 ἐλλάμ-

966 2382 1077 2410 minare
1101 2381 1144 2409 sol
1173 2381 1290 2415 dicitur,
1307 2382 1358 2409 sed
1384 2382 1460 2410 sicut
1489 2372 1599 2419 sepulti
1627 2384 1655 2410 in
1686 2384 1792 2412 umbra

87 2436 138 2454 πειν
154 2427 264 2466 λέγεταί
278 2438 355 2462 non,
372 2426 445 2455 ἀλλὰ
458 2428 526 2455 κατὰ
544 2427 608 2460 τοὺς
637 2428 663 2455 ἐν
693 2430 755 2463 σκιᾷ
783 2427 907 2462 θανάτου,

87 2472 116 2507 τῇ
138 2473 180 2499 καὶ
206 2473 274 2510 ὑπὲρ
299 2473 395 2502 σκότος
409 2471 565 2510 ταρτάριον.
583 2473 617 2501 Οἱ
642 2471 665 2500 δ’
682 2472 757 2500 αὐτοὶ
783 2471 908 2510 Μεγαλο-

87 2515 200 2552 πολῖται,
216 2518 245 2545 ol
269 2517 321 2551 τὴν
344 2517 530 2554 πνευματικὴν
555 2518 697 2545 πολιτείαν
723 2517 848 2555 μεγάλοι,
863 2517 908 2545 καὶ

87 2560 114 2586 τὸ
128 2563 277 2600 μοναχικὸν
295 2561 379 2598 μέλαν
395 2562 426 2589 τὸ
442 2561 510 2589 κατὰ
523 2562 573 2597 τὴν
587 2561 691 2590 ἔνδυσιν
716 2562 761 2590 καὶ
784 2563 832 2593 τὰς
849 2561 908 2589 λοι-

86 2604 131 2636 πὰς
156 2604 184 2634 δὲ
209 2606 286 2644 ἱερὰς
317 2606 476 2643 ἀμπεχόνας
512 2605 664 2638 πολυειδῶς
698 2607 835 2645 ἀνάγουσι,
864 2607 909 2634 καὶ

88 2652 211 2685 φωτεινὴν
242 2651 359 2688 θεωρίαν
384 2653 418 2688 τῇ
442 2651 555 2689 τοιαύτῃ
582 2650 697 2688 μελανίᾳ
721 2651 908 2689 ἐναυγάζουσι,

118 2732 353 2770 (9)77Praataneum
380 2733 464 2770 locus
480 2735 548 2770 erat
575 2734 706 2770 Athenis,
723 2734 774 2762 ubi
798 2734 911 2762 civibus
932 2714 934 2717 γ

86 2766 133 2806 lus
143 2766 310 2806 dicebatur,
326 2771 354 2797 et
375 2769 503 2806 publicis
519 2770 688 2806 sumptibus
699 2766 911 2798 'nutriebantur

89 2803 253 2842 quicunque
279 2805 315 2842 de
339 2803 514 2842 rei—publica
533 2803 614 2842 bene
641 2806 739 2835 meriti
767 2808 861 2834 erant.
878 2808 910 2835 In

89 2845 118 2867 eo
133 2840 223 2870 altare
238 2840 369 2878 positum
393 2840 456 2870 erat
479 2841 539 2877 igni
564 2850 648 2871 sacro
671 2844 701 2871 et
724 2844 865 2879 perpetuo
880 2843 910 2872 in

965 2426 1068 2454 mortis
1097 2426 1265 2454 obscuriore
1292 2427 1430 2454 tartareis
1454 2427 1592 2455 tenebris.
1610 2427 1667 2463 Ipsi
1694 2431 1791 2456 autem

964 2470 1187 2507 Megalopolitae,
1204 2471 1263 2497 vita
1283 2471 1429 2506 spirituali
1454 2473 1565 2507 magni,
1583 2473 1700 2508 nigrum
1726 2481 1792 2501 mo-

965 2515 1125 2543 mchorum
1154 2514 1280 2543 colorem
1310 2515 1374 2543 suis
1403 2516 1596 2549 indumentis,
1613 2519 1642 2544 ot
1670 2517 1792 2553 reliquis

965 2559 1094 2588 vestibus
1110 2559 1223 2587 diverse
1243 2562 1400 2593 ostentant,
1417 2560 1533 2596 istaque
1556 2561 1673 2597 nigritie
1689 2562 1790 2598 splen-

965 2604 1065 2631 dorem
1095 2603 1168 2631 lucis
1198 2612 1257 2632 sum
1287 2607 1405 2639 augent.
1434 2604 1603 2641 lnlelligunt
1631 2605 1707 2634 enim
1735 2614 1791 2634 nec

965 2647 1179 2676 obliviscuntur
1195 2648 1282 2684 (quod
1308 2648 1411 2682 absit!)
1437 2657 1494 2676 non
1520 2652 1640 2686 propter
1663 2649 1788 2678 colorem

966 2729 1107 2766 honorem
1137 2730 1230 2756 Vestae
1257 2728 1454 2766 destinatum,
1485 2731 1570 2766 cujus
1598 2738 1667 2758 cura
1694 2729 1792 2766 viduis

966 2765 1152 2802 mulieribus,
1168 2765 1383 2801 Prytanitidum
1404 2765 1533 2802 nomine,
1550 2774 1607 2794 non
1626 2765 1791 2802 virginibus

966 2801 1142 2829 demandata
1156 2803 1229 2830 erat.
