2002 3158
209 181 268 212 803

594 177 806 210 EUSTATEII
827 173 1211 207 THESSALONIGENSIS
1234 173 1529 206 METROPOLITE

1857 175 1918 207 804

209 245 359 280 eximium,
376 247 494 282 propler
517 243 765 281 pulchritudinem
781 251 797 270 a
816 242 950 279 patribus
974 241 1018 269 ele

1073 242 1188 275 ,Νοοῦσι
1205 240 1268 278 γὰρ,
1285 240 1329 268 καὶ
1353 240 1384 268 οὐ
1410 239 1499 276 δήπου
1521 243 1685 278 παρανοοῦσι
1710 242 1761 278 (μὴ
1785 241 1918 279 γάνοιτο),

208 294 284 320 ctam
303 290 394 318 fuisse
410 290 652 318 vestimentorum
670 287 830 323 nigritiem,
845 295 878 315 eo
894 286 972 322 quod
987 286 1030 313 vi-

207 336 274 364 litas
290 336 325 364 de
339 334 555 371 pulchritudine
571 333 785 361 excusationem
806 340 865 359 non
887 331 1027 359 haberet:

206 381 257 409 sed
272 388 341 408 sane
356 381 475 416 propter
488 377 653 414 symbolum
666 377 730 405 vita:
744 379 851 405 sanctas
865 383 1029 412 congruum

205 425 298 454 electa
311 427 366 452 est.

240 470 285 497 90.
302 467 458 496 Monschos
482 468 585 494 decent
608 466 781 494 indumenta
805 465 899 502 nigra,
923 467 955 492 ut
978 472 1029 500 per

205 523 249 549 ea,
279 513 359 540 velut
387 521 438 548 per
469 514 594 544 noctem,
623 511 778 538 videantur
805 513 884 538 astra
912 509 1027 537 virtutis

204 557 334 586 lucentia
349 557 377 584 in
393 557 445 584 eis.
461 556 542 583 Sicut
557 555 634 583 enim
651 558 736 583 nocte
752 557 831 582 astra
845 554 934 582 libere
950 554 1027 581 scin-

205 601 312 635 tillant,
329 601 371 628 sic
395 601 450 629 sub
476 600 566 636 nigris
583 600 675 627 sacris
705 599 886 627 indumentis
913 599 1027 626 elucere

205 647 290 674 debet
303 646 395 673 virtus
411 652 475 673 vere
494 644 602 672 lucide.
620 644 706 672 Aliud
727 646 865 679 prmtereu
880 643 1027 680 signiﬁcat

202 691 261 718 ists
290 690 432 726 nigrities,
458 689 568 717 scilicet
597 688 802 717 absconditum
831 696 896 716 esse
922 688 1026 715 debere

201 737 330 763 ascetam
358 735 394 762 ad
425 734 563 770 pietatem
593 733 724 769 seipsum
753 735 945 766 exercentem,
968 740 1026 760 non

198 780 290 808 videri
316 779 398 814 velle,
424 781 457 806 ut
482 786 591 811 revera,
609 786 665 806 non
691 777 788 814 specie
812 780 907 811 tenus,
928 777 1025 812 iustus

200 827 268 852 ante
296 824 389 852 Deum
419 823 512 859 possit
540 823 636 859 palam
667 823 762 850 dicere
779 830 812 850 :u
829 823 860 849 In
889 822 1024 850 noctibus

200 868 307 897 extollo
323 876 376 904 ego
392 876 498 895 manus
515 875 596 895 meas
612 867 647 894 ad
665 869 765 895 sancta
777 867 809 900 η,
821 877 836 892 ››
847 867 935 903 idque
949 866 1024 902 psal-

200 913 259 941 lere
286 913 321 940 ob
351 914 434 940 actus
463 913 590 939 secretos
619 913 648 939 et
676 911 872 939 absconditos.
902 912 1024 947 Insuper

195 957 283 993 jubet
309 957 399 985 vestis
424 956 544 984 omnino
574 956 658 992 nigra
685 956 861 984 monachum
877 955 1024 984 calestem

197 1009 262 1030 esse
290 1001 450 1029 virtutibus
479 1001 560 1034 suis,
589 1000 690 1036 sicque
724 1009 812 1037 super
845 1000 933 1028 coelos
965 1000 1023 1028 Deo

197 1046 440 1082 appropinquare.
457 1044 607 1073 Caeruleus
633 1045 712 1072 enim
728 1045 843 1072 videtur
865 1044 944 1072 color
967 1053 1023 1073 cce-

195 1089 303 1123 lorum,
316 1090 405 1126 juxta
427 1097 545 1118 veraces
570 1089 773 1126 philosophos,
790 1089 839 1125 qui
856 1089 930 1117 hanc
954 1098 1024 1118 cau-

197 1143 260 1162 sam
275 1136 422 1166 asserunt,
437 1134 493 1162 hoc
515 1133 612 1162 locum
636 1133 744 1162 habere
769 1134 804 1161 ad
829 1134 938 1162 bonum
954 1143 1023 1162 ocu-

197 1178 292 1207 lorum
321 1178 516 1211 intuentium,
541 1180 660 1214 propter
689 1178 875 1206 medietatem
899 1179 1022 1214 coniun-

197 1224 293 1252 ctione
321 1225 517 1251 extremorum
552 1223 662 1258 optime
695 1222 892 1255 eﬂ'ormatam,
922 1223 962 1250 ita
990 1225 1023 1251 ut

197 1275 292 1304 neque
325 1268 453 1303 perfecta
486 1267 620 1295 albedine
649 1266 769 1303 fulgeat,
800 1275 893 1303 neque
926 1268 1022 1304 spissa

196 1312 314 1347 nigritie
329 1312 538 1345 abscondatur,
552 1311 654 1347 sicque
670 1311 760 1339 nostri
776 1312 906 1347 corporis
921 1312 1021 1340 oculos

195 1355 292 1384 laedat.

229 1491 274 1519 91.
292 1491 432 1524 Audisne,
455 1498 560 1527 magne
585 1491 736 1525 monache,
753 1491 838 1527 quale
863 1491 967 1520 coelum
992 1494 1020 1520 te

196 1535 271 1563 effici
294 1536 396 1572 jubeat
421 1544 517 1564 sermo
531 1536 638 1564 verus?
664 1536 752 1564 Laedis
776 1535 924 1571 laedentes,
938 1539 967 1565 et
991 1539 1018 1565 te

194 1580 292 1616 ipsum
317 1582 347 1608 in
371 1581 486 1617 primis,
502 1581 620 1617 quando
644 1581 768 1609 intueris
783 1590 831 1609 eos
857 1582 907 1617 qui
932 1582 967 1609 ad
991 1584 1019 1610 te

194 1626 347 1658 accedunt,
370 1626 430 1653 sive
453 1625 494 1653 sis
523 1626 643 1653 omnino
669 1626 760 1661 niger,
781 1625 842 1654 sive
866 1625 1018 1662 splendide

195 1669 319 1705 fulgens.
349 1671 409 1697 Tua
446 1669 524 1697 enim
554 1670 618 1697 sisti
648 1670 677 1698 in
705 1670 800 1698 medio
828 1673 960 1706 oportet,
989 1673 1018 1699 et

192 1713 257 1741 ideo
273 1721 340 1741 cum
357 1714 474 1747 virtute,
488 1713 633 1749 siquidem
649 1714 677 1741 in
695 1714 790 1742 medio
807 1717 866 1742 stat
882 1715 1018 1750 quislibet

191 1758 295 1786 virtus.
312 1758 451 1794 Teipsum
477 1758 568 1793 igitur
584 1761 660 1785 recte
672 1759 783 1793 judica,
802 1761 834 1786 ut
857 1759 899 1787 sis
924 1760 1016 1795 niger,

191 1805 337 1838 quantum
367 1810 486 1829 necesse
513 1805 568 1836 est,
586 1804 674 1837 atque
699 1802 786 1830 etiam
815 1804 914 1837 albus;
944 1804 1016 1832 illud

192 1846 311 1881 quidem
328 1847 361 1872 ut
383 1846 476 1873 virtus
502 1848 553 1873 tua
577 1846 785 1880 abscondatur,
802 1849 830 1874 et
854 1848 1018 1876 adducatur

191 1890 298 1916 umbra
314 1889 462 1924 salutaris,
480 1898 537 1916 non
559 1890 672 1922 mortis,
688 1893 715 1918 et
732 1899 815 1919 mens
830 1892 1017 1928 demergatur

191 1933 222 1960 in
238 1933 397 1968 profundus
414 1933 586 1966 sententias,
599 1937 626 1961 et
643 1934 681 1962 sit
695 1935 772 1963 nocti
788 1936 905 1969 similis,
923 1945 1014 1972 quau-

191 1977 228 2005 do
245 1976 338 2004 malos
354 1977 428 2006 feres
443 1977 565 2006 moleste
578 1981 606 2006 et
619 1978 660 2006 eis
675 1979 828 2007 irasceris:
841 1980 883 2009 sic
899 1981 1014 2009 diabolo

189 2021 389 2055 absconderis,
406 2022 442 2050 ab
471 2030 503 2050 eo
532 2023 671 2059 aufugero
699 2024 850 2052 conaberis
881 2026 1013 2061 atquein

188 2075 298 2094 vanum
330 2066 463 2094 laborare
495 2067 620 2096 desines.
651 2067 709 2096 Hoc
746 2069 823 2096 enim
855 2070 1014 2106 symbolice

188 2111 286 2140 innuit
314 2111 449 2140 monachi
481 2111 700 2146 indumentum,
730 2114 806 2141 nocti
837 2123 1011 2151 congruum,

188 2156 216 2184 id
233 2156 311 2192 quod
333 2165 389 2184 nox
413 2164 540 2192 quoque,
557 2165 621 2192 quae
646 2158 783 2186 sensibus
808 2167 941 2195 soporem
958 2160 1012 2188 im-

187 2201 286 2237 pertit,
302 2201 407 2229 sortita
424 2203 478 2229 est.

1086 283 1116 312 οὐ
1148 284 1215 312 κατά
1238 295 1266 312 τι
1290 285 1469 323 χρωματικὸν
1503 284 1636 323 ἐξαίρετον
1672 285 1832 323 ἔπιλεγῆναι
1857 289 1917 318 τοῖς

1084 329 1199 367 πατράσι
1218 330 1249 357 τὸ
1264 332 1312 357 τοῦ
1327 331 1488 369 φορήματος
1515 329 1599 366 μὲλαν
1624 331 1657 357 τά
1683 341 1715 368 γε
1735 330 1775 362 ιῖς
1799 329 1915 368 κάλλος,

1084 373 1125 401 ὅτι
1155 373 1220 410 μηδ’
1235 373 1265 401 ἂν
1286 373 1347 412 ἔχοι
1370 374 1530 413 συνηγορίαν
1560 373 1604 402 ἐπὶ
1629 374 1726 403 κάλλιι
1747 375 1780 402 τὸ
1796 375 1913 407 ιύτελὲς.

1083 417 1188 447 Οὐκοῦν
1203 418 1330 457 ἐπεκρίθη
1346 418 1389 446 ἐπὶ
1410 416 1561 456 συμϐόλοις
1587 419 1638 457 βίῳ
1663 419 1726 455 θείῳ
1749 419 1912 456 πρέπουσιν.

1119 463 1144 502 ιι.
1165 464 1324 501 Ἐπιπρέπει
1360 465 1411 502 γὰρ
1445 464 1477 491 τὸ
1506 466 1558 492 τῶν
1590 464 1696 503 ἀμφίων
1739 464 1826 501 μέλαν
1856 468 1915 497 τοῖς

1083 510 1216 545 μοναχοῖς
1235 507 1272 539 εἷς
1296 509 1325 536 τὸ
1355 507 1389 535 δι’
1404 509 1487 536 αὐτοῦ
1516 508 1564 536 ὅσα
1577 508 1622 536 καί
1647 519 1722 541 τινος
1751 509 1850 540 νυκτὸς
1872 509 1916 537 ἐκ-

1082 552 1220 589 φαίνεσθαι
1241 553 1305 584 τοὺς
1328 556 1379 588 τῆς
1402 553 1500 590 ἀρετῆς
1531 553 1644 591 ἀστέρας
1674 554 1700 581 ἐν
1729 554 1823 586 αὐτοῖς
1846 564 1915 591 προ-

1082 595 1249 634 λάμποντας.
1274 598 1319 628 Ὠς
1347 598 1399 635 γὰρ
1428 597 1455 624 ἐν
1480 598 1555 625 νυκτὶ
1579 597 1812 636 παρῥησιάζονται
1836 598 1917 626 ἀστέ-

1081 651 1124 676 ρες
1150 641 1187 673 εἷς
1217 644 1324 681 φαῦσιν,
1341 642 1412 670 οὕτω
1441 641 1486 670 καί
1500 641 1526 670 ἐν
1543 645 1600 674 τοῖς
1617 643 1698 678 ὶῑρῶς
1716 642 1915 682 μελαμφόροις

1080 686 1216 723 ὀφείλεται
1245 687 1407 726 παμφαίνειν
1436 688 1454 722 ἡ
1483 688 1551 725 πρὸς
1584 687 1714 722 ἀλήθειαν
1755 687 1914 726 φωτοειδής

1080 730 1172 767 ἀρετή.
1187 731 1235 758 Καὶ
1252 730 1345 762 ἄλλως
1361 730 1390 758 δὲ
1406 729 1546 768 σύμϐολον
1570 732 1601 759 τὸ
1625 732 1752 759 τοιοῦτον
1784 732 1914 769 μὲλασμα

1078 777 1127 803 τοῦ
1152 774 1205 803 δεῖν
1235 776 1302 803 εἶναι
1331 775 1494 813 κρύπτεσθαι
1527 776 1664 813 ἄρετῶντα
1696 777 1743 803 τὸν
1774 776 1910 812 ἆσκητὴν,

1079 821 1123 848 καὶ
1147 821 1185 857 μὴ
1211 819 1411 859 φανητιᾷν·ῗνα
1432 823 1471 857 τῷ
1494 818 1561 856 ἕντι,
1574 820 1619 848 καὶ
1651 822 1688 858 μὴ
1719 822 1789 859 πρὸς
1811 832 1909 860 φαντα-

1079 865 1148 902 σίαν,
1163 865 1237 897 ὅσιος
1251 864 1287 892 ὣν
1303 867 1342 901 τῷ
1358 867 1428 901 Θεῷ,
1444 863 1495 903 ἔχῃ
1519 864 1589 893 οὕτω
1615 866 1659 893 καὶ
1687 865 1770 896 αὐτὸς
1799 865 1908 904 αὐχεῖν,

1078 909 1119 937 ὅτι
1144 910 1170 937 ἐν
1191 913 1250 941 ταῖς
1273 910 1343 946 νυξὶν
1368 909 1472 947 ἐπαίρει
1497 910 1545 941 τὰς
1570 913 1665 948 χεῖρας
1696 910 1781 938 αὐτοῦ
1809 910 1850 941 εἷς
1877 911 1910 938 τὰ

1079 955 1150 991 ἅγια,
1167 954 1282 992 ψάλλων
1306 954 1370 982 αὐτὸ
1394 953 1438 982 διὰ
1460 954 1492 982 τὸ
1512 956 1566 982 τῶν
1583 954 1705 992 πράξεων
1735 955 1835 994 ἀφανὲς
1863 955 1908 982 καὶ

1079 999 1306 1037 ἀπανηγύριστον.
1323 1000 1381 1026 Ἔτι
1399 999 1526 1037 βούλεται
1540 999 1571 1026 τὸ
1596 998 1630 1026 δι’
1646 998 1713 1027 ὅλου
1740 998 1827 1036 μέλαν
1854 999 1907 1037 ἆμ-

1078 1054 1139 1082 φιον
1155 1044 1199 1072 καὶ
1215 1043 1308 1075 ἄλλως
1323 1044 1448 1082 οὐράνιον
1467 1046 1526 1075 ταῖς
1550 1045 1657 1081 ἀρεταῖς
1683 1044 1748 1071 εἶναι
1772 1044 1820 1071 τὸν
1852 1055 1908 1080 μο-

1077 1089 1200 1123 νάζοντα,
1217 1089 1262 1116 καὶ
1289 1088 1361 1116 οὕτω
1389 1091 1448 1125 Θεῷ
1462 1091 1501 1124 τῷ
1527 1088 1712 1127 ὑπερουρανίῳ
1739 1087 1906 1124 πελάζοντα.

1078 1134 1126 1161 Καὶ
1148 1134 1199 1171 γάρ
1223 1144 1265 1161 τοι
1289 1144 1357 1161 κατα
1373 1132 1436 1164 τοὺς
1461 1133 1528 1171 ὀρθὰ
1544 1133 1762 1173 φιλοσοφοῦντας
1794 1133 1908 1161 κυάνεον

1076 1179 1119 1206 καὶ
1135 1178 1166 1206 τὸ
1191 1178 1314 1216 οὐράνιον
1330 1177 1496 1217 διαφαίνεται
1526 1178 1639 1216 χρῶμω
1656 1178 1683 1205 οἲ
1708 1178 1753 1206 καί
1784 1177 1910 1206 αἰτιολο-

1075 1225 1152 1260 γοῦσι
1167 1223 1344 1258 προσπίπτειν
1361 1222 1426 1250 αὐτὸ
1440 1224 1564 1250 τοιοῦτον
1584 1225 1643 1254 ταῖς
1667 1224 1720 1250 τῶν
1745 1222 1907 1261 βλεπόντων

1076 1265 1167 1304 ὄψεσιν
1196 1267 1234 1294 ἃττ’
1250 1265 1369 1306 ὠφελείᾳ
1391 1265 1436 1294 διὰ
1459 1267 1510 1301 τήν
1533 1267 1592 1294 κατ’
1615 1266 1680 1294 αὐτὸ
1707 1267 1854 1303 μεσότητα,
1878 1268 1908 1295 εὗ

1077 1311 1151 1348 μάλα
1178 1312 1346 1349 κεκραμένην
1377 1313 1412 1348 τῇ
1445 1313 1499 1338 τῶν
1536 1311 1625 1350 ἄκρων
1662 1311 1834 1339 συνελεύσει·
1865 1312 1906 1343 ὡς

1076 1357 1146 1392 μήτε
1172 1355 1318 1393 διακρίνιιν
1332 1358 1368 1393 τῇ
1383 1355 1492 1394 ἀκράτῳ
1516 1355 1672 1391 λευκότητι,
1690 1357 1761 1393 μήτε
1790 1357 1907 1395 συγκρί-

1073 1411 1126 1428 νειν
1140 1402 1175 1433 τῆ
1200 1401 1335 1439 κατάκρας
1359 1399 1485 1438 μελανία,
1501 1401 1545 1428 καὶ
1568 1399 1639 1428 οὕτω
1657 1400 1789 1438 βλάπτειν
1818 1402 1849 1429 τὸ
1875 1401 1905 1429 ἐν

1074 1446 1141 1482 ἡμῖν
1159 1445 1269 1473 ὀπτικὸν
1283 1446 1314 1473 τὸ
1328 1445 1396 1473 κατά
1411 1455 1442 1482 γε
1457 1447 1547 1481 σῶμα.

1109 1490 1161 1529 ιιαᾍ
1179 1490 1311 1524 Ἀκούεις,
1333 1489 1356 1517 ὦ
1382 1489 1452 1527 μέγα
1477 1489 1590 1527 μοναχὶ,
1605 1489 1701 1517 ὁποῖόν
1727 1499 1788 1517 τινα
1817 1490 1904 1527 ούρα-

1072 1536 1117 1563 νὺν
1145 1535 1190 1562 καὶ
1220 1535 1248 1562 σὲ
1277 1535 1291 1562 ὁ
1321 1534 1402 1573 ἀρθὸς
1418 1533 1500 1572 λόγος
1517 1534 1583 1561 εἶναι
1601 1533 1749 1571 βούλεται,
1766 1533 1905 1566 Βλάκτιις

1071 1579 1135 1610 τοὺς
1171 1579 1363 1616 βλάπτοντας’
1396 1578 1427 1606 οὐ
1457 1579 1510 1615 μὴν
1537 1577 1565 1606 δὶ
1592 1578 1665 1606 ἀλλὰ
1693 1579 1738 1606 καὶ
1777 1580 1904 1614 σεαυτὸν,

1073 1625 1190 1660 ὁπηνίκα
1214 1624 1375 1662 ὶντρανίσεις
1398 1626 1457 1654 τοῖς
1478 1624 1547 1651 κατὰ
1570 1623 1610 1658 σε,
1641 1621 1695 1650 εἴτε
1722 1623 1792 1661 πρὸς
1819 1622 1903 1661 ἄκρον

1073 1669 1274 1706 μεμελάνωσαι,
1303 1668 1357 1696 siit:
1392 1668 1567 1706 προλάμπεις
1600 1666 1721 1705 ἄκρατα.
1749 1669 1807 1707 Χρή
1847 1669 1901 1707 γὰρ

1072 1712 1248 1745 διατεθεῖσθαι
1276 1713 1310 1740 τὰ
1337 1712 1363 1740 ἐν
1386 1713 1428 1740 σοὶ
1447 1713 1536 1748 μέσως
1563 1713 1607 1739 καὶ
1638 1711 1726 1744 οὕτως
1755 1713 1900 1750 ἰναρὲτως,

1072 1757 1126 1796 εἷ’γε
1149 1758 1264 1794 μεσότης
1280 1757 1362 1795 ἀρετή
1390 1760 1471 1786 πᾶσα.
1489 1756 1642 1794 Κατακίρνα
1668 1756 1760 1784 τοίνυν
1788 1759 1900 1785 σεαυτὸν

1072 1803 1230 1840 θεαρέστως·
1247 1802 1292 1829 καὶ
1324 1800 1532 1838 μελαινόμίνος,
1560 1801 1601 1840 ἐφ’
1629 1800 1692 1829 ὅσον
1724 1802 1826 1839 χρεὼν,
1851 1803 1898 1829 καὶ

1071 1846 1103 1874 αὖ
1123 1846 1204 1874 πάλιν
1233 1845 1499 1882 διαλευκαινόμενος,
1523 1846 1555 1873 τὸ
1586 1846 1633 1882 μὲν
1660 1845 1745 1880 ποίει,
1768 1846 1895 1884 κρύπτων

1069 1893 1118 1927 τὴν
1144 1892 1169 1918 ἐν
1195 1891 1237 1918 σοὶ
1262 1891 1371 1929 ἀρετὴν,
1386 1890 1431 1918 καὶ
1456 1890 1530 1917 σκιὰν
1548 1889 1670 1917 ἐκτείνων
1702 1892 1850 1928 σωτήριον,
1864 1890 1897 1917 οὗ

1071 1937 1124 1973 μὴν
1142 1936 1270 1968 θανάτουο
1286 1935 1330 1962 καί
1354 1934 1513 1971 ἐμϐαθύνων
1532 1935 1682 1965 θειοτάτοις
1705 1935 1838 1970 νοήμασι,
1853 1935 1898 1962 καὶ

1070 1980 1144 2008 νυκτέ
1160 1980 1255 2011 ἐοικὼς
1270 1981 1304 2007 τὰ
1328 1979 1448 2014 ὑπώπια,
1465 1979 1509 2006 ὅτε
1534 1977 1719 2006 δυσκολαίνων
1748 1979 1898 2017 ἀγριαίνει(

1068 2025 1136 2053 κατὰ
1164 2025 1272 2053 γακίανο
1288 2024 1332 2052 καὶ
1356 2024 1543 2061 κρυπτόμενος
1571 2022 1600 2050 δὲ
1625 2023 1672 2050 τὸν
1697 2022 1826 2060 δαίμονα,
1852 2024 1893 2051 καὶ

1069 2069 1140 2097 οὕτω
1156 2069 1295 2098 λανθάνειν
1308 2069 1387 2096 αὐτὸν
1411 2069 1594 2106 πειρώμενος,
1609 2068 1654 2096 καὶ
1682 2068 1737 2104 μὴν
1763 2069 1808 2096 καὶ
1837 2069 1896 2096 ἀνι-

1068 2115 1222 2151 παυόμενος
1236 2116 1285 2142 τοῦ
1299 2113 1361 2151 περὶ
1389 2113 1422 2141 τὰ
1449 2113 1512 2141 κενὰ
1537 2112 1818 2150 μοχθεῖν.⁷Απονεύιι
1845 2113 1894 2150 γάρ

1065 2170 1108 2187 τοι
1124 2159 1168 2186 καὶ
1185 2159 1223 2190 εἱς
1239 2158 1304 2186 αὐτὸ
1320 2155 1497 2195 συμϐολικῶς
1513 2158 1545 2185 τὸ
1564 2159 1613 2185 τοῦ
1643 2159 1799 2195 μοναχικοῦ
1823 2158 1891 2195 σχή-

1068 2214 1152 2240 ματος
1179 2203 1317 2240 νύκτερον,
1334 2201 1405 2230 ὃκαί
1420 2203 1437 2237 ἡ
1460 2202 1529 2239 πρὸς
1552 2201 1677 2237 αἴσθησιν
1707 2202 1893 2238 ἀναπαύσιμος

1065 2248 1110 2284 νὺξ
1124 2247 1308 2285 κεκλήρωται.

220 2291 265 2318 92.
282 2290 361 2319 Talis
386 2299 452 2319 cum
479 2291 518 2319 sit
547 2291 680 2327 nigrities
708 2294 769 2325 tua,
785 2296 908 2321 canetur
924 2294 958 2321 de
981 2296 1010 2321 te

1169 2292 1302 2327 Τοιαύτης
1331 2290 1415 2327 οὔσης
1441 2291 1466 2319 ἐν
1497 2291 1539 2318 σοὶ
1567 2290 1735 2327 μελάνσεως,
1761 2289 1845 2326 ᾀδέτω
1871 2290 1887 2324 ἡ

185 2335 243 2363 ista
267 2336 412 2364 sententia
436 2344 472 2364 :«
498 2335 587 2372 Nigra
616 2345 693 2371 sum,
719 2338 768 2365 sed
802 2338 930 2366 formosa
946 2339 978 2365 ¹¹¹.
997 2350 1007 2363 ι

186 2379 274 2407 Aliter
305 2381 382 2408 enim
422 2380 577 2417 pulchrum
613 2389 670 2408 non
714 2386 777 2417 est,
812 2383 888 2418 quod
931 2390 1010 2410 mere

186 2423 303 2459 nigrum
318 2427 372 2458 est,
389 2425 534 2460 siquidem
561 2425 664 2452 mortis
688 2425 830 2454 indicium
846 2429 890 2455 est
911 2427 940 2454 in
964 2427 1008 2454 in-

185 2467 376 2497 ﬁrmitatibus
391 2469 548 2505 corporeis.
561 2468 722 2505 Aliquando
738 2472 835 2499 tamen
853 2471 1008 2507 pulchrum

185 2511 310 2547 videtur,
344 2513 369 2540 si
404 2514 480 2549 quod
514 2516 720 2541 ornamentum
754 2515 882 2543 additur.
920 2516 1008 2544 Lenis

185 2556 277 2592 nigris
309 2560 528 2593 anteponuntur
560 2557 651 2594 nigrae
684 2559 759 2586 corvi
794 2559 918 2596 plumae,
949 2570 1006 2589 non

182 2601 366 2637 simpliciter,
382 2602 432 2629 sed
457 2603 574 2638 quando
593 2603 679 2638 juxta
695 2603 786 2631 altera
812 2604 895 2640 nigra
910 2606 1005 2633 confe-

183 2649 298 2674 runtur.
315 2646 373 2674 Hoc
397 2655 464 2683 ergo
482 2647 577 2681 modo,
595 2647 648 2675 hac
664 2656 813 2682 mensura,
828 2649 910 2685 niger
933 2651 1005 2678 esto.

183 2691 325 2719 Similiter
348 2691 390 2719 sis
415 2691 509 2727 albus,
526 2692 635 2720 virtute
659 2692 789 2727 elucens,
805 2693 904 2722 lumen
931 2694 1006 2722 veri-

181 2736 252 2765 tatis
270 2735 420 2772 emittens,
436 2739 524 2773 rupta
537 2736 628 2765 densa
647 2736 811 2774 hypocrisis
827 2738 947 2774 nebula;
965 2739 1007 2767 sic

225 2842 248 2861 ¹⁶
260 2843 340 2874 Pu].
355 2851 474 2881 mnu,
488 2846 516 2873 2.
555 2845 577 2864 ιτ
591 2845 672 2875 Cant.
689 2855 710 2882 ι,
723 2847 750 2876 4.

1065 2337 1132 2364 κατᾶ
1147 2336 1176 2363 σὲ
1191 2335 1297 2374 διαρτία
1311 2337 1342 2364 τὸ
1358 2349 1372 2362 ‹‹
1393 2335 1518 2364 Μέλαινα
1539 2335 1607 2362 εἶναι
1622 2335 1667 2362 καὶ
1690 2334 1775 2370 καλή.
1793 2348 1806 2361 n
1823 2333 1886 2362 Ἄλ-

1065 2381 1120 2412 λως
1136 2381 1186 2419 γὰρ
1202 2381 1232 2408 οὐ
1247 2380 1330 2408 καλὸν
1346 2381 1376 2408 τὸ
1405 2379 1488 2417 μέλαν
1519 2379 1623 2416 ἁπλῶς,
1640 2378 1696 2418 εἷ’γε
1719 2379 1764 2407 καὶ
1791 2379 1884 2416 νεκρώ‹

1065 2427 1132 2457 σεώς
1161 2425 1216 2453 ἐστι
1246 2423 1385 2462 σύμϐολον
1416 2424 1442 2452 ἐν
1466 2424 1607 2462 καχεξίαις
1640 2427 1820 2460 σωματικαῖς.
1846 2426 1882 2457 Πῆ

1066 2471 1157 2507 μὲνσοι
1173 2471 1217 2497 καὶ
1240 2470 1304 2498 αὐτὸ
1319 2469 1402 2497 καλὸν
1421 2470 1484 2497 εἶναι
1505 2469 1636 2506 φαίνεται,
1655 2468 1682 2496 εἷ’
1702 2479 1757 2496 που
1780 2468 1836 2506 ἔχει
1860 2477 1883 2494 τι

1063 2512 1440 2551 ἐπικόσμημα.Τεμ-νύνονται
1465 2515 1528 2551 γοῦν
1551 2514 1595 2540 καὶ
1626 2513 1651 2540 ἐν
1679 2513 1763 2550 ἐρίοις
1790 2512 1882 2550 μελιν-

1063 2559 1153 2598 αυγέσι
1181 2560 1214 2587 τὰ
1242 2559 1343 2596 κοραξὰ
1372 2559 1427 2597 οὐχ
1443 2556 1562 2592 ἁπλῶς,
1584 2556 1657 2586 ἀλλὰ
1683 2558 1828 2596 παραθέσει

1062 2605 1129 2642 πρὸς
1146 2605 1251 2642 ἑτεροῖα
1269 2603 1382 2640 μέλανα.
1400 2603 1448 2631 Καὶ
1465 2603 1536 2630 οὕτω
1563 2603 1610 2639 μὲν
1637 2603 1682 2630 καὶ
1708 2602 1735 2634 ἐς
1762 2604 1879 2630 τοτοῦτον

1061 2649 1138 2687 γίνου
1152 2652 1200 2676 τοῦ
1218 2648 1341 2686 μέλανος.
1360 2647 1553 2676 Διαλευκαίνου
1569 2646 1608 2682 δὲ,
1624 2646 1741 2684 λάμπων
1769 2647 1880 2685 ἀρεταῖς,

1061 2695 1104 2721 καὶ
1126 2693 1254 2729 ἀληθείας
1279 2692 1463 2721 ἀποδισκεύων
1488 2695 1557 2731 φῶς,
1573 2692 1618 2719 καὶ
1642 2692 1673 2719 τὸ
1697 2695 1747 2726 τῆς
1775 2690 1878 2726 ὑποκρίη

1061 2749 1128 2770 σεως
1146 2738 1212 2778 βαθὺ
1228 2739 1308 2777 νέφος
1335 2738 1445 2777 ῥηγνὺς,
1461 2737 1506 2765 καὶ
1530 2736 1602 2764 οὕτω
1629 2735 1756 2775 λαμπρὸς
1785 2736 1876 2767 ἐκεῖθεν
