2002 3158
95 183 155 214 805

603 182 655 213 DE
675 180 924 212 EMENDANDA
943 180 1035 212 VITA
1058 179 1298 213 MONACHIGA.

1742 186 1802 218 806

95 248 247 284 ἐκκόπτων,
275 247 320 275 καὶ
346 247 493 286 αἱθριάζων
518 249 577 279 τοῖς
594 246 736 286 βλέπουσι,
758 246 803 274 καὶ
821 246 853 273 τὸ
867 248 919 274 πᾶν

982 246 1095 275 lucidus
1119 249 1193 282 esto,
1210 247 1394 276 intuentibus
1418 249 1604 286 manifestus,
1620 253 1658 287 et,
1673 252 1698 280 si
1713 261 1801 283 omne

96 294 181 321 εἰπεῖν
212 292 326 330 ἐγγίζων
355 294 395 328 τῷ
424 292 494 331 φωτὶ
510 294 549 328 τῷ
566 291 695 327 ἒληθινῷ,
712 291 794 328 οὗπερ
812 291 826 318 ὁ
841 289 925 322 πέλας

95 337 241 375 γενόμενος
271 337 321 364 οὐκ
345 336 399 368 ἔσθ’
424 337 500 368 ὅπως
525 336 550 364 έν
578 336 667 372 σκότῳ
685 335 768 372 μένει,
786 334 848 363 οὐδὲ
863 346 925 363 σκο-

93 385 218 422 τοφορεῖ,
233 382 281 409 κᾶν
299 382 313 409 ὁ
328 381 435 409 πάντων
454 380 496 416 εἴη
516 380 693 418 μελάντατος.

131 427 184 467 ια’.
198 429 260 456 "Et:
277 425 386 454 διανοοῦ
402 425 447 454 καὶ
463 426 504 454 ὅτι
534 427 565 453 τὸ
590 425 808 464 προφαινόμενον
833 425 859 453 έν
883 426 925 452 σοὶ

97 471 182 509 μέλαν
199 472 246 499 καὶ
263 472 299 502 ὡς
315 471 353 502 εἰς
378 471 493 503 θανάτου
508 467 647 507 συμϐολόν
668 481 709 498 σοι
737 470 924 508 προκέκριται·

96 515 167 544 ὥστε
195 518 356 554 νικροῦσθαι
383 516 429 552 μὶν
455 515 594 554 έμφαίνεις
621 517 662 552 τῷ
690 515 808 552 σώματι,
837 517 876 551 τῷ
898 514 927 543 δὲ

95 560 232 597 πνεύματι
247 560 291 588 καὶ
313 562 372 597 ζῇν,
401 560 446 588 καὶ
474 557 691 598 ὑπεραναϐαίνιιν
717 560 767 594 τὴν
793 563 854 597 γῆν,
881 560 925 587 καὶ

95 606 153 634 κατ’
172 605 260 640 αὐτὴν
272 604 369 640 πάντα,
398 604 448 632 ὅσα
462 603 571 632 πολλοῦ
594 607 704 642 τιμᾶται
719 606 777 636 τοῖς
793 603 925 636 πεδινοῖς,

96 649 234 686 Πένθιμος
248 649 300 688 γὰρ
318 649 376 687 βίος
391 649 405 676 ὁ
435 649 502 677 κατᾶ
531 650 570 685 σὶ,
586 650 623 680 ὡς
637 650 688 677 οὐκ
701 648 730 676 ἂν
747 647 823 687 ἔχοις
839 649 926 676 ἀντει-

94 698 167 724 πεῖν.
199 695 250 723 Καὶ
280 694 324 722 διὰ
354 696 437 722 τοῦτο
465 697 566 733 χαραῖς
594 694 710 726 ἀπάσαις
735 694 779 722 καὶ
802 693 924 729 ἡδοναῖς,

95 741 156 769 ὅσαι
182 740 253 768 κατὰ
269 739 340 778 βίον,
363 740 407 767 καὶ
425 739 591 778 διαχέσεσιν’
611 739 725 778 ἀμιγὴς,
755 739 924 775 ἀπήνθησας,

94 785 138 813 ὅτι
153 786 206 820 τὴν
228 784 318 821 κόμην
344 786 532 820 πνευματικῶς
555 783 701 822 ἀπεθρίξω·
729 783 783 822 εἴγε
810 783 854 811 καὶ
882 784 926 811 ἀν-

95 833 150 863 θεῖν
179 829 287 867 λέγεται
312 828 416 867 κεφαλὴ
434 828 461 856 έν
476 831 517 865 τῷ
544 831 642 866 κομᾷν.
674 830 797 865 Ενθυμοῦ
826 828 924 863 νοίνυν,

94 875 135 902 δτι
159 884 191 901 τι
219 875 325 911 καρποῦ
339 872 448 909 καιρίου
471 870 561 900 δόσιον
594 873 715 911 ὑπέσχου
732 872 799 909 μετὰ
810 873 860 907 τήν
877 870 926 899 a’z’v-

94 919 156 954 Θην,
186 917 219 944 οὗ
248 915 407 955 πρόδρομος
436 917 469 952 ἦν
500 915 600 952 ἕκείνη·
631 917 676 944 καὶ
692 917 729 948 ὡς
745 917 797 944 οὑκ
811 915 866 944 ἔστι
882 927 924 944 σοι

95 962 213 997 ἐξανθεῖν
243 962 448 998 κοσμικώτερον
471 962 537 999 μετά
552 962 602 996 τὴν
632 962 703 993 θείαν
733 961 844 999 κουράν.
875 960 923 989 Καὶ

94 1007 195 1035 τούτου
224 1005 340 1044 αἶ’νιγμα
368 1006 413 1034 καὶ
441 1007 459 1040 ὴ
488 1008 542 1033 τῶν
572 1006 696 1042 ἀνθηρῶν
723 1006 921 1045 ἀμφιασμάτων

94 1050 237 1085 ἀπόθεσις,
265 1050 310 1077 καὶ
339 1049 413 1082 ὅσοις
441 1049 537 1081 ἄλλοις
553 1049 712 1089 φθελμαίνει
727 1052 834 1088 τρυφῶν
853 1049 921 1088 βίος,

94 1093 356 1132 συνεκϐαλλομένων
378 1098 436 1126 τοῖς
466 1095 624 1133 βαθυτέροις
650 1095 789 1133 βιωτιγοῖς
802 1094 846 1122 καὶ
867 1097 921 1122 τῶν

94 1139 246 1177 ὶξιπιπολῆ
251 1150 273 1171 ς,

130 1183 183 1223 [ιδ’.
213 1183 261 1218 Μή
277 1183 326 1220 γὰρ
356 1181 416 1210 οἷόυ
434 1181 504 1219 μηδὲ
534 1180 697 1210 ἀναϐαινέτω
719 1182 854 1220 λογισμὸς
884 1183 921 1214 είς

91 1230 143 1264 τὴν
171 1226 284 1266 καρδίαν
310 1237 369 1261 σου,
387 1226 455 1255 εἶναί
481 1237 507 1255 τι
536 1226 610 1258 ὅλως
638 1227 656 1262 ἢ
684 1229 808 1265 μοναχοῦ
823 1227 922 1265 ἀγαθοῦ

91 1274 250 1313 γνώρισμα,
279 1272 297 1307 ἢ
326 1273 424 1300 λαῖκου
453 1272 606 1310 εὖχρήστου
635 1273 708 1310 παρὰ
736 1272 778 1300 σοὶ
791 1272 821 1300 ἐκ
837 1272 922 1309 μόνου

92 1321 144 1346 τοῦ
175 1316 375 1356 μελαμφορεῖν,
401 1316 441 1343 ὅτι
459 1317 498 1353 μὴ
515 1316 597 1353 μόνον
627 1316 658 1344 τὸ
670 1317 792 1354 κατάγειν
805 1317 836 1344 τὸ
854 1316 922 1355 μέγα

95 1366 196 1400 σχῆμα
224 1363 264 1397 τῷ
292 1361 351 1388 κατ’
388 1361 485 1398 ἀρετὴν
517 1363 705 1399 σχηματισμῷ
734 1361 772 1392 εἰς
802 1361 923 1400 μεγάλην

96 1407 253 1444 ὑπόκρισιν,
283 1404 331 1433 εἱ¹τ1
361 1405 407 1432 οὖν
435 1405 466 1432 τὸ
488 1404 572 1432 καλὸν
599 1405 745 1443 πρόσωπον
774 1406 811 1436 εἰς
838 1416 922 1444 προσ-

97 1453 201 1479 ωπεῖον
234 1449 420 1487 ὑποκριτικὸν,
435 1449 480 1476 καὶ
497 1449 644 1488 φενακίζειν
660 1450 701 1486 αῷ
715 1449 923 1488 προφαινομένῳ

95 1496 162 1527 τοὺς
201 1493 414 1532 ἁπλουστέρους,
447 1494 491 1522 καὶ
522 1496 606 1532 μήπω
633 1496 847 1532 πεπειραμένους
873 1498 923 1530 τῆς

95 1545 147 1576 σῆς
176 1539 332 1572 διαθέσεως.
369 1540 404 1568 "0
432 1539 477 1566 καὶ
506 1538 609 1577 λῃστής
635 1550 702 1567 ποτε
729 1540 773 1567 καὶ
802 1539 923 1574 κλέπτης

96 1583 292 1622 μιμησάμενος
320 1582 494 1620 ὑποκρίναιτο
522 1582 552 1610 ἃν
585 1583 630 1611 τὸν
658 1582 806 1621 καλόγερον
823 1583 867 1611 ἐπὶ
883 1583 923 1618 ἐξ·

981 291 1138 320 dicendum
1154 294 1209 326 est,
1225 292 1376 328 proximus
1391 301 1457 321 vero
1474 293 1588 329 lumini,
1605 296 1640 323 ad
1656 298 1732 332 quod
1750 299 1801 334 qui

980 337 1144 369 accesserit.
1161 337 1190 364 in
1206 337 1333 365 tenebris
1344 345 1495 366 remanere
1506 347 1562 366 non
1580 341 1694 375 poterit,
1707 351 1801 379 neque

980 380 1054 409 ferre
1068 382 1214 415 tenebras,
1232 382 1300 410 licet
1315 382 1354 409 sit
1368 383 1499 410 omnium
1515 383 1700 419 nigerrimus.

1014 426 1059 453 93.
1076 426 1233 454 Considera
1257 426 1346 454 etiam
1376 426 1522 463 nigritiem
1547 428 1577 455 in
1602 431 1630 456 te
1654 432 1802 461 ostensam

980 469 1101 497 electam
1126 478 1190 498 esse
1219 470 1249 498 in
1278 470 1395 506 signum
1422 472 1534 507 mortis,
1550 472 1592 500 ita
1621 475 1653 500 ut
1681 481 1803 511 corpore

980 514 1106 542 videaris
1122 517 1256 543 mortuus
1271 523 1345 548 esse,
1358 516 1408 543 sed
1423 516 1516 543 vivere
1531 517 1648 552 spiritu,
1663 521 1692 546 et
1706 528 1804 547 ascen-

979 558 1047 586 dere
1071 567 1160 595 super
1181 561 1290 587 terram
1320 562 1347 587 et
1375 560 1474 588 omnia
1502 563 1626 595 terrena,
1642 571 1658 590 a
1678 565 1801 593 terrenis

980 603 1079 639 magni
1099 604 1253 632 aestimata.
1272 605 1374 632 Amare
1397 605 1475 632 enim
1491 605 1550 632 vita
1572 608 1633 641 tua,
1646 609 1723 642 quod
1749 618 1801 637 ne-

979 655 1048 683 gare
1063 656 1121 676 non
1137 650 1228 684 potes.
1246 649 1313 676 Ideo
1333 649 1450 685 gaudiis
1470 650 1608 678 omnibus
1624 653 1652 679 et
1665 652 1802 690 volupta-

979 692 1059 720 tibus
1075 692 1148 726 vitaz,
1166 695 1194 721 et
1211 692 1398 721 exsultationi
1423 702 1479 721 non
1493 694 1599 722 mistus
1614 697 1801 732 renuntiasti,

980 745 1046 764 cum
1063 745 1176 765 comam
1196 737 1387 773 spiritualiter
1410 738 1571 774 deposuisti
1589 748 1595 766 :
1613 744 1700 776 caput
1722 742 1800 770 enim

979 781 1082 809 ﬂorere
1096 781 1203 810 dicitur
1219 782 1281 810 suis
1296 782 1420 818 capillis.
1437 783 1597 811 Recordare
1612 792 1680 820 ergo
1695 787 1723 814 te
1737 794 1802 815 esse

979 825 1116 853 daturum
1151 826 1278 854 fructum
1307 827 1336 853 in
1365 828 1496 862 tempore
1531 828 1703 863 promisisse
1739 833 1802 866 post

979 871 1074 903 ﬂores,
1091 870 1176 906 cujus
1193 870 1222 898 hi
1239 870 1332 898 nuntii
1355 873 1438 905 sunt;
1455 871 1564 907 tibique
1588 873 1631 901 fas
1657 883 1714 902 non
1738 883 1802 903 esse

979 914 1092 950 capillis
1121 915 1272 943 ﬂorescere
1302 918 1367 951 post
1395 918 1525 944 sanctam
1554 918 1717 947 tonsuram.
1745 920 1801 948 Hoc

977 958 1065 986 etiam
1095 959 1228 987 indicant
1251 960 1387 996 deposita
1413 962 1507 988 vestes
1533 961 1652 996 ﬂoridae,
1670 965 1698 990 et
1721 972 1801 999 quis-

978 1010 1094 1039 cunque
1123 1003 1181 1031 alia
1210 1006 1337 1032 ostentat
1366 1004 1503 1032 deliciose
1528 1005 1638 1040 vivens,
1664 1008 1802 1042 projectis

978 1056 1045 1075 cum
1061 1048 1149 1076 rebus
1163 1048 1287 1076 internis
1307 1049 1342 1077 iis
1369 1049 1457 1077 etiam
1474 1058 1537 1085 qua:
1553 1052 1623 1078 sunt
1637 1051 1673 1079 ad
1697 1060 1801 1088 super-

978 1092 1084 1120 ficiem.
1100 1107 1103 1110 -

1011 1181 1056 1208 94.
1073 1181 1114 1209 Ne
1129 1181 1279 1209 arbitreris
1303 1182 1393 1215 enim,
1408 1190 1461 1210 nec
1479 1182 1508 1210 in
1525 1191 1575 1210 cor
1589 1185 1674 1211 tuum
1698 1192 1799 1212 ascen-

977 1225 1028 1253 dat
1042 1226 1099 1253 ista
1113 1225 1260 1262 cogitatio,
1276 1226 1356 1261 pium
1373 1227 1556 1259 monachum,
1569 1236 1619 1255 seu
1636 1228 1799 1256 beneﬁcum

976 1269 1085 1298 laicum
1114 1270 1245 1306 dignosci
1274 1279 1309 1298 ex
1341 1271 1411 1299 solis
1438 1272 1571 1300 vestibus
1605 1273 1711 1308 nigris;
1741 1273 1800 1302 imo

977 1323 1044 1342 vero
1060 1323 1200 1351 magnum
1214 1316 1292 1343 istud
1308 1315 1514 1344 indumentum
1526 1317 1644 1345 virtutis
1658 1317 1799 1346 indicium

978 1359 1085 1387 mutari
1108 1360 1138 1387 in
1163 1368 1299 1396 magnam
1324 1361 1502 1397 hypocrisin,
1519 1361 1671 1397 pulchram
1697 1362 1800 1391 faciem

977 1404 1008 1432 in
1035 1404 1144 1432 larvam
1168 1405 1303 1439 comoedi,
1329 1408 1416 1440 atque
1445 1414 1479 1434 ex
1503 1406 1681 1442 apparentiis
1706 1407 1800 1443 decipi

978 1449 1137 1485 simplices,
1152 1458 1261 1486 eosque
1276 1450 1326 1486 qui
1351 1453 1435 1478 tuum
1460 1459 1578 1479 sensum
1603 1452 1734 1480 nondum
1751 1461 1799 1480 co-

978 1496 1150 1530 gnoverunt.
1168 1495 1247 1527 Quod
1263 1494 1414 1522 imitantes
1437 1495 1566 1523 latrones
1581 1498 1610 1522 et
1627 1495 1705 1523 fures
1721 1505 1799 1524 reve-

977 1538 1101 1566 rendum
1118 1547 1215 1566 senem
1241 1539 1337 1566 forsan
1354 1539 1520 1566 simulando
1544 1539 1617 1567 alios
1639 1539 1799 1575 decipiunt,

979 1585 1006 1610 et
1028 1583 1152 1610 maxime
1168 1591 1235 1610 cum
1261 1583 1381 1619 capillos
1396 1583 1501 1619 capitis
1526 1583 1570 1611 sui
1596 1584 1757 1619 deponunt,
1774 1586 1803 1612 et

95 1630 200 1666 απάτῃ,
229 1629 274 1656 καὶ
306 1627 422 1664 μᾶλλον,
445 1627 490 1655 ὅτε
518 1628 567 1659 τὰς
593 1627 692 1666 τρίχας
706 1627 806 1659 ἐκεῖνος
827 1627 923 1666 ἀπάγει

982 1627 1056 1654 cutis
1089 1626 1251 1662 depilatur,
1281 1630 1314 1655 ut
1346 1627 1451 1655 deinde
1484 1627 1599 1663 capillis
1632 1636 1689 1656 non
1724 1629 1802 1656 abri-

93 1677 146 1709 τῆς
175 1674 309 1712 κεφαλῆς,
338 1671 365 1700 ἐν
394 1674 456 1710 χρῷ
485 1671 626 1709 ψιλωθείς·
657 1672 695 1704 ὡς
723 1671 752 1700 ἂν
784 1673 853 1708 μήτε
877 1673 923 1700 τὸν

95 1718 199 1746 ἐκεῖθεν
222 1717 358 1754 ὲλκυσμὸν
384 1717 499 1754 πάσχοι,
526 1717 570 1744 καὶ
600 1717 627 1744 έν
642 1717 797 1755 εὐσχήμονι
814 1718 860 1753 θέᾳ
875 1727 924 1754 μο-

94 1764 226 1797 νάζοντος
242 1761 393 1801 ῥᾳδιουργῇ
411 1759 563 1796 λανθάνων,
586 1762 629 1789 καὶ
660 1762 731 1789 οὕτω
762 1762 800 1799 μὴ
817 1761 925 1789 κωλυό-

98 1817 181 1845 μενος
206 1806 232 1834 ἰν
262 1805 353 1843 ἡμέρᾳ
381 1808 573 1843 κακοπραγεῖν.
604 1805 719 1842 Νύκτωρ
748 1806 798 1844 γὰρ
815 1803 925 1844 ἔχουσιν

97 1853 124 1880 οἱ
150 1853 272 1879 τοιοῦτοι
288 1847 446 1887 ἀποκρυϐἧς
458 1847 610 1888 πρόϐλημα
624 1851 655 1878 τὸ
673 1849 740 1888 βαθὺ
755 1854 806 1885 τῆς
819 1850 924 1886 νυκτός,

98 1896 137 1927 εἷς
167 1896 236 1932 ἅπερ
265 1895 446 1933 ἀφομοιοῦται
475 1893 518 1922 καὶ
544 1892 801 1932 ὸπροϐεϐλημένος
824 1896 871 1932 μὲν
895 1895 926 1922 τὸ

97 1943 170 1973 θεῖον
190 1938 275 1977 μέλαν
301 1941 349 1967 τοῦ
364 1939 520 1977 σχήματος,
536 1937 662 1966 κλέπτων
677 1938 705 1967 δὲ
718 1939 781 1971 τοὺς
802 1939 926 1971 πολλοὺς

97 1983 134 2013 δι’
162 1984 256 2012 αὐτοῦ·
287 1983 332 2011 καὶ
355 1985 389 2020 τῇ
415 1983 516 2022 φενάκῃ
530 1983 641 2021 ἀπάγων
667 1983 705 2015 είς
719 1982 846 2022 ὅλεφρον,
862 1983 927 2015 ἴσως

98 2030 148 2066 μὶν
171 2028 217 2056 καὶ
243 2028 410 2065 σωματικὸν,
437 2027 554 2064 μάλιστα
569 2026 598 2055 δὲ
611 2029 656 2055 τὸν
684 2029 752 2056 κατὰ
777 2030 879 2066 ψυχήν·
896 2030 925 2063 ἢν

95 2073 222 2111 λῃστεύει
251 2073 283 2100 τὸ
309 2073 368 2104 καθ’
386 2072 528 2110 ὑπόκρισιν
547 2072 674 2110 βάθιστον
693 2072 798 2107 σκότος,
828 2073 858 2100 τὸ
882 2074 925 2110 μὴ

96 2117 301 2155 Χριστιανικὸν,
317 2116 392 2145 ἀλλὰ
406 2114 559 2153 δαιμόνιον·
577 2117 591 2145 ’ὀ
608 2117 733 2156 φευκτέον
749 2117 795 2145 τὸν
816 2117 927 2153 ἀληθῶς

95 2165 143 2191 τοῦ
158 2164 229 2190 Θεοῦ
245 2160 400 2199 ἄνθρωπον.

132 2209 182 2248 Lf.
199 2207 234 2236 Εἴ
261 2208 312 2246 γὰρ
337 2207 382 2235 καί
410 2218 436 2235 τι
461 2209 556 2240 νυκτὸς
572 2207 712 2245 ὁμοίωμα,
740 2209 758 2235 ix
787 2209 926 2246 μοναχικὴ

99 2253 216 2290 μελανία
242 2252 455 2292 καθυπογράφει.
476 2251 563 2282 Ἀλλὰ
586 2253 631 2280 καὶ
658 2255 715 2292 φῶς
743 2250 816 2291 ἔχειν
845 2254 926 2281 ἁπαι-

95 2300 181 2326 τεῖται
211 2297 280 2334 πρὸς
311 2297 429 2334 μίμησιν
443 2299 493 2343 τῇς
509 2297 577 2325 κατά
604 2297 706 2334 κόσμον
733 2297 925 2343 αἷφριαζούσης
941 2308 966 2343 D

96 2342 204 2373 νυκτός·
237 2341 356 2378 μάλιστα
373 2341 420 2378 μὶν
438 2340 483 2369 οὖν
515 2342 579 2379 ὑπὲρ
608 2342 733 2378 μίμησιν·
761 2341 808 2369 τίνα
819 2353 860 2374 τις
876 2342 927 2381 ἔχῃ

98 2385 188 2425 λέγειν
205 2386 250 2414 καὶ
267 2385 312 2413 ἐπὶ
332 2387 459 2414 τοιούτου
486 2385 693 2423 μελανείμονος,
719 2385 801 2423 οὗπερ
818 2388 836 2422 ἡ
860 2388 928 2415 κατὰ

95 2433 204 2467 πνεῦμα
218 2430 262 2467 νὺξ
282 2431 448 2469 ἡμεροφαής
473 2431 539 2467 θείῳ
560 2431 690 2468 κράματι,
715 2431 757 2459 τό⁶
786 2444 796 2457 ι
826 2432 928 2469 Ἡμέρα

97 2477 131 2513 τῇ
146 2475 241 2514 ἡμέρα
255 2474 390 2512 ἐρεύγεται
408 2475 485 2514 ῥῆμα
511 2476 697 2514 θεωρητικῶς,
729 2488 743 2502 n
767 2477 836 2508 καθὰ
865 2477 927 2513 ζώῳ

99 2519 208 2558 λογικῷ
222 2520 319 2558 πρέπει
334 2520 378 2547 καὶ
394 2521 496 2557 νοερῶς
511 2518 636 2556 λαλητῷ,
660 2519 732 2548 εἶ’ποι
756 2521 786 2548 ἂν
809 2522 823 2549 ὁ
852 2519 926 2550 Ἰώϐι

99 2564 260 2597 ἀκολούθως
289 2563 318 2592 δὲ
341 2564 387 2592 καὶ
410 2564 455 2600 νὺξ
481 2564 554 2592 νυκτὶ
579 2564 739 2603 ἀναγγέλλει
762 2568 871 2604 γνῶσιν,
896 2568 926 2601 ἢν

98 2612 136 2645 τῷ
166 2609 344 2647 σχολαστικῳ
368 2607 445 2647 ἀνδρὶ
470 2609 501 2636 οὐ
531 2609 630 2647 θεωρία
661 2610 754 2646 μόνον,
784 2610 856 2638 ἀλλὰ
884 2611 929 2638 καί

100 2654 194 2691 πρᾶξις
223 2656 406 2691 περιποιεῖται
422 2653 598 2692 σχολάζοντι,
622 2654 667 2682 καὶ
681 2653 751 2682 οὕτω
766 2656 927 2693 γινώσκοντι

103 2698 147 2725 τὸν
163 2697 240 2725 Θεόν.

135 2742 244 2781 ιβ’.Τῇ
261 2741 300 2775 δὲ,
331 2742 369 2773 ὡς
398 2740 506 2780 ὶρῥέθη,
536 2743 690 2781 κεκραμένη
718 2743 793 2772 νυκτὶ
824 2745 928 2784 ἐπιφω-

136 2850 158 2869 ¹¹
175 2849 253 2879 Psal.
268 2857 351 2888 mu,
365 2850 395 2883 34

980 1671 1108 1707 piantur,
1125 1673 1211 1706 atque
1236 1671 1291 1699 sub
1316 1674 1435 1707 aspectu
1448 1672 1566 1700 verendi
1591 1673 1727 1701 monachi
1750 1674 1804 1701 ab-

980 1716 1107 1744 sconditi
1126 1715 1240 1743 facilius
1256 1719 1422 1752 operentur,
1439 1717 1540 1753 sicque
1563 1726 1621 1745 non
1641 1718 1804 1753 impedian—

980 1761 1029 1787 tur
1055 1760 1175 1788 meridie
1200 1760 1276 1788 mula
1299 1764 1476 1797 perpetrare,
1493 1764 1576 1789 nocte
1600 1762 1679 1789 enim
1705 1763 1805 1790 densis

980 1805 1109 1833 tenebris
1134 1807 1326 1841 proteguntur
1347 1808 1375 1833 et
1389 1805 1532 1834 velantur.
1551 1808 1625 1834 Istos
1649 1807 1807 1835 aemulatur

982 1850 1032 1885 qui
1061 1853 1216 1886 augustam
1246 1850 1486 1878 indumentorum
1513 1850 1660 1887 nigritiem
1686 1852 1805 1887 profert,

982 1902 1033 1929 per
1046 1902 1110 1922 eam
1127 1894 1245 1930 decipit,
1261 1897 1289 1922 et
1305 1894 1474 1930 deceptione
1494 1895 1574 1923 ducit
1589 1896 1624 1923 ad
1642 1896 1805 1931 interitum,

983 1946 1194 1973 nonnunquam
1219 1947 1385 1975 corporum,
1402 1940 1452 1967 sed
1478 1941 1604 1968 maxime
1629 1941 1806 1975 animarum,

982 1990 1056 2018 quas
1072 1983 1187 2010 furatur
1201 1983 1367 2019 caliginosae
1389 1983 1552 2020 hypocrisis
1568 1985 1733 2013 obscuritas
1749 1994 1807 2013 non

982 2027 1156 2062 Christiana,
1173 2028 1223 2055 sed
1249 2028 1343 2064 magis
1358 2028 1512 2065 diabolica,
1529 2037 1651 2065 quaeque
1666 2038 1734 2057 vero
1756 2029 1808 2057 ho-

982 2070 1054 2098 mini
1070 2071 1120 2098 Dei
1135 2071 1274 2108 fugienda
1289 2074 1333 2100 est

1016 2209 1061 2236 95.
1078 2207 1108 2236 Si
1137 2217 1201 2245 qua:
1229 2211 1274 2237 est
1301 2210 1380 2237 enim
1409 2210 1502 2238 noctis
1532 2210 1707 2244 similitudo,
1734 2210 1808 2238 hanc

982 2253 1070 2281 refert
1085 2253 1255 2281 monachica
1279 2254 1421 2289 nigrities.
1437 2255 1472 2282 Et
1497 2254 1616 2283 aliunde
1639 2255 1737 2283 lumen
1754 2255 1808 2283 ha-

981 2298 1049 2326 bere
1061 2298 1192 2333 jubetur,
1210 2299 1246 2326 ad
1262 2298 1420 2327 imitandae
1439 2299 1553 2327 lucidas
1577 2299 1681 2327 mundi
1698 2302 1810 2335 noctes,

983 2345 1011 2370 et
1025 2343 1060 2370 ad
1077 2343 1203 2379 perfecte
1219 2343 1387 2377 imitandas,
1406 2346 1437 2372 ut
1458 2344 1493 2372 de
1513 2343 1567 2372 hoc
1583 2344 1702 2372 homine
1718 2344 1810 2380 nigris

982 2387 1097 2423 induto,
1109 2388 1194 2424 cujus
1210 2396 1266 2415 nox
1282 2388 1445 2423 spiritualis
1457 2389 1556 2416 divino
1572 2391 1713 2416 concentu
1731 2389 1809 2417 diem

982 2431 1103 2466 indicat,
1119 2432 1175 2460 dici
1193 2433 1286 2468 possit
1302 2441 1308 2460 :
1324 2443 1337 2457 α
1354 2433 1422 2460 Dies
1447 2434 1502 2460 diei
1528 2435 1642 2461 eructat
1657 2434 1778 2462 verbum
1794 2444 1809 2459 »

983 2477 1060 2505 sicut
1087 2477 1170 2505 decet
1199 2477 1308 2505 animal
1336 2478 1487 2511 rationale,
1504 2480 1533 2505 et
1557 2477 1740 2506 rationabilis
1766 2477 1810 2506 lo-

983 2530 1087 2557 quens,
1110 2521 1182 2550 dicit
1208 2522 1274 2554 Job,
1299 2523 1327 2549 et
1355 2522 1460 2550 deinde
1474 2533 1488 2547 ‹‹
1504 2522 1565 2550 Nox
1595 2522 1671 2550 nocti
1700 2522 1811 2551 indicat

984 2566 1136 2594 scientiam
1151 2567 1182 2601 η,
1196 2575 1310 2603 nquam
1330 2566 1439 2594 homini
1457 2567 1634 2595 scholastice
1651 2576 1708 2595 non
1724 2568 1812 2595 modo

983 2611 1106 2644 theoria,
1124 2611 1175 2638 sed
1191 2611 1278 2638 etiam
1305 2611 1433 2647 practice
1457 2612 1591 2647 acquirit,
1609 2611 1769 2648 inquirenti
1784 2613 1812 2639 et

983 2655 1143 2684 invenienti
1159 2655 1262 2683 Deum.

1017 2746 1064 2774 96.
1079 2745 1120 2774 De
1135 2747 1220 2774 nocte
1234 2747 1332 2774 autem
1358 2747 1521 2782 temperata
1546 2748 1614 2783 apte
1638 2744 1784 2773 diceretur
1799 2750 1811 2778 ε
