2018 3158
207 179 267 210 80⁵1

593 175 804 208 ΕΠΒΤΑἸἮῙῘ
823 175 1210 209 τηωεΑιοκῐοεΝειε
1233 177 1523 210 ΜΕἿἮΟΡΟῙᾸΤΑΕ

207 257 222 271 α
238 245 320 274 Sicut
333 245 460 273 teneer
482 244 558 279 ejus,
574 243 614 270 ita
638 245 666 271 et
688 242 786 270 lumen
802 243 866 278 ejus
878 243 910 275 η,
926 242 955 270 id
971 244 1025 275 est,

1082 244 1157 270 νοῖτο
1183 242 1213 270 ἂν
1242 245 1388 283 προσφυῶς
1416 244 1459 271 καὶ
1476 243 1518 271 τὸ·
1534 255 1550 269 α
1565 243 1610 274 Ὠς
1640 243 1672 270 τὸ
1701 242 1801 274 σκότος
1816 243 1920 276 αὐτ-ης,

207 289 294 326 quale
322 290 501 326 profundum
529 290 558 316 et
585 290 731 316 secretum
759 287 933 323 mysticum,
963 286 1032 314 talis

206 334 369 370 spirituulis
385 334 498 367 albedo,
516 336 548 360 ut
563 341 619 360 non
643 331 683 359 sit
697 332 833 364 obscura,
845 334 933 367 atque
946 331 1030 367 igna-

206 388 253 407 ros
269 387 286 406 ιι
301 382 379 407 recta
394 379 440 406 via
454 378 616 406 declinans.
629 376 662 403 Et
677 376 790 404 utinam
802 375 880 404 velut
895 376 1032 403 columna

205 424 281 459 ignis
297 423 406 459 fulgeat
422 431 476 450 nox
499 421 670 449 monachica
685 421 720 448 ad
746 420 899 448 salvandos
915 428 966 448 eos
979 420 1030 456 qui

206 469 241 496 de
266 466 453 496 intellectuali
479 467 598 502 [Egypto
624 466 659 493 ad
688 467 794 492 terram
826 465 1030 501 promissionis

206 513 386 549 migrabunt.
403 510 498 539 Simili
515 510 600 538 modo
621 509 728 536 nubem
755 509 875 536 induere
899 510 1030 545 cogitans

205 556 254 584 ille
269 564 395 592 magnus
420 563 519 583 revera
544 553 716 587 monachus,
733 561 768 581 ne
795 556 934 589 appareat
961 561 1031 581 neve

206 601 341 629 videntur
368 600 404 627 ab
433 599 620 632 hominibus,
650 606 708 625 non
737 597 910 633 simpliciter
938 597 1030 625 nubes

205 645 366 682 procellosa
393 645 448 672 erit
476 647 505 671 et
533 643 629 676 noxia,
659 643 709 670 sed
739 642 838 670 lucida
867 642 970 677 nubes,
998 644 1031 669 ut

205 690 352 718 scribitur.
369 690 431 722 Qua
459 687 649 716 absconditus
677 686 720 714 sol
749 686 866 714 virtutis
896 695 952 714 non
981 695 1028 714 ex-

205 734 314 770 templo
328 733 462 768 irradiat,
477 733 528 760 sed
545 732 629 768 quasi
646 731 815 758 inhabitans
832 731 882 765 ibi,
899 734 1029 766 tempore

205 781 380 815 opportuno,
406 777 551 812 fulgidum
581 778 669 812 caput
699 776 831 808 inclinat,
845 786 858 799 ιι
886 778 1028 812 tanquam

205 831 334 860 sponsus
358 822 483 850 illustris
499 821 659 858 procedens
685 821 719 848 de
745 820 876 847 thalamo
904 828 956 848 suo
968 820 1000 854 ’0,
1014 832 1027 844 η

205 869 240 896 de
256 875 315 904 quo
330 867 424 894 imber
438 865 540 894 deﬂuit
564 866 598 892 ad
626 865 754 892 dandam
780 864 867 892 vitam
894 865 1027 896 idoneus,

205 915 237 940 ut
261 912 329 940 talis
354 911 516 938 monachus
536 918 551 937 e
574 909 657 945 plebe
680 911 709 937 et
735 909 902 945 proceribus
926 917 1026 936 conse-

204 959 302 985 cratus
319 956 412 992 possit
428 954 535 982 imitari
551 956 705 981 venturum
722 965 735 978 α
748 962 837 989 super
852 954 944 981 nubes
960 962 1026 982 cum

204 1003 348 1038 potestate
365 1008 472 1036 magna
485 1001 513 1027 et
530 999 683 1033 majestate
693 999 725 1025 ²¹.
739 1009 752 1022 »

235 1135 281 1164 97.
298 1135 349 1163 Illa
376 1135 462 1170 nube,
480 1143 530 1163 seu
559 1134 657 1171 potius
682 1133 787 1161 nebula
812 1135 924 1168 sancta,
940 1132 1026 1168 Virgo

202 1180 394 1216 ﬂgurabatur,
420 1180 506 1208 modo
530 1179 648 1216 quidem
675 1178 777 1214 utique
801 1177 958 1211 altissimo,
974 1177 1025 1205 sed

200 1224 345 1260 gradatim
358 1224 554 1260 praal'ormanli
568 1232 669 1251 verum
682 1222 858 1250 monachum
875 1222 910 1249 ad
926 1221 1026 1249 simili-

200 1269 332 1297 tudinem
359 1272 414 1297 Deo
440 1272 600 1304 acceptam.
617 1269 674 1302 Sic,
696 1272 724 1295 et
745 1267 832 1295 etiam
864 1265 979 1298 melius,
996 1266 1024 1293 in

203 1314 273 1341 urbe
302 1313 399 1349 magni
421 1312 603 1341 Constantini
635 1311 739 1339 incolie‘
763 1310 868 1346 amplis
896 1311 1026 1337 vestibus

201 1357 308 1391 induti,
332 1358 368 1385 ob
397 1358 514 1385 easdem
537 1357 673 1389 rationes,
690 1358 718 1383 et
735 1355 833 1390 plures
847 1357 876 1381 et
891 1354 1026 1382 meliores

201 1402 285 1434 alias.
303 1402 383 1436 nigro
399 1401 495 1429 colore
507 1403 659 1435 ornantur,
673 1400 789 1436 nigrum
805 1399 859 1426 hoc
874 1398 1025 1434 spirituale

168 1448 173 1451 ”
201 1447 339 1479 induunt,
365 1455 448 1474 sacra
477 1445 527 1473 illa
547 1445 724 1472 obscuritate
754 1451 804 1480 pro
832 1443 944 1479 refugio
969 1443 1023 1470 sibi

202 1493 381 1527 comparata.
394 1490 460 1524 Qui,
480 1499 496 1518 ο
513 1489 656 1517 monacho
679 1489 755 1524 apud
785 1496 838 1516 nos
867 1495 983 1523 magne,
999 1489 1027 1515 et

201 1539 232 1564 ut
246 1536 373 1572 teipsum
391 1535 513 1563 libenter
527 1534 673 1566 nominas,
689 1541 793 1569 magna
811 1541 945 1569 persona,
958 1541 1024 1560 cum

201 1580 399 1616 increpatione
415 1582 443 1607 te
458 1579 541 1615 plura
561 1581 588 1606 et
609 1578 788 1614 sapientiora
802 1578 949 1610 docerent,
966 1578 1024 1605 sci-

198 1626 267 1653 licet
280 1628 308 1653 te
324 1625 432 1652 nubem
450 1624 580 1651 futurum
599 1623 731 1650 aathercis
754 1623 881 1650 tenebris
897 1622 1021 1649 circum-
1038 1617 1060 1650 C

200 1670 312 1701 fusam;
329 1668 352 1695 si
376 1676 442 1695 vero
458 1676 515 1695 non
541 1667 669 1695 lucidam
686 1669 713 1693 et
727 1666 953 1694 abscondentem
979 1665 1024 1692 lu-

199 1722 277 1745 men.
294 1713 318 1740 si
335 1721 392 1740 non
409 1711 618 1747 fulgurantem,
630 1711 734 1738 saltem
751 1719 844 1746 aquas
860 1710 1024 1746 parturien-

197 1760 256 1786 tem
272 1757 380 1793 quibus
403 1756 542 1792 irrigatur
566 1758 643 1783 terra
668 1763 725 1782 non
752 1755 837 1782 modo
864 1754 1025 1791 sensibilis,

197 1803 248 1830 sed
274 1802 363 1830 etiam
388 1799 606 1832 intellectualis,
631 1799 719 1827 homo
744 1799 864 1832 scilicet,
886 1801 918 1826 ut
942 1799 971 1826 in
995 1801 1024 1826 te

197 1846 354 1882 impleatur
369 1845 481 1873 theoria
496 1852 578 1880 aqua;
599 1844 629 1871 in
645 1843 776 1871 (ethereis
793 1843 908 1871 nebulis
924 1843 1023 1879 caligi-

198 1899 287 1918 noste.
304 1890 416 1917 Poteris
435 1889 513 1917 enim
539 1891 568 1916 et
593 1891 622 1916 tu
648 1891 755 1916 terram
786 1889 976 1921 madefacere,
993 1890 1024 1916 ut

197 1933 363 1966 Thesbiten,
381 1942 431 1969 pro
456 1935 510 1961 Deo
527 1933 577 1969 qui
594 1934 622 1961 in
638 1933 708 1961 ccelo
724 1936 753 1960 et
778 1933 806 1960 in
832 1935 908 1960 terra
925 1933 1024 1961 omnia

197 1979 275 2011 iecit,
292 1987 473 2015 quaecunque
489 1978 561 2015 vult,
576 1981 604 2007 et
626 1979 676 2006 dat
691 1978 753 2007 suis
768 1979 904 2006 ﬁdelibus
920 1978 1021 2006 eadem

198 2031 347 2062 peragere.

231 2159 275 2186 98.
291 2161 329 2187 Te
344 2159 589 2188 docebuntetiam
606 2159 842 2196 Megalopolitani
856 2167 912 2186 non
926 2160 1022 2186 mente

194 2206 319 2238 occulta,
344 2204 561 2238 dissimulante,
586 2205 666 2232 intus
691 2204 790 2232 abdita
814 2206 843 2231 et
870 2203 1018 2236 abstrusa,

193 2247 317 2284 ideoque
346 2249 511 2283 tenebrosa,
540 2248 679 2276 invisibili
710 2250 739 2276 et
771 2246 1019 2284 incomprehensi-

1085 286 1156 314 οὕτω
1184 288 1228 315 καὶ
1257 288 1288 316 τὸ
1322 290 1378 327 φῶς
1404 288 1499 323 αὐτ-ἧς’
1519 301 1529 313 ι
1560 288 1710 322 τουτέστιν,
1741 287 1780 318 ὠς
1802 288 1834 314 τὸ
1849 287 1921 325 βαθὺ

1084 331 1129 358 καὶ
1160 335 1307 368 μυστικῶς,
1323 332 1449 370 κρύφιον,
1479 332 1550 360 οὕτω
1578 333 1670 360 καὶτὸ
1684 334 1788 369 νοίρῶς
1806 330 1919 359 διάλευ-

1084 386 1142 403 κον·
1169 375 1215 404 ’ἕνα
1245 378 1282 413 μή
1305 377 1351 412 νὺξ
1375 377 1494 416 ἀφεγγής
1525 375 1580 412 εἴη,
1606 377 1651 404 καὶ
1676 376 1764 407 οὕτως
1787 377 1919 403 ἀποπλα-

1084 422 1157 448 νῶσα
1181 423 1230 455 τῆς
1257 421 1339 459 ὀρθῆς
1367 422 1431 453 τοὺς
1457 422 1494 458 μὴ
1520 422 1648 458 εὐμαθῶς
1676 421 1763 456 αΰτης
1786 418 1917 458 ἔχοντας.

1085 463 1148 496 Εἴθε
1163 463 1192 492 δὲ
1222 464 1264 501 εἴη
1291 466 1336 493 καὶ
1366 465 1456 502 στύλῳ
1471 465 1556 502 πυρὸς
1583 467 1632 501 τὴν
1651 466 1808 503 μοναχικὴν
1827 466 1918 504 φωτί-

1086 510 1175 543 ζεσθαι
1202 510 1294 545 νύκτα,
1328 511 1365 541 ὡς
1380 511 1539 548 περισώζειν
1556 510 1619 542 τοὺς
1635 510 1688 538 ἀπὸ
1704 510 1848 546 Λίτῦπτου
1862 513 1919 544 τῆς

1083 552 1235 590 νοουμὲνης
1259 554 1296 586 εἷς
1321 555 1371 589 τὴν
1395 556 1444 589 τῆς
1469 554 1632 592 ἐπαγγελίας
1662 554 1919 592 έπαναοτρέψοντας

1083 602 1145 636 γῆν.
1161 598 1242 636 Λόγῳ
1257 597 1286 626 δὲ
1313 599 1402 636 ὁμοίῳ
1429 599 1474 627 καί
1501 599 1580 639 νίφος
1610 598 1774 631 ὑποδύεσθαι
1806 597 1919 636 λογιζόι

1086 654 1164 679 μενος
1176 644 1190 671 ὁ
1205 646 1244 680 τῷ
1273 642 1329 672 ὄντι
1356 643 1596 682 μεγαλοσχήμων,
1624 644 1662 676 ὡς
1677 644 1721 671 ἐπὶ
1737 643 1855 682 ἀφανείᾳ
1868 645 1916 671 καὶ

1083 687 1178 725 κρύψει
1202 690 1236 725 τῇ
1259 689 1327 716 κατὰ
1355 689 1470 725 κόσμον,
1487 688 1540 727 οὐχ
1565 687 1660 720 ἁπλῶς
1675 687 1748 716 ἔσται
1774 689 1856 726 νέφος
1872 690 1915 716 αἱ·

1081 731 1206 770 γιδῶδες,
1231 733 1277 760 καὶ
1301 733 1373 760 οὕτω
1400 733 1577 772 φθοροποιὸν,
1604 732 1677 760 ἀλλᾶ
1690 732 1791 770 νεφέλη
1810 732 1913 771 φαιδρὰ

1082 776 1150 804 κατὰ
1176 777 1207 804 τὸ
1249 777 1420 816 γραφόμενον
1436 786 1443 792 ·
1483 777 1510 805 ἐν
1536 778 1555 812 ᾗ
1592 777 1782 813 κρυπτόμενος
1809 778 1825 805 ὁ
1851 779 1910 805 κατ’

1082 820 1179 857 ἀρετήν
1195 820 1277 856 ἥλιος
1297 821 1347 849 οὐκ
1371 821 1564 860 ἐξαφανίζιται.
1592 821 1654 849 ἀλλ’
1677 821 1714 852 ὡς
1737 822 1797 848 οἷον
1824 821 1913 849 οἰκου-

1082 867 1167 902 ρήσας
1195 865 1260 900 ἐκεῖ,
1279 865 1304 894 ἐν
1330 868 1417 903 καιρῷ
1443 865 1570 903 λαμπρὸς
1597 865 1758 904 προκύπτει,
1791 878 1805 891 u
1831 866 1912 893 ὁποῖα

1082 907 1186 945 ἔνδοξος
1202 911 1319 950 νυμφίος
1347 911 1377 938 ἐκ
1391 909 1494 938 παστοῦ
1510 910 1603 938 αὐτοῦ·
1618 922 1632 937 ι
1646 910 1691 937 καὶ
1707 908 1742 937 δι’
1757 911 1791 944 ἧς
1807 908 1912 948 ὄμϐρος

1082 954 1222 992 ῥήγνυται,
1238 957 1380 992 ζωογονεῖν
1396 953 1556 991 δυνάμενος·
1583 954 1630 982 ’ίνα
1658 954 1730 982 οὕτω
1743 954 1793 982 κπὶ
1810 953 1911 991 δήμιος

1080 1000 1125 1026 καὶ
1141 998 1252 1030 δυνατὸς
1268 999 1489 1036 ἀποτνλούμενος
1511 1001 1524 1027 ὁ
1539 1001 1663 1030 τοιοῦτος
1689 1000 1825 1036 μοναχὸς,
1851 999 1910 1037 ἔχοι

1082 1045 1222 1080 μιμεῖσθαι
1236 1044 1282 1072 τὸν
1298 1043 1342 1072 ἐπὶ
1359 1043 1475 1083 νεφέλης
1490 1043 1666 1081 ἐλευσόμενον
1677 1043 1830 1081 τεραστίως
1847 1044 1911 1080 μετᾶ

1082 1089 1222 1126 δυνάμεως
1232 1090 1277 1118 καὶ
1305 1089 1386 1127 δόξης
1399 1089 1521 1125 πολλῆς.

1117 1136 1166 1175 [ιζ’.
1183 1136 1308 1172 Τοιούτῳ
1322 1136 1406 1174 νέφει,
1432 1135 1609 1174 καιριώτερον
1634 1134 1663 1163 δὲ
1687 1135 1789 1174 νεφέλῃ
1816 1136 1906 1172 φάναι,

1080 1180 1124 1208 καὶ
1152 1182 1169 1215 ἡ
1199 1180 1330 1218 πάναγνος
1360 1181 1496 1217 Παρθένος
1524 1179 1682 1207 ἀπείκασται
1699 1188 1707 1196 ’
1747 1179 1828 1218 λόγῳ
1863 1180 1908 1216 μὲν

1080 1224 1174 1256 ἄλλως
1191 1223 1366 1262 ὑψηλοτάτῳ,
1384 1224 1540 1262 ρυθμίζοντι
1571 1223 1600 1251 δε
1625 1224 1672 1252 τὸν
1686 1222 1774 1255 ὅντως
1786 1224 1909 1262 μοναχὸν

1080 1269 1118 1300 είς
1142 1270 1294 1306 ὁμοιότητα
1320 1269 1378 1305 Θεῷ
1407 1268 1595 1305 ἁρέσκουσαν.
1626 1267 1707 1297 Οὕτω
1741 1269 1790 1296 καὶ
1830 1269 1911 1297 εἰσέτι

1082 1314 1189 1352 βέλτιον
1205 1314 1232 1341 οἱ
1247 1317 1298 1348 τῆς
1311 1316 1359 1341 τοῦ
1389 1312 1513 1350 μεγάλου
1542 1313 1748 1341 Κωνσταντίνου
1777 1313 1909 1351 τρόφιμοι

1082 1357 1337 1396 μεγαλοσχήμονες,
1353 1358 1397 1386 καὶ
1425 1357 1469 1386 ἰπὶ
1492 1357 1628 1389 τοιούτοις
1657 1357 1764 1395 λόγοις,
1793 1358 1839 1385 καὶ
1870 1356 1910 1386 ἔτι

1079 1403 1187 1431 πλείοσι
1210 1403 1255 1430 καὶ
1283 1402 1436 1441 κρείττοσι,
1465 1404 1501 1440 τῇ
1535 1403 1604 1429 κατὰ
1641 1402 1770 1439 μελανίαν
1802 1403 1910 1441 χρὼσει

1079 1446 1270 1481 καλλύνονται,
1286 1447 1332 1474 καὶ
1361 1447 1524 1484 παράσημον
1553 1446 1619 1474 αὐτὸ
1647 1447 1832 1482 πνευματικὸν
1861 1457 1909 1474 πε-

1080 1492 1221 1529 ρίκεινται,
1250 1491 1295 1518 καὶ
1325 1491 1396 1519 οὕτω
1424 1491 1520 1522 σκότος
1547 1491 1621 1529 ἱερὸν
1648 1493 1730 1518 τοῦτο
1747 1491 1913 1530 ἆποκρυφὴν

1079 1537 1184 1567 ἑαυτοῖς
1212 1536 1338 1563 τίθενται·
1370 1536 1414 1571 ὑφ’
1442 1535 1479 1563 ὧν
1509 1535 1583 1573 τάχα
1612 1536 1641 1563 ἂν
1658 1534 1913 1571 ὀνειδιζόμενος,ὧ

1079 1580 1104 1608 ἐν
1121 1582 1188 1616 ἡμῖν
1218 1579 1346 1617 μεγαλεῖε
1375 1580 1491 1618 μοναχὶ,
1506 1580 1551 1607 καὶ
1567 1580 1604 1611 ὡς
1629 1579 1710 1611 αὐτὸς
1724 1579 1835 1618 χαίρεις
1852 1580 1912 1607 ἀνοο

1080 1625 1172 1661 μάζων
1203 1625 1334 1658 σεαυτὸν,
1371 1625 1438 1662 μέγα
1466 1624 1623 1660 πρόσωπον,
1655 1623 1784 1655 ἀκούσοις
1815 1624 1847 1651 ἂν
1874 1623 1912 1654 εἰς

1079 1669 1169 1697 πλείω
1205 1669 1251 1697 καὶ
1287 1669 1447 1708 σαφεστέραν
1489 1669 1617 1705 μάθησιν,
1650 1667 1692 1696 ὅτι
1727 1667 1831 1706 νεφέλη
1862 1669 1910 1706 μὲν

1080 1713 1226 1749 ἐζάπαντος
1264 1713 1405 1744 ιῖκονικῶς
1445 1711 1492 1751 ἔσῃ
1541 1710 1766 1750 περιϐεϐλημένη
1813 1713 1910 1745 σκότος

1080 1758 1180 1797 ἀέριονο
1210 1758 1253 1786 ἐὰν
1283 1757 1312 1786 δὲ
1342 1759 1380 1794 μὴ
1410 1757 1520 1797 φαιδρὰ,
1535 1757 1581 1785 καί
1597 1759 1655 1796 φῶς
1674 1757 1846 1795 κρύπτουσα,
1861 1759 1905 1785 καὶ

1079 1804 1270 1831 ἑκτινάσσουσα
1284 1803 1322 1834 εἲς
1338 1802 1453 1840 λαὶμψιν²
1470 1801 1538 1834 τέως
1565 1804 1630 1840 γοῦν
1659 1801 1732 1839 ὕδωρ
1757 1801 1906 1837 ὠδίνουσαι,

1079 1847 1114 1875 δι’
1127 1847 1158 1875 οὗ
1179 1847 1313 1875 πιαίνεται
1331 1851 1378 1886 γῆ,
1394 1847 1424 1874 οὐ
1451 1847 1533 1883 μόνον
1549 1848 1566 1882 ἡ
1590 1847 1719 1882 αἰσθητὴ,
1736 1846 1812 1874 ἀλλὰ
1825 1847 1872 1874 καὶ
1888 1849 1904 1883 ἡ

1077 1893 1213 1929 νοουμένη
1242 1892 1301 1920 κατ’
1329 1890 1484 1929 ἄνθρωπον⁸
1510 1892 1547 1922 ὡς
1575 1891 1605 1919 ’ἂν
1631 1890 1832 1929 παρακολουθῇ
1860 1903 1906 1919 και

1078 1937 1120 1965 σοὶ
1156 1936 1256 1974 Θεωρία
1285 1939 1421 1964 σκοτεινοῦ
1449 1935 1544 1969 ὕδττος
1585 1935 1611 1964 ἐν
1647 1935 1771 1976 νεφέλαις
1805 1936 1905 1974 ἀέρων,

1076 1983 1171 2010 Ἔσται
1185 1982 1237 2019 γὰρ
1252 1981 1297 2009 καὶ
1318 1982 1360 2009 σοί
1374 1979 1534 2018 καταϐρέξαι
1552 1980 1622 2017 ὑετῷ
1636 1981 1686 2015 τήν
1708 1982 1761 2018 γῆν
1774 1981 1845 2008 κατὰ
1859 1982 1904 2008 τὸν

1076 2024 1204 2062 Θισϐίτην
1221 2026 1296 2064 λόγῳ
1311 2028 1388 2062 Θεοῦ,
1418 2026 1447 2057 ὃς
1461 2025 1487 2053 ἐν
1502 2028 1542 2061 τῷ
1557 2025 1664 2062 οὖρανῷ
1688 2025 1734 2053 καὶ
1753 2024 1780 2053 ἐν
1870 2028 1904 2062 γῇ

1075 2074 1160 2099 ποιῶν
1176 2071 1272 2105 πάντα,
1291 2071 1340 2098 ὅσα
1355 2070 1453 2105 ἆθέλιι,
1469 2069 1563 2098 δίδωσι
1578 2070 1623 2097 καὶ
1638 2072 1697 2101 τοῖς
1717 2069 1801 2097 αι’)τοῦ
1825 2070 1904 2108 θερα-

1075 2119 1185 2148 πευταῖς
1199 2118 1288 2143 ποινῖν
1301 2115 1395 2152 ὃμοια.

1111 2161 1163 2200 ιη’.
1181 2161 1244 2188 ’Έπι
1261 2159 1396 2196 διδάξουσί
1425 2170 1453 2187 σε
1478 2159 1504 2187 οἱ
1534 2157 1762 2196 Μεγαλοπολῖται
1787 2158 1833 2186 καὶ
1864 2159 1904 2186 δτι

1076 2204 1106 2232 οὐ
1121 2205 1189 2232 κατὰ
1203 2205 1234 2232 τὸ
1259 2203 1372 2243 κρύφιον
1386 2205 1436 2236 τῆς
1451 2205 1556 2241 ψυχῆς,
1579 2203 1624 2230 καὶ
1642 2202 1903 2241 βυσσοδομευτικόν,

1074 2250 1118 2277 καὶ
1149 2248 1313 2287 ἐνδὸμυχον,
1346 2249 1392 2276 καὶ
1422 2247 1552 2282 ὕπουλον,
1581 2248 1625 2275 καὶ
1654 2247 1725 2275 οὕτω
1754 2247 1902 2283 σκοτεινὸν,

195 2292 258 2327 bili,
275 2295 303 2320 te
319 2293 434 2321 nebulas
457 2293 548 2320 fuisse
563 2295 780 2328 comparatum;
797 2301 868 2320 sane
883 2301 949 2320 vero
965 2293 1019 2320 vir-

1080 2294 1119 2321 ιαὶ
1149 2294 1262 2332 ἀόρατον
1281 2316 1288 2327 ,
1316 2293 1360 2321 καὶ
1391 2292 1575 2328 ἀκατανόητον
1611 2291 1805 2329 ἑξομοιωθήσῃ
1833 2292 1902 2330 πρὸς

194 2339 256 2364 tute
280 2346 344 2372 quas
369 2337 491 2373 plausus
517 2345 574 2364 non
600 2337 733 2372 requirit,
749 2338 777 2364 et
800 2345 857 2364 non
882 2341 1020 2373 apparet;

194 2381 245 2409 lux
260 2390 326 2409 vera
338 2390 402 2410 esse
413 2382 514 2416 debes,
526 2384 554 2409 et
564 2382 674 2409 circum
691 2383 719 2409 te
730 2381 781 2408 tali
798 2382 884 2409 modo
900 2382 1022 2411 abscon-

195 2425 283 2458 deris,
300 2425 393 2453 instar
408 2426 466 2459 Dei,
479 2434 566 2462 quem
580 2425 765 2453 circumdant
780 2425 892 2454 nebulas
907 2429 936 2454 et
951 2429 1021 2454 tem-

195 2471 332 2506 pestates.
349 2470 410 2498 Non
435 2478 503 2506 ergo
528 2470 702 2506 simpliciter
726 2469 858 2498 occultus
883 2471 953 2506 eris,
969 2472 1020 2499 sed

194 2517 224 2541 te
239 2513 358 2550 cingent
373 2514 476 2550 aliquae
501 2515 637 2550 tenebras,
655 2515 826 2550 obtegentes
850 2514 948 2543 lumen
964 2517 1020 2544 vir-

196 2558 278 2591 tutis,
292 2559 367 2594 quod
383 2559 605 2587 dissimulatum
623 2559 749 2595 prodibit
760 2562 868 2594 tamen,
880 2559 1021 2597 aliterque

196 2603 358 2640 apparebit,
374 2606 402 2631 te
416 2603 517 2637 invito,
533 2605 611 2632 sicut
628 2603 735 2632 lucidis
750 2603 937 2640 lampadibus
952 2614 1022 2634 con-

195 2648 293 2684 tingit.
311 2647 392 2676 Talia
417 2647 529 2676 lumina
550 2648 647 2684 diligit
663 2649 747 2676 Pater
771 2648 916 2677 luminum
933 2650 1020 2686 Deus,

196 2693 308 2721 scilicet
336 2693 411 2720 bona
436 2700 533 2728 opera,
551 2701 675 2728 quorum
705 2693 776 2721 echo
800 2693 877 2721 velut
907 2702 1020 2730 percre-

195 2746 269 2773 pens
285 2737 396 2766 tonitru
412 2737 498 2773 longe
513 2740 642 2772 resonat;
655 2746 778 2773 quorum
796 2738 891 2774 fulgor
906 2738 1022 2766 videtur

1076 2337 1204 2376 νεφέλην,
1243 2337 1316 2366 ἀλλὰ
1351 2338 1420 2365 κατὰ
1455 2338 1486 2365 τὸ
1524 2334 1710 2375 ἆθριάϐευτον,
1740 2337 1784 2364 καὶ
1816 2337 1902 2368 οὕτως

1076 2383 1235 2421 ἀνέκφαντον
1273 2385 1323 2417 τῆς
1357 2381 1382 2409 ἰν
1411 2382 1453 2409 σοὶ
1478 2382 1585 2419 ἀρετῆς·
1616 2381 1686 2409 ὥστε
1714 2380 1746 2408 σὺ
1774 2381 1823 2418 μὶν
1845 2384 1903 2420 φῶς

1075 2427 1243 2464 αὐτόχρημα
1272 2425 1390 2465 ὀφείλεις
1417 2426 1495 2461 εἶναι,
1510 2425 1572 2464 περὶ
1589 2424 1618 2453 δὲ
1634 2435 1662 2453 σε
1675 2425 1774 2462 κρύψις
1788 2425 1900 2460 τοιαύτη

1076 2469 1148 2498 ἔσται
1180 2472 1386 2508 μεμήσειΘεοῦι
1418 2469 1450 2498 οὗ
1479 2469 1574 2506 κύκλῳ
1601 2468 1701 2508 νεφέλη
1730 2469 1775 2497 καὶ
1790 2470 1900 2509 γνόφος.

1076 2515 1177 2542 Οὐκοῦν
1195 2515 1227 2542 οὐ
1244 2514 1378 2545 σκοτεινὸς
1406 2513 1453 2551 ἔσῃ
1477 2513 1580 2548 ἁπλῶς,
1610 2513 1684 2541 ἀλλὰ
1707 2512 1845 2541 κυκλώσει
1875 2523 1903 2540 σε

1075 2561 1106 2588 τὸ
1129 2558 1267 2598 ζοφῶδες,
1298 2558 1496 2597 ἐπικρύπτοντα
1519 2559 1550 2586 τὸ
1578 2559 1636 2586 κατ’
1665 2558 1762 2596 ἀρετὴν
1793 2559 1861 2596 φῶς·
1887 2558 1901 2584 ὅ

1075 2605 1119 2632 καὶ
1149 2604 1333 2641 κρυπτόμενον
1364 2603 1442 2640 ὅμως
1467 2601 1652 2641 έκδραμεῖται,
1688 2601 1780 2633 ἄλλως
1797 2604 1900 2641 φαῖνον,

1075 2649 1121 2677 καὶ
1151 2649 1199 2676 σοῦ
1229 2650 1266 2685 μὴ
1296 2647 1433 2679 θέλοντος⁸
1451 2647 1545 2675 ὁποῖόν
1560 2658 1586 2674 τι
1602 2647 1647 2674 καὶ
1662 2647 1724 2684 περὶ
1738 2647 1772 2674 τὰ
1787 2645 1902 2683 λαμπρᾶ

1076 2694 1155 2733 φοινία
1191 2693 1303 2731 γίνεται.
1333 2694 1453 2721 Τοιαῦτα
1481 2695 1557 2731 φῶτα
1581 2691 1657 2731 φιλεῖ
1685 2692 1698 2718 ὁ
1726 2691 1816 2728 πατὴρ
1844 2690 1900 2717 τῶν

1075 2739 1172 2776 φώτων
1201 2738 1277 2772 Θεὸς,
1293 2737 1381 2776 ἀγαθὰ
1396 2735 1526 2772 δηλονότι
1551 2735 1625 2774 ἔργα·
1657 2736 1694 2763 ὧν
1725 2736 1739 2762 ὁ
1763 2735 1834 2773 ἦχος
1849 2733 1899 2761 ὅσα

233 2845 256 2863 ¹⁹
270 2845 346 2874 Psal.
362 2853 496 2881 cxxxvm,
512 2845 555 2873 12.
594 2845 617 2863 ³ο
632 2845 709 2874 Psal.
725 2854 806 2881 xvm,
821 2847 848 2874 6.
887 2847 908 2864 ²¹
925 2831 994 2875 Luc.
1010 2855 1070 2884 xxx,
1085 2847 1130 2875 27.
