2018 3158
112 162 173 194 809

110 227 156 255 καὶ
196 227 297 266 βροντὴ
329 227 494 265 τρανεστάτη
523 227 628 265 μακρὰν
658 226 796 265 ἐξηχεῖται
815 236 821 242 ·

110 272 235 310 ἀστραπὴ
251 270 338 310 φαίνει
365 273 399 309 τῇ
426 271 587 309 οῗκουμὲνῃ,
613 271 761 308 λάμπουσα
786 271 936 308 ἔμπροσθεν

109 319 164 344 τῶν
181 317 342 354 ἀνθρώπων
366 317 402 343 ὧν
430 317 447 351 ἡ
464 315 536 353 ὀδμὴ
567 316 600 344 οὐ
623 316 695 348 θείου
719 314 784 351 ὅζει,
810 315 874 344 ἀλλ’
899 315 938 347 εἷς

111 361 226 399 οὐρανὸν
241 360 320 389 αὐτὸν
335 359 441 396 εὐώδης
456 358 607 389 ἀναϐαίνει.

149 415 200 454 ίπθί
221 415 346 451 Τοιούτῳ
372 416 436 451 γοῦν
461 413 551 450 λάμπε
577 414 658 453 φωτί.
689 414 741 443 Καὶ
771 413 936 451 δραμοῦνται

111 460 210 490 πάντες
234 458 276 486 ἐπὶ
309 459 348 493 σε,
372 459 414 486 καῖ
446 459 576 495 ἀνάψουσι
605 458 650 486 καὶ
680 459 756 486 αὖτοί
786 459 937 496 μεταλήψει

111 506 146 541 τῇ
174 504 226 532 ἀπὸ
252 505 299 531 σοῦ
329 505 405 542 φῶτα
433 503 537 539 ὃμοια.
565 502 618 531 Καί
653 514 713 534 πως
744 502 937 540 ἁμιλλώμενοι

113 547 266 585 λαμπάδων
301 549 394 586 ἀγῶνα
429 550 523 575 τοῦτον
560 547 700 576 τελὲσουσι
737 547 781 575 διὰ
810 550 867 582 σοῦ,
896 550 937 584 τῷ

112 593 192 621 παντὶ
221 592 383 631 σεμνότερον
411 594 459 620 τοῦ
486 593 511 620 ἐν
531 595 592 625 τοῖς
617 592 704 620 πάλαι
729 592 935 630 ἲπορουμὲνου.

112 636 184 673 ’Ἤδη
201 637 230 665 δὲ
241 637 286 665 καὶ
312 637 377 674 ὑπὲρ
401 637 434 665 τὰ
447 639 501 664 τῶν
524 636 703 674 Νικομηδέων
728 639 805 674 φῶτα
828 636 854 664 ἐν
869 637 935 664 ἀκα-

113 685 155 719 ρεῖ
169 681 316 720 πολλοιχοῦ
341 685 394 719 γῆς
421 683 470 716 τήν
499 681 524 708 ἐν
553 681 594 708 σοὶ
620 680 714 716 δείξεις
740 681 935 720 φωτοφάνειαν.

112 727 234 763 Λάμπων
261 726 353 763 μέντοι
377 725 507 754 σύστελλε
529 727 561 754 τὸ
584 724 676 764 ἄγριον
693 725 827 763 πυρῶδες,
843 725 879 753 δι’
893 725 937 753 οὗ·

111 781 162 809 περ
189 771 217 798 αἱ
243 770 343 810 φαῦλαι
371 770 492 809 νεφέλαι,
523 771 549 798 οἱ
579 769 663 798 δεινοὶ
691 770 819 808 μοναχοί,
839 770 870 798 τὸ
885 781 936 797 πα-

113 815 244 853 ραπίπτον
273 814 497 854 καταφλέγουσιν,
522 815 559 847 ὡς
582 814 699 853 ἄγρωσις
728 815 797 852 ξηρὰ
824 815 937 852 βρωθῆ-

113 871 185 888 σεται
214 861 282 887 κατά
300 860 345 888 τὸν
376 861 454 898 ἅγιον
487 858 600 888 Ἠσαίαν
630 859 681 887 ὑπὸ
711 859 805 897 πυρός·
835 857 879 886 ἔσο
909 858 938 886 δὲ

621 162 673 192 DE
695 161 941 193 EMENDANDA
963 161 1056 192 νιΤΑ
1080 161 1319 193 MONAGHIGA.

1758 163 1819 195 810

851 227 888 254 ὧν
918 227 933 261 ἡ
949 228 976 261 Α
991 226 1020 254 ἱιι
1036 229 1125 262 terra,
1141 235 1239 255 coram
1259 227 1429 256 hominibus
1452 228 1613 265 refulgens;
1630 237 1817 266 quorumque

991 271 1063 299 odor
1078 280 1136 299 non
1152 271 1277 308 sulphur
1292 272 1358 308 olet,
1376 273 1425 300 sed
1442 281 1508 300 cum
1532 274 1690 310 fragrantia
1706 276 1741 303 ad
1757 283 1816 302 cm-

990 316 1052 344 lum
1069 316 1163 352 ipsum
1182 316 1323 344 ascendit.

1026 414 1070 441 99.
1088 414 1146 442 Hac
1167 415 1257 451 igitur
1282 414 1345 443 luce
1368 415 1486 449 refulge.
1505 417 1586 443 Tunc
1602 425 1703 444 omnes
1728 418 1763 445 ad
1790 420 1817 446 te

992 462 1175 493 concurrent,
1190 459 1356 495 similiaque
1381 460 1494 488 lumina
1519 462 1571 488 abs
1596 464 1622 488 to
1648 465 1817 491 mutuuntes

991 504 1161 537 accendent,
1187 507 1227 539 et,
1249 505 1332 540 quasi
1357 505 1473 539 agmine
1499 507 1582 536 facto,
1601 506 1680 533 illum
1703 506 1817 541 lampa-

991 548 1062 575 dum
1086 556 1215 584 pugnam
1240 548 1331 576 altera
1355 549 1517 584 antiquitus
1539 551 1647 577 tradita
1673 550 1817 578 illustrio—

991 600 1053 620 rem
1076 601 1126 627 per
1149 596 1176 620 te
1201 593 1366 620 conﬁcient.
1384 593 1449 621 Mox
1473 602 1561 629 super
1584 595 1818 624 Nicomediensia

990 636 1113 671 lumina,
1127 637 1155 665 iu
1173 636 1230 665 ictu
1244 637 1330 673 oculi,
1342 638 1450 673 ubique
1466 641 1609 666 terrarum
1625 639 1719 667 lucem
1735 642 1816 668 tuam

991 681 1157 717 patefacies.
1181 684 1316 710 Attamen
1343 690 1408 709 cum
1434 682 1569 719 fulgebis,
1586 692 1693 711 savum
1718 684 1816 720 ignem

991 725 1152 761 comprime
1174 735 1230 761 quo
1260 727 1352 754 nubes
1377 736 1482 760 vacuae,
1505 728 1653 755 metuendi
1681 729 1817 756 monachi

991 770 1135 806 quidquid
1157 770 1283 798 accurrit
1304 770 1478 806 incendunt,
1494 775 1522 799 et
1547 772 1611 806 igne
1635 773 1818 800 comburitur

991 822 1111 850 gramen
1129 814 1239 843 siccum
1256 816 1417 843 secundum
1444 819 1576 843 sanctum
1602 817 1716 844 Isaiam.
1734 817 1816 845 Hunc

991 859 1090 895 ignem
1123 859 1187 887 fove
1219 859 1342 887 materia
1375 861 1618 889 condemnatione
1647 863 1675 889 et
1704 869 1815 890 crema-

111 904 248 942 ταμιεύων
272 905 337 932 αὐτὸ
360 904 438 935 ὕλαις
463 903 550 940 ἀξίαις
574 903 695 935 καύσεως
721 903 914 941 ἐπιτιμητικῆς
929 924 936 938 ,

999 903 1071 932 '.ione
1100 903 1204 940 digna,
1229 903 1347 940 qualem
1374 905 1499 932 multum
1529 906 1612 933 all‘ert
1639 906 1697 934 vita
1721 910 1816 935 mate-

113 950 208 981 ὁποίας
223 949 330 981 πολλὰς
347 950 360 977 ὁ
378 949 472 980 ὑλαῖος
489 949 599 987 ἀναφύει
619 948 686 986 βίος.

149 1004 181 1041 ρ’.
199 1005 325 1030 Συνελεῖν
354 1002 404 1040 γὰρ
432 1002 463 1029 τὸ
487 1004 539 1029 πᾶν
564 1001 591 1029 ἐν
623 1001 787 1039 βραχυτάτῳ
805 1010 811 1017 ’
836 1000 935 1039 νεφέλῃ

113 1047 203 1086 φωτὸς
232 1046 350 1085 ὀφείλεις
380 1046 542 1081 εἰκάζεσθαι,
572 1045 603 1072 οὐ
635 1046 689 1082 μὴν
718 1044 936 1083 ἐκπυρηνιζούσῃ

111 1089 271 1128 κεραυνοὺς,
302 1089 397 1117 ὁποῖόν
425 1100 451 1117 τι
478 1086 675 1126 κεραυνοϐόλον
702 1089 821 1125 φαίνεται
846 1089 937 1128 νέφος,

112 1135 159 1162 καὶ
174 1135 188 1162 ὁ
206 1135 243 1171 μή
257 1136 409 1164 Δαυϊτικῶς
433 1131 622 1171 ἐναδολεσχῶν
646 1132 671 1160 ἐν
696 1135 754 1164 τοῖς
773 1132 820 1160 τοῦ
837 1133 938 1171 Κυρίου

113 1177 296 1215 δικαιώμασιν
314 1200 321 1213 ,
350 1177 423 1206 ἀλλὰ
458 1177 656 1215 καταφλυαρῶν
694 1177 864 1216 βλασφήμως
894 1176 939 1204 καὶ

115 1220 264 1258 διαϐόλως,
280 1223 316 1250 ὧν
342 1221 371 1249 ἂν
399 1221 540 1260 βούλοιτο,
564 1221 610 1248 καὶ
634 1221 721 1252 οὕτως
748 1222 836 1258 ἀφιεὶς
851 1221 939 1259 χάλα-

115 1270 162 1302 ζαν
173 1267 222 1303 ,καὶ
235 1268 320 1304 πυρὸς
345 1265 486 1304 ἄνθρακας,
512 1264 659 1302 ψαλμικῶς
684 1265 769 1293 εἰπεῖν
795 1264 830 1292 δι’
857 1266 893 1292 ὧν
907 1265 938 1293 τὸ

113 1314 162 1339 τοῦ
184 1312 332 1348 πυρόεντος
356 1310 442 1347 θυμοῦ
460 1312 663 1348 σκιαγραφεῖται
689 1309 860 1348 νεκροποιόν.
887 1310 939 1336 Οὕ-

113 1366 167 1387 τως
182 1357 200 1391 ἡ
216 1356 269 1392 ἐμή
285 1354 370 1382 πάλαι
392 1354 474 1386 πόλις
492 1355 543 1388 τήν
569 1355 723 1391 μοναχικὴν
748 1353 939 1393 μελαμφορίαν

114 1403 240 1439 σεμνυνεῖ
272 1398 558 1437 φιΛενδεικτικώτιρον
576 1420 582 1427 .
612 1397 724 1429 Ἄλλως
765 1398 856 1436 μέντοι
891 1399 940 1426 οὐκ

115 1442 307 1483 ἀπηκρίϐωται
341 1443 373 1471 τὸ
413 1442 497 1480 μέλαν
533 1445 636 1481 χρῶμα
668 1444 857 1481 προκαθῆσθαι
884 1445 937 1470 τῶν

114 1489 208 1518 ἄλλων
239 1489 400 1527 ὑπερφυῶς,
430 1487 510 1515 εἰτὸ
548 1489 597 1514 τοῦ
633 1486 818 1515 ἀποστολικοῦ
855 1486 938 1522 ἤθους

113 1533 284 1573 ἐπάγγελμα,
299 1534 343 1560 καὶ
365 1533 414 1567 τὴν
441 1531 618 1570 εὐαηελικήν
641 1532 804 1568 ὁμοιότητα,
830 1531 874 1559 καὶ
889 1532 939 1566 τὴν

113 1579 204 1611 θεόθεν
235 1577 372 1614 ἔλλαμψιν
401 1575 532 1616 ἀφέληταί
558 1587 600 1608 τις
627 1578 676 1603 τοῦ
708 1578 848 1614 μοναχοῦ·
878 1577 937 1603 καθ’

112 1624 147 1658 ἣν
164 1622 189 1650 ἐν
206 1624 240 1655 τῆ
266 1621 346 1654 δῆθεν
372 1621 468 1657 σκοτία
491 1623 542 1655 τῆς
568 1620 758 1658 μελαμφορίας
782 1622 839 1659 φῶς
867 1619 937 1652 θειόε

111 1678 191 1705 τερον
206 1669 264 1698 τοῖς
291 1665 359 1704 ὀρθὰ
379 1664 600 1701 πολιτευομένοις
626 1663 781 1703 ἐκφλὲγεται
808 1664 852 1692 καὶ
872 1675 939 1703 προ-

113 1711 218 1748 λάμπει
246 1709 398 1747 ἔμπροσθεν
421 1712 476 1737 τῶν
498 1709 630 1736 τοιούτων
655 1709 816 1746 ἀνθρώπων,
845 1708 867 1736 εἷ
895 1709 940 1737 καὶ

115 1757 128 1784 ὁ
156 1756 225 1784 κατά
252 1757 332 1791 σῶμα
361 1753 489 1790 κρύπτειν
519 1753 586 1780 αὐτὸ
610 1756 734 1791 πειρᾶται
763 1751 869 1789 μόδιος·
891 1754 940 1788 ὡς,

114 1799 143 1828 si’
157 1811 188 1838 γε
202 1800 233 1827 τὸ
257 1801 380 1827 τοιοῦτον
405 1797 529 1836 οὐράνιον
554 1799 623 1836 φῶς,
645 1797 676 1824 τὸ
700 1796 830 1832 ἡλιῶδες,
858 1797 942 1825 εἰπεῖν

114 1844 146 1872 δὲ
173 1844 305 1879 ἀληθῶς,
338 1843 403 1880 ὑπὲρ
430 1842 524 1877 ἥλιον,
554 1845 603 1877 τῆς
632 1846 783 1879 μοναχικῆς
814 1841 942 1879 μελανίας

113 1888 255 1926 ἀπαγάγοι
282 1898 335 1922 τις,
365 1886 461 1923 ὅμοιόν
489 1896 519 1913 τε
545 1885 649 1923 γίνεται
675 1888 834 1921 τηνικαῦτα,
861 1887 897 1918 ὡς
918 1886 943 1914 εἳ

112 1934 161 1962 καὶ
191 1932 286 1970 ἄνθραξ
313 1933 367 1969 πῦρ
389 1930 508 1968 φλύγεον
534 1929 646 1967 στέγων,
667 1930 724 1958 εἶτα
748 1928 869 1962 σϐεσθεὶς
897 1931 942 1958 καὶ

111 1977 287 2016 ἀμαυρωθεὶς
308 1975 348 2006 εἷς
375 1974 551 2012 μελάντερον,
576 1973 642 2009 ἠύτε
670 1974 762 2010 πίσσα,
793 1975 884 2003 οὐκετι
910 1975 941 2002 τὸ

112 2019 260 2060 πρεσϐεῖον
288 2022 337 2048 τοῦ
365 2021 489 2057 χρηστοῦ
516 2018 659 2054 ἄνθρακος,
689 2018 761 2046 ἀλλά
789 2019 942 2056 μελάσματι

116 2067 196 2104 μόνῳ
224 2064 463 2102 ἀπομνημόνευμα
489 2063 593 2090 ἐκείνου
616 2062 761 2100 περισώζει
789 2066 847 2094 τοῖς
879 2062 942 2101 βλὲ-

115 2121 224 2140 πουσιν.

156 2156 206 2193 ροί.
223 2153 274 2189 Ei'n
298 2153 327 2181 δὲ
346 2152 376 2180 ἃν
400 2152 446 2179 καὶ
465 2151 704 2189 θεωρητικώτιρον
729 2153 779 2188 μιᾷ
795 2151 842 2188 μὶν
858 2151 942 2188 ταύτῃ

116 2201 263 2239 χροιᾷ,τῇ
279 2198 347 2226 κατὰ
369 2197 415 2225 τὸν
446 2197 606 2232 μονάζοντα,
627 2195 747 2232 νομίζειν
768 2196 874 2233 χαίρειν
897 2197 943 2223 τὸν

115 2242 295 2282 παμϐασιλὲα
322 2242 432 2276 Κύριον,
461 2241 493 2268 οὗ
520 2239 592 2268 καλὰ
619 2240 652 2267 τὰ
680 2241 766 2268 πάντα
790 2242 942 2277 ποιήματα·

120 2277 275 2325 ἐξουθενοῦν
310 2286 338 2315 δὲ
365 2286 400 2314 τὰ
428 2285 513 2313 λοιπά
541 2285 678 2322 χρώματα
694 2307 702 2320 ,
727 2285 764 2317 ὡς
792 2284 863 2322 μηδὲ
890 2285 945 2316 ἐνὸς
962 2277 985 2310 D

120 2334 209 2362 αὐτῶν
238 2332 360 2370 ἀφιέντος
387 2330 432 2358 τὸν
457 2329 524 2357 αὐτὰ
546 2327 780 2367 περιϐεϐλημένον
811 2331 946 2366 ἀξιοῦσθαι

122 2380 174 2410 τῆς
190 2377 227 2407 εἷς
255 2376 300 2403 τὸν
328 2374 491 2413 παράδεισον
521 2373 705 2405 εἶσελεύσεως’
736 2375 764 2402 ὃν
787 2375 840 2402 οὐκ
863 2375 894 2402 ἂν
908 2373 950 2402 εἰέ-

123 2431 218 2457 ποιμι,
235 2419 298 2448 ἀλλ’
322 2419 384 2447 οὐδὲ
408 2419 602 2456 ἐνθυμηθείην,
628 2417 807 2455 μελανδρύοις
833 2420 879 2456 μὶν
904 2430 946 2447 τε-

124 2465 237 2501 θηλέναι
262 2463 308 2491 καὶ
337 2461 450 2496 ἐϐένοις,
477 2463 523 2490 καὶ
553 2463 626 2494 ὅσοις
655 2463 752 2496 ἀλλοις
776 2464 806 2491 οὐ
833 2464 947 2500 μόνονή

124 2509 223 2548 καρδία
237 2509 269 2536 τὸ
287 2506 369 2545 μέλαν
395 2507 480 2545 φέρει,
509 2506 582 2534 ἀλλά
602 2507 646 2534 καὶ
670 2509 688 2542 ἡ
714 2507 814 2544 ὁλότης
831 2508 950 2544 τοιούτῳ

125 2553 271 2588 πυκάζεται
301 2550 440 2589 χρώματι·
470 2549 590 2588 δένδροις
624 2549 652 2578 δὲ
683 2552 720 2588 μή
750 2552 951 2588 ἐνευθηνεῐσθαι

127 2599 172 2627 καὶ
201 2596 378 2635 καρποῖς,ὧν
404 2595 448 2622 καὶ
476 2593 542 2629 ἄνθη
570 2596 676 2627 πάντως
702 2596 821 2635 ἀνάλογα
850 2595 951 2635 προϐε-

129 2641 257 2678 ϐληνται,
273 2641 313 2672 οἷς
328 2639 450 2676 λλάμπει
478 2639 596 2677 φανότης
617 2639 793 2675 λευκότητος,
809 2641 877 2680 φίλη
892 2644 951 2673 τοῖς

130 2689 179 2715 τοῦ
198 2686 287 2726 φωτὸς
313 2683 451 2723 ἀγγέλοις.
467 2683 500 2710 Εἴ
529 2681 557 2710 δέ
589 2694 631 2715 τις
657 2687 710 2712 τῶν
741 2685 951 2724 ἐριστικωτέρων

131 2731 200 2769 πρὸς
226 2730 286 2758 λίαν
300 2729 367 2756 πάνυ
395 2728 464 2765 μέγα
488 2727 617 2764 σέμνωμα
639 2732 688 2763 τῆς
712 2729 902 2768 μελαμφορίας
922 2730 954 2758 τὸ

132 2775 256 2814 οὐράνιον
292 2772 485 2811 ἀντιπροφέριι
512 2771 623 2800 κυάνεον
640 2795 648 2807 ,
675 2774 719 2800 καὶ
747 2774 779 2802 τὸ
806 2775 874 2802 κστά
901 2778 952 2812 γῆν

133 2819 179 2848 καὶ
207 2818 341 2852 θάλασσαν
372 2815 457 2853 μέλαν
484 2814 613 2852 (μέλαινα
641 2817 693 2856 γὰρ
722 2819 766 2846 καὶ
791 2819 880 2855 ἐκείνη
908 2819 954 2847 καὶ

295 2884 425 2914 Ριτιιῡι..
450 2882 505 2913 Ga.
528 2881 674 2914 CXXXV.

991 947 1083 976 rialis.

1029 1001 1090 1028 100.
1114 1001 1179 1029 Jam
1208 1010 1274 1030 vero
1303 1002 1474 1030 brevissime
1504 1011 1564 1030 rem
1594 1004 1815 1032 concludamus.

993 1045 1107 1073 Lucidus
1125 1046 1195 1073 nubi
1212 1046 1300 1074 debes
1325 1047 1494 1081 assimilnri,
1512 1057 1568 1074 non
1586 1052 1683 1075 autem
1702 1049 1817 1076 fulmini

993 1090 1170 1125 coruscanti,
1193 1093 1224 1118 ut
1248 1094 1389 1126 apparent
1413 1092 1505 1119 nubes
1530 1093 1640 1119 fulmen
1662 1093 1817 1128 jacientes,

993 1137 1022 1161 et
1036 1134 1124 1162 homo
1140 1134 1190 1170 qui
1207 1144 1263 1162 non
1287 1136 1358 1162 dicit
1373 1144 1439 1162 cum
1463 1136 1570 1163 Davide
1589 1137 1818 1171 justilicationes

994 1179 1121 1213 Domini,
1139 1179 1188 1206 sed
1206 1179 1404 1215 blasphemiae
1425 1183 1452 1206 et
1477 1181 1650 1214 calumnias,
1667 1184 1819 1218 utcunque

992 1222 1127 1256 voluerit,
1145 1222 1331 1258 multiplicat,
1348 1224 1449 1259 sicque
1473 1225 1646 1259 grandinem
1669 1229 1697 1253 et
1716 1227 1819 1254 carbo-

994 1274 1046 1294 nes
1061 1266 1138 1302 ignis
1153 1267 1272 1301 emittit,
1290 1270 1322 1294 ut
1337 1267 1431 1295 dicam
1449 1277 1514 1295 cum
1536 1269 1700 1303 Psalmista,
1713 1271 1819 1305 quibus

994 1311 1172 1338 describitur
1188 1311 1272 1347 plaga
1297 1312 1429 1339 mortalis
1450 1321 1577 1339 accensa;
1602 1314 1652 1341 iras
1669 1323 1674 1341 :
1694 1315 1741 1342 Sic
1756 1323 1821 1343 mea

993 1357 1076 1382 vetus
1091 1355 1195 1382 civitas
1217 1355 1316 1390 nigras
1340 1356 1549 1384 monachorum
1565 1361 1660 1385 vestes
1684 1360 1819 1395 magniﬁ-

994 1401 1041 1426 cat
1056 1401 1084 1426 et
1098 1401 1235 1427 ostentat.
1251 1399 1313 1428 Non
1338 1402 1435 1428 tamen
1453 1410 1552 1429 verum
1570 1405 1613 1430 est
1639 1403 1754 1439 nigrum
1771 1413 1818 1432 co-

993 1443 1084 1471 lorem
1101 1444 1211 1472 caeteris
1228 1444 1374 1472 coloribus
1399 1446 1471 1473 mire
1497 1450 1644 1481 praestare,
1661 1448 1686 1475 si
1702 1456 1817 1476 morum

994 1487 1221 1523 aposiolicorum
1246 1488 1399 1523 indicium,
1426 1491 1622 1525 evangelicazu
1647 1492 1818 1520 similitudi-

993 1540 1072 1566 nem,
1093 1535 1180 1568 atque
1203 1533 1330 1560 divinam
1357 1533 1519 1561 claritatem]
1543 1544 1558 1562 δ.
1584 1536 1726 1563 monacho
1752 1537 1818 1572 quis

993 1576 1162 1612 dempserit,
1179 1577 1288 1612 quibus
1303 1578 1391 1605 rebus
1418 1579 1447 1604 in
1474 1579 1526 1605 huc
1553 1580 1627 1615 nigri
1652 1580 1818 1608 indumenti

995 1621 1184 1655 obscuritate,
1200 1622 1249 1648 lux
1264 1622 1391 1649 caelestis
1409 1624 1484 1658 apud
1502 1628 1595 1651 rectos
1611 1625 1744 1652 homines
1761 1625 1820 1653 elu-

995 1668 1051 1698 cet,
1071 1670 1100 1692 et
1128 1664 1220 1702 fulget
1244 1666 1273 1693 in
1298 1672 1455 1702 conspectu
1483 1668 1645 1702 hominum,
1664 1669 1730 1696 licet
1754 1678 1818 1697 eam

997 1710 1114 1738 modius
1130 1711 1259 1745 corporis
1274 1711 1448 1739 obumbrare
1471 1716 1599 1741 conetur.
1616 1714 1644 1740 Si
1662 1714 1726 1749 quis
1742 1715 1820 1742 enim

997 1754 1071 1782 hanc
1087 1754 1181 1782 lucem
1198 1754 1343 1783 caelestem
1360 1756 1496 1789 solerem,
1514 1758 1609 1794 magis
1627 1761 1723 1785 autem
1740 1759 1822 1794 plus-

997 1807 1085 1835 quam
1111 1799 1248 1832 solerem,
1269 1808 1285 1827 ο
1309 1800 1401 1836 nigris
1429 1802 1562 1829 monachi
1588 1803 1718 1830 vestibus
1742 1804 1822 1831 aufe-

996 1846 1053 1878 rat,
1078 1846 1141 1870 tum
1170 1844 1289 1878 accidit,
1315 1845 1399 1880 quasi
1428 1846 1513 1873 carbo
1544 1847 1641 1882 ignem
1672 1848 1823 1876 ardentem

996 1889 1147 1921 amittens,
1162 1891 1191 1916 et
1216 1897 1283 1916 mox
1305 1890 1479 1922 exstinctus,
1504 1891 1697 1927 redactusquo
1721 1893 1756 1920 ad
1783 1893 1826 1920 ni-

996 1931 1123 1968 gritiem,
1141 1935 1173 1959 ut
1194 1932 1242 1967 pix
1263 1933 1324 1968 jam
1349 1934 1483 1962 carbonis
1501 1935 1579 1962 utilis
1606 1936 1724 1964 titulum
1751 1937 1823 1964 ami-

997 1977 1047 2010 sit,
1063 1979 1091 2004 et
1105 1976 1167 2004 sola
1182 1976 1298 2013 nigritie
1313 1979 1486 2006 memoriam
1511 1980 1597 2014 hujus
1614 1984 1708 2008 servat
1723 1981 1823 2010 viden-

998 2020 1088 2048 tibus.

1036 2154 1096 2181 101.
1113 2154 1144 2182 El
1161 2153 1260 2182 forsan
1275 2159 1353 2184 esset
1373 2158 1462 2185 nimis
1487 2161 1673 2188 temerarium
1700 2162 1752 2189 hoc
1768 2171 1826 2189 uno

999 2198 1105 2232 colore,
1123 2199 1296 2228 monachico
1319 2210 1433 2237 nempe,
1451 2204 1576 2237 gaudere
1603 2205 1708 2241 liegem
1726 2215 1826 2241 regum

1003 2243 1156 2270 Dominum
1173 2244 1415 2281 urbitrari,cujus
1432 2256 1519 2282 opera
1541 2250 1640 2276 omnia
1655 2251 1731 2278 bona
1747 2254 1827 2284 sunt,

1002 2289 1029 2314 et
1053 2286 1181 2322 reliquos
1207 2287 1247 2315 itu.
1271 2289 1420 2325 despicere
1446 2291 1556 2319 colores
1581 2297 1621 2326 ut,
1645 2303 1702 2321 uno
1728 2303 1829 2322 eorum

1003 2331 1166 2366 deﬁciente,
1189 2332 1278 2360 homo
1303 2334 1344 2362 eis
1369 2335 1611 2372 circumscriptus
1636 2347 1692 2366 non
1722 2339 1830 2375 dignus

1003 2376 1169 2403 inveniatur
1197 2377 1247 2412 qui
1275 2378 1480 2407 introducatur
1509 2381 1536 2407 in
1569 2383 1749 2417 paradisum.
1776 2383 1831 2416 Qui

1004 2421 1160 2456 paradisus
1189 2430 1241 2449 nec
1266 2422 1417 2456 dicendus,
1438 2433 1488 2451 nec
1513 2427 1686 2461 cogitandus
1711 2427 1830 2463 quidem

1005 2467 1049 2492 est
1064 2466 1196 2493 consitus
1221 2466 1314 2501 nigris
1337 2469 1516 2503 quercubus,
1535 2474 1562 2497 et
1587 2471 1688 2506 ebeno,
1705 2476 1734 2499 et
1757 2481 1831 2506 qua-

1005 2517 1122 2544 cunque
1145 2509 1202 2538 alia
1225 2511 1329 2540 arbore
1344 2515 1372 2539 et
1387 2522 1435 2540 eor
1458 2522 1574 2549 nigrum
1600 2516 1681 2544 intus
1707 2516 1831 2558 habens,

1006 2557 1035 2581 et
1052 2554 1185 2582 universa
1208 2557 1332 2584 materia
1356 2557 1409 2584 hoc
1431 2559 1525 2585 colore
1552 2560 1695 2594 inlinitur;
1721 2565 1748 2589 et
1773 2554 1831 2589 non

1008 2598 1156 2626 abundare
1171 2600 1336 2635 arboribus,
1353 2605 1380 2628 et
1397 2602 1552 2635 fructibus,
1570 2608 1597 2631 et
1613 2606 1735 2633 ﬂoribus
1752 2607 1833 2633 simi-

1008 2642 1084 2670 libus
1102 2644 1263 2679 productis,
1280 2645 1308 2672 in
1333 2646 1441 2681 quibus
1468 2648 1590 2683 refulget
1616 2650 1708 2677 nimia
1733 2650 1835 2677 albedo

1010 2687 1122 2722 angelis
1148 2688 1195 2716 Dei
1220 2693 1347 2726 accepta.
1365 2690 1398 2717 Et
1423 2691 1446 2717 si
1472 2692 1537 2726 quis
1562 2695 1704 2728 sophista,
1721 2695 1755 2721 ad
1782 2703 1835 2721 au-

1009 2732 1135 2768 gendum
1165 2741 1302 2769 magnam
1324 2737 1353 2762 et
1379 2735 1535 2763 sublimem
1565 2738 1639 2772 nigri
1672 2738 1838 2765 indumenti

1011 2776 1196 2812 dignitatem,
1211 2779 1342 2806 conferat
1363 2780 1520 2808 caeruleum
1545 2783 1661 2817 cmlum,
1678 2785 1786 2810 terram
1810 2786 1839 2811 et

1013 2829 1094 2850 mare
1108 2821 1226 2858 nigrum
1243 2823 1325 2859 (sunt
1345 2824 1423 2852 enim
1448 2825 1532 2861 nigra
1556 2826 1616 2855 hac
1642 2829 1670 2855 et
1694 2828 1794 2864 istud),
1810 2830 1839 2857 et

1636 2893 1675 2922 26
