2018 3158
133 168 194 199 813

636 168 688 198 DE
711 167 958 198 EMENDANDA
979 167 1074 198 VlTA
1095 167 1340 200 MONACHICA.

1782 171 1842 201 ΒΗ

133 246 224 273 φωτος
253 236 342 270 οὖσία,
368 235 394 271 ἐξ
421 235 454 263 οὗ
481 234 525 262 καὶ
552 233 588 262 δι’
617 234 648 262 οὗ
663 234 731 269 ἅπαξ
746 233 771 261 ἐν
788 235 855 270 ἡμῖν
872 244 953 273 φωτι-

1019 235 1103 263 Pater
1115 236 1275 272 luminum,
1292 237 1458 266 subsistens
1473 240 1539 266 ante
1553 238 1660 272 lucem,
1676 247 1710 268 ex
1733 247 1790 275 quo
1813 241 1842 268 et

134 280 213 317 σμὸς,
243 280 258 307 ὃ
284 290 314 307 τε
342 280 411 318 πρὸς
441 279 576 315 αἶ’σθησιν,
605 279 650 307 καὶ
678 279 774 306 ὁκατά
803 281 875 306 νοῦν·
893 279 962 317 πρὸς

135 325 200 362 ὅπερ
230 327 287 364 φῶς
316 324 556 360 ἀπεικονιζόμενος
574 346 581 358 ,
612 324 648 355 ὡς
676 323 812 361 ἀνθρώπῳ
837 321 959 358 δυνατὸν,

133 369 201 396 κατᾶ
218 369 334 406 μίμησιν
361 368 374 396 ὁ
402 367 580 407 μελαμφόρος
606 368 688 405 μέγας
709 367 831 403 ἀσκητὴς
847 366 960 405 διαυγά-

135 415 173 448 ζει
188 414 238 448 τὴν
263 413 321 440 κατ’
343 413 423 440 αὐτὸν
452 412 579 449 μελανίαν
606 414 641 449 τῇ
670 411 768 440 ἐκεῖθεν
795 412 960 451 φωταγωγίᾳ

132 457 178 485 καῖ
193 457 343 496 φωσφορίᾳ.
365 456 478 487 Ἀλλως
506 456 568 494 γὰρ,
598 456 687 493 ὥσπερ
712 455 795 491 ἡλίου
822 455 958 492 ἕκκαυσις,

133 501 297 538 μελαίνουσα
311 501 470 539 πρόσωπον,
502 501 551 528 οὐκ
567 499 625 538 ἔχει
652 500 770 538 χρώζειν
795 500 858 531 τοὺς
887 500 958 527 οὕτω

129 547 285 584 πάσχοντας
303 557 342 577 εις
372 546 542 583 αὐτόχρημα
569 544 713 580 Αἰθίοπας,
739 543 834 575 ἄλλως
861 544 957 579 εἰπεῖν,

130 591 168 622 εἰς
186 590 396 622 Ψευδαιθίοπας.
413 588 509 621 Οὕτως
539 589 601 618 οὐδὲ
633 588 716 626 μέλαν
739 587 822 626 μόνον
845 589 958 627 φόρημα

128 635 192 667 τοὺς
208 634 319 671 ἀληθεῖς
335 634 440 663 ἐκτελεῖ
470 634 620 672 μοναχοὺς,
650 633 723 661 ἀλλὰ
742 633 806 664 τοὺς
829 631 956 668 δοκήτας,

127 680 173 707 καὶ
199 679 234 707 δι’
262 680 327 707 αότὸ
354 678 595 717 ψευδομονάχους·
623 677 714 712 ο¹ίτήν
741 678 896 715 μοναχικὴν
912 677 956 704 εὐ-

128 724 234 752 τέλειαν
271 724 482 762 ὑποκρινάμενοι
519 723 654 761 πορισμὸν
700 722 760 760 βίου
796 722 840 749 καὶ
876 723 955 749 τοῦτο

129 768 410 806 προσεξευρίσκουσιν,
439 767 522 805 ὀλίγα
562 768 608 804 μὲν
640 767 812 797 δαπανῶντες
842 766 879 797 εἰς
905 767 954 800 τήν

130 813 279 848 ἑπ.πολήν,
310 814 343 841 τὰ
371 812 460 840 πλείω
489 811 518 840 δὲ
533 811 569 844 εἷς
586 813 655 850 χάος
670 812 784 850 γαστρὸς
800 813 956 838 κατασπῶν‹

127 869 181 889 τες.
213 859 261 885 Καὶ
292 857 388 895 ἑτέρως
417 856 445 884 δὲ
473 858 572 896 φράσαι
604 858 654 892 τὴν
679 855 809 890 τοιαύτην
839 853 953 882 ἔννοιαν·

128 901 211 930 λευκᾶ
242 903 289 939 μὲν
319 901 402 940 φῦλα.
433 904 578 940 Γερμανῶν
604 901 762 938 ἱστορεῖται,
793 899 842 927 οὐκ
856 898 909 934 ἤδη
927 898 954 926 δέ

126 958 179 975 που
194 949 314 974 τοιοῦτοι
342 946 387 973 καὶ
404 946 429 973 οἳ
445 945 690 983 ἐψιμμιθιωμένοι.
718 945 770 972 Τὸν
797 943 894 980 ὅμοιον
920 942 952 978 δὴ

125 991 205 1029 λόγον
224 990 286 1019 οὐδὲ
306 990 389 1028 μέλαν
405 990 518 1029 φόρημα
537 987 715 1027 ἀκριϐολογεῖ
740 990 785 1016 τὸν
819 999 954 1025 μοναστη-

127 1035 231 1074 ριακόν.
247 1038 281 1063 Ἡ
296 1035 345 1072 γὰρ
361 1034 392 1062 ἂν
422 1034 490 1069 ἦσαν
521 1033 706 1071 μοναστηρίου
733 1032 826 1069 ἄνδρες
856 1033 901 1060 καὶ
923 1033 954 1060 τὸ

128 1078 204 1111 ἔθνος
227 1080 253 1107 οἱ
278 1079 493 1116 Μελάγχλαινοι’
517 1078 695 1116 Ζωπλρητέοη
723 1077 769 1105 οὖν
786 1077 902 1116 φλόγεόν
927 1088 953 1104 τι

128 1123 172 1152 καὶ
189 1123 325 1163 φατεινδν,
341 1124 409 1161 πρὸς
426 1122 514 1150 δὲκαὶ
538 1123 637 1160 θερμὸν
664 1122 726 1153 τοὺς
756 1122 781 1150 ἐν
805 1121 839 1159 τῇ
871 1132 953 1158 μονα-

129 1170 197 1206 χικῇ
213 1167 348 1203 πολιτείᾳ-
364 1167 410 1195 ’ίνα
425 1168 462 1198 ὡς
478 1167 516 1198 εἰς
534 1168 663 1204 ἄνθρακας
678 1167 860 1203 ἀναπτόμενοι
875 1168 953 1201 Θεοῦ,

129 1213 323 1250 χρηματίζωσι
339 1213 384 1240 καὶ
399 1212 437 1244 εἷς
452 1212 584 1249 ἀναφορὰν
599 1210 711 1242 εὐωδίας
727 1211 954 1248 θειοτάτης,χρή-

131 1257 345 1294 σιμοιθυτηρίῳ
364 1257 560 1295 προσήκοντες.
590 1255 702 1286 ’Ἄλλως
729 1255 781 1293 γὰρ
809 1253 954 1292 ψεύδονται

129 1301 174 1329 τὸν
191 1301 296 1338 ἐνεργὸν
310 1300 437 1339 ἄνθρακα.

165 1355 210 1392 ρι’.
227 1354 278 1382 Καὶ
294 1354 365 1382 οὕτω
383 1355 430 1390 μὶν
441 1356 500 1385 τοῖς
520 1352 630 1380 πλείοσι
655 1352 770 1392 φιλητὸν
793 1352 824 1379 τὸ
848 1352 953 1390 ἀπραγ-

129 1398 220 1435 μόνως
234 1397 330 1426 λευκὸν
347 1399 384 1429 ὡς
401 1397 530 1434 μάλιστα,
555 1397 596 1425 ὅτι
625 1398 668 1425 καὶ
699 1398 730 1425 τὸ
760 1398 836 1434 ὁρᾷν,
865 1397 880 1424 ὃ
910 1395 954 1423 διὰ

126 1444 216 1482 φωτὸς
245 1442 408 1482 περαίνεται.
440 1442 604 1479 Σεμνόνεται
621 1441 650 1469 δὲ
680 1442 748 1478 μετά
766 1452 795 1479 γε
809 1442 840 1468 τὸ
857 1439 951 1468 λευκὸν

125 1490 228 1526 χρῶμα
243 1488 287 1515 καὶ
313 1487 464 1527 φαεσφόρον
480 1487 510 1514 τὸ
526 1487 649 1525 ἐρυθρὸν,
677 1485 723 1514 εἴθις’
753 1485 799 1513 οὖν
814 1486 950 1513 κόκκινον·

125 1531 190 1560 οὐδὲ
219 1531 248 1559 δὲ
277 1530 409 1566 ἔλαττον,
439 1531 481 1559 ὅτι
511 1532 549 1568 μή
578 1531 622 1558 καὶ
654 1531 692 1562 εἷς
721 1529 824 1566 πλέον,
851 1529 897 1556 καὶ
921 1530 952 1556 τὸ

122 1577 271 1615 ἁλουργὸν,
287 1576 329 1604 ὅτι
345 1574 568 1614 συμϐολογραφεῖ
597 1575 747 1613 βασιλείαν,
769 1574 819 1609 ὅση
844 1584 873 1601 τε
887 1574 948 1611 περὶ

122 1625 175 1660 γῆν
203 1622 248 1649 καὶ
275 1622 325 1656 τὴν
363 1621 565 1659 ὑπερουράνιον·
594 1620 639 1648 καὶ
670 1619 794 1657 μᾶλλον,
825 1620 870 1646 ὅτε
897 1620 946 1654 τὴν

123 1668 192 1703 Ἰριν
207 1666 274 1703 πρὸς
298 1665 491 1704 ἀπειροκαλίαν
522 1666 634 1703 χοώζει,
665 1663 749 1701 μηδεν
772 1675 798 1691 τι
827 1664 948 1700 σκυθρω-

123 1711 260 1745 πάζουσαν
284 1713 319 1748 τῇ
346 1710 467 1747 μελανία,
497 1710 521 1738 ei
548 1709 592 1737 καὶ
621 1708 714 1741 ἄλλως
742 1709 852 1746 στυγνὸν
882 1708 947 1735 εἶναι

122 1755 156 1783 τὸ
177 1757 226 1788 τῆς
257 1754 419 1793 ἁλουργίδος
445 1754 526 1786 ἄνθος
549 1753 751 1792 ἔρῥητόρευται.
768 1753 813 1780 Διὸ
839 1753 884 1780 καὶ
908 1752 946 1784 εἷς

121 1799 199 1838 ἱερὰν
227 1799 368 1837 ἐπιπρέπει
396 1799 496 1833 στολὴν
521 1802 579 1829 τοῖς
605 1798 644 1835 μὴ
670 1797 882 1836 πανηγυρίζουσι
907 1807 948 1824 τε-

121 1844 307 1882 λεταρχικῶς.
325 1844 377 1871 Καὶ
401 1843 504 1878 τοίνυν,
520 1843 564 1870 ὅτε
577 1853 619 1873 τις
635 1842 774 1879 ἄνθρωπος
790 1841 827 1869 ὣν
842 1841 947 1878 κόσμου

120 1889 237 1924 καὶτῆς
259 1890 317 1916 κατ’
341 1889 422 1916 αὐτὸν
448 1885 562 1926 τόρϐἠς,
589 1887 696 1925 ἀρεταῖς
719 1887 872 1924 ἐπιπρέπει,
901 1886 947 1913 καὶ

120 1934 192 1962 κατὰ
220 1934 311 1961 παθῶν
342 1933 413 1961 οὕτω
444 1931 592 1971 βασιλεύει³
626 1932 762 1963 τοιούτοις
791 1930 821 1958 ἂν
850 1931 947 1969 πρέποι

121 1979 284 2015 κοσμεῖσθαι
299 1978 455 2016 χρώμασινο
474 1977 504 2004 οὐ
522 1977 575 2013 μὴν
591 1979 631 2012 τῷ
647 1977 741 2007 ἁπλῶς
757 1974 863 2012 μέλανι.
879 1977 909 2004 Ὁ
925 1974 948 2002 δ’

121 2023 203 2054 αὐτὸς
220 2022 308 2059 ὁμοίῳ
327 2020 402 2060 λόγῳ
416 2021 460 2049 καὶ
476 2021 513 2052 ὡς
529 2021 568 2052 εἰς
588 2020 675 2058 φλόγα
690 2020 774 2058 πυρὸς
790 2019 947 2058 ἀηελιχῶς

121 2066 295 2105 προλάμπει,
312 2069 370 2103 Θεῷ
384 2066 559 2103 λειτουργῶν,
576 2064 633 2092 ἐπεί
647 2075 690 2091 τοι
705 2063 818 2101 ἐρυθροῦ
833 2063 949 2101 χρώμα-

121 2122 170 2143 τος
185 2110 258 2142 οἷδός
272 2122 298 2138 τι
313 2111 359 2138 καὶ
379 2111 410 2138 τὸ
426 2109 553 2148 φλόγεον.

161 2166 210 2203 ρς’.
227 2164 275 2196 Τίς
310 2164 355 2192 οὖν
386 2163 465 2194 αὐτὸς
499 2162 655 2200 λογισθείης
678 2161 747 2200 πρὸς
776 2160 875 2188 ἐκεῖνον
904 2161 948 2187 τὸν

124 2209 231 2243 λαϊκὸν,
248 2210 270 2236 ὦ
303 2210 522 2246 μοναστηριῶτα,
554 2207 626 2242 ἥκων
656 2205 700 2233 διὰ
726 2204 854 2242 μελανίας
871 2204 951 2241 ἀκρά-

121 2264 182 2288 του,
199 2254 243 2281 καὶ
270 2253 353 2290 μηδὲν
378 2264 404 2280 τι
429 2251 566 2290 πυρῥάζον
591 2249 675 2289 ἔχων,
705 2250 748 2277 καὶ
778 2249 849 2277 οὕτω
879 2248 949 2285 λαμ-

1015 289 1068 316 per
1090 289 1177 317 quem
1202 282 1298 309 omnis
1312 285 1413 310 nostra
1426 282 1611 317 illuminatio,
1629 283 1689 311 sive
1706 293 1839 320 sensum,

1015 325 1075 353 sive
1092 325 1272 360 intellectus;
1287 327 1322 354 ad
1340 335 1428 362 quam
1444 327 1538 355 lucem
1551 327 1839 365 compositus,quan-

1013 372 1077 397 tum
1094 370 1204 398 homini
1222 371 1361 406 possibile
1376 374 1429 404 est.
1447 380 1535 407 quam
1551 371 1683 400 imitatus
1714 382 1838 409 magnus

1014 417 1110 442 asceta
1139 415 1213 450 nigri
1231 414 1408 448 indumenti,
1426 424 1509 443 suam
1527 416 1674 451 nigriliam
1691 417 1840 445 illuminat

1013 457 1078 485 luce
1091 458 1157 486 inde
1171 459 1296 486 abducta
1311 462 1339 487 et
1354 459 1469 487 reﬂexa.
1489 460 1582 488 Aliter
1596 460 1674 488 enim
1697 463 1838 496 quemad-

1013 503 1134 530 modum
1151 503 1221 530 solis
1237 504 1376 539 radii,qui
1391 503 1503 531 vultum
1521 505 1637 540 nigrum
1657 505 1838 540 faciunt,non

1013 550 1138 582 possunt
1153 548 1299 583 extemplo
1330 549 1359 575 in
1388 549 1561 584 IEthiopem,
1592 553 1642 576 aut
1671 550 1700 576 in
1730 550 1838 578 falsum

1012 592 1175 628 Ethiopem
1206 592 1334 628 aliquem
1362 596 1578 628 transmutare;
1610 595 1651 621 sic
1668 602 1761 630 neque
1777 594 1841 622 sola

1011 637 1100 663 vestis
1115 637 1198 670 nigra
1213 645 1295 665 veros
1311 637 1471 665 monachos
1484 637 1583 671 efﬁcit,
1596 638 1645 665 sed
1663 642 1838 674 apparentes

1011 683 1039 707 et
1055 681 1152 708 falsos.
1170 681 1202 708 Hi
1219 681 1421 709 monachicam
1451 682 1670 718 simplicitatem
1700 691 1751 718 pro
1781 684 1839 711 vita

1012 727 1103 760 magis
1118 726 1217 761 opima
1231 726 1421 761 accipientes,
1439 726 1492 754 hoc
1508 726 1671 760 lucrantur,
1690 735 1782 762 pauca
1801 729 1836 755 ad

1011 769 1222 805 acquirendum
1238 773 1370 805 erogant,
1388 770 1542 806 multaque
1558 771 1586 798 in
1601 771 1740 807 abyssum
1768 780 1836 799 ven-

1010 813 1065 841 tris
1079 814 1271 849 ingurgitent.
1288 815 1356 846 Quas
1371 823 1416 842 res
1432 815 1516 842 aliter
1531 815 1655 842 dicenda
1683 818 1736 844 est.
1758 816 1836 843 Albae

1009 859 1166 885 traduntur
1193 858 1288 886 tribus
1317 860 1540 891 Germanorum,
1563 868 1658 894 neque
1672 859 1784 888 similes
1799 861 1836 888 iis

1011 902 1059 937 qui
1078 902 1142 929 fnco
1158 902 1312 930 liniuntur.
1329 903 1436 930 Eadem
1459 903 1570 930 ratione
1597 911 1649 930 nec
1678 903 1836 931 indumen-

1011 950 1071 973 tum
1103 947 1219 982 nigrum
1247 955 1346 974 verum
1374 947 1469 974 effecit
1491 947 1680 975 monachum.
1697 948 1835 984 Nunquid

1010 991 1087 1018 enim
1105 987 1316 1019 monasterium
1329 991 1496 1019 incolebant
1511 999 1582 1027 gcns
1614 991 1837 1020 Melanchlaena-

1010 1035 1097 1062 rum?
1111 1036 1273 1067 Quaerenda
1290 1038 1336 1063 est
1351 1035 1439 1071 igitur
1452 1036 1583 1070 flamma,
1600 1039 1629 1063 et
1642 1036 1702 1071 lux,
1716 1038 1745 1063 et
1759 1036 1838 1064 calor

1010 1079 1052 1107 sis
1068 1080 1116 1115 qui
1135 1080 1165 1107 in
1182 1080 1369 1107 monasteriis
1386 1080 1506 1115 degunt,
1522 1083 1564 1114 ut,
1581 1080 1666 1116 quasi
1696 1081 1837 1108 carbones

1009 1124 1071 1157 Dei,
1098 1124 1211 1151 accensi
1235 1124 1349 1159 prosint
1364 1125 1399 1152 ad
1416 1125 1525 1152 bonum
1541 1125 1660 1152 odorem
1677 1124 1836 1160 edendum,

1009 1168 1140 1204 ﬁantque
1155 1168 1296 1196 sacriﬁcio
1315 1168 1410 1203 utiles,
1427 1171 1459 1196 ut
1473 1169 1566 1197 decet.
1582 1169 1631 1196 Sin
1650 1169 1763 1205 minus,
1788 1177 1836 1197 va-

1010 1220 1075 1240 rum
1091 1213 1246 1240 carbonem
1263 1213 1455 1241 mentiuntur.

1045 1355 1106 1382 105.
1122 1355 1167 1382 Sic
1183 1363 1251 1391 ergo
1268 1364 1285 1383 a
1300 1354 1448 1392 plerisque
1471 1356 1604 1392 diligitur
1631 1355 1711 1385 color
1737 1356 1834 1391 albus,

1008 1399 1079 1435 quia
1094 1399 1255 1427 vilissimus
1270 1403 1324 1433 est,
1342 1400 1418 1428 sicut
1433 1401 1513 1429 visus
1529 1401 1579 1437 qui
1595 1401 1661 1429 luce
1676 1401 1834 1437 perﬁcitur.

1007 1446 1077 1471 Post
1091 1443 1190 1471 album
1206 1452 1273 1472 vero
1289 1447 1317 1472 et
1333 1444 1464 1472 lucidum
1482 1445 1608 1473 colorem
1624 1446 1769 1474 miramur
1783 1455 1835 1473 ru-

1007 1488 1105 1522 brum,
1121 1489 1182 1516 sive
1197 1489 1376 1522 coccineum,
1394 1497 1446 1517 nec
1462 1490 1627 1524 minus,sed
1645 1490 1738 1525 magis
1764 1499 1834 1526 pur-

1007 1540 1143 1567 pureum,
1170 1532 1220 1568 qui
1249 1532 1342 1569 regni,
1363 1533 1423 1560 sive
1440 1533 1468 1560 in
1484 1533 1583 1566 terris,
1599 1533 1658 1561 sive
1674 1541 1761 1569 super
1777 1542 1832 1561 cm-

1008 1576 1068 1603 lum
1086 1576 1200 1612 insigne
1216 1578 1269 1609 est,
1285 1579 1314 1604 et
1330 1577 1453 1604 maxime
1469 1585 1536 1604 cum
1559 1577 1617 1604 Irin
1641 1577 1742 1605 rudius
1766 1578 1831 1613 pin-

1006 1620 1058 1656 git,
1089 1620 1161 1647 nihil
1190 1621 1274 1648 triste
1303 1621 1421 1656 nigritie.
1437 1622 1648 1656 praeferentem,
1665 1621 1733 1649 licet
1747 1622 1832 1649 aliter

1002 1665 1056 1693 ﬂos
1073 1673 1207 1701 purpurae
1223 1664 1342 1693 odibilis
1357 1673 1421 1693 esse
1437 1668 1583 1693 narretur.
1600 1666 1709 1694 Idcirco
1725 1665 1773 1694 ille
1799 1666 1827 1693 in

1000 1712 1112 1737 vestem
1136 1718 1249 1737 sacram
1275 1709 1321 1738 bis
1337 1710 1388 1745 qui
1403 1710 1531 1738 ecclesia;
1548 1719 1606 1738 non
1624 1712 1759 1746 prosunt,
1775 1719 1825 1746 po-

1000 1756 1060 1782 test
1072 1754 1177 1789 aptari.
1193 1754 1238 1782 Sic
1252 1753 1343 1790 igitur
1367 1763 1435 1782 cum
1463 1754 1555 1791 aliqui
1584 1763 1619 1782 ne
1648 1755 1769 1789 mundo,
1799 1757 1827 1782 et

1001 1798 1076 1826 inter
1092 1798 1274 1826 mundanum
1291 1798 1462 1833 tumultum,
1478 1798 1636 1827 virtutibus
1651 1801 1829 1832 coruscat,et

1001 1842 1128 1878 imperat
1142 1842 1342 1878 passionibus,
1372 1843 1418 1870 his
1447 1843 1595 1871 coloribus
1625 1844 1829 1871 convenienter

1002 1887 1172 1923 insigniter,
1203 1895 1260 1914 non
1287 1889 1386 1914 tamen
1416 1887 1589 1923 simpliciter
1610 1888 1702 1923 nigro.
1719 1888 1752 1915 Et
1767 1888 1830 1924 ipse

1002 1932 1105 1959 eadem
1122 1931 1245 1963 ratione.
1263 1940 1329 1959 cum
1347 1931 1403 1959 Deo
1420 1931 1575 1965 sacriﬁcat,
1600 1932 1686 1967 quasi
1711 1932 1832 1960 flamma

1003 1975 1090 2011 ignis,
1119 1978 1152 2002 ut
1175 1975 1308 2011 angelus,
1325 1976 1459 2012 refulget,
1477 1977 1546 2012 quia
1562 1977 1648 2004 rubro
1662 1976 1748 2004 colori
1763 1985 1833 2013 pro-

1003 2020 1081 2047 xima
1094 2022 1139 2048 est
1155 2019 1284 2048 flamma.

1042 2161 1101 2189 106.
1120 2161 1189 2193 Quis
1205 2169 1272 2197 ergo
1284 2161 1477 2197 judicaberis,
1494 2162 1528 2189 ad
1545 2161 1625 2189 hunc
1640 2161 1747 2190 laicum
1775 2161 1834 2190 col-

1005 2206 1092 2239 latus,
1110 2214 1126 2233 ο
1142 2205 1295 2239 mouache,
1312 2205 1362 2241 qui
1378 2205 1458 2234 venis
1474 2214 1540 2234 cum
1556 2206 1618 2234 sola
1632 2208 1713 2234 veste
1736 2206 1832 2243 nigra,

1005 2250 1136 2284 nihilque
1165 2250 1302 2285 ignitum.
1330 2250 1462 2278 lucidum
1493 2250 1606 2278 habes?
1636 2251 1687 2278 Hic
1711 2251 1833 2286 quidam

124 2298 213 2336 πρόν;
238 2289 285 2325 καὶ
319 2298 372 2334 μήν
389 2298 403 2325 ὁ
431 2289 555 2327 τοιοῦτος
570 2294 750 2334 ἐρυθροφόρος
778 2294 822 2321 καὶ
848 2293 886 2325 εἷς
903 2303 951 2320 πα-

1010 2295 1102 2322 rubris
1127 2294 1259 2321 vestibus
1289 2295 1423 2327 indutus,
1450 2298 1532 2331 pater
1561 2295 1717 2323 habebitur
1731 2303 1832 2324 eorum

124 2343 190 2380 τέρα
228 2341 426 2381 ἐγγραφήσεται
457 2343 511 2368 τῶν
536 2341 579 2369 ὑπ⁸
609 2339 690 2367 αὐτοῦ
715 2337 949 2376 καταρτιζομένων

128 2386 166 2417 εἱς
195 2386 311 2422 ἀρετὴν,
341 2387 384 2414 καὶ
417 2386 540 2423 μιμητὴς
568 2386 657 2418 Θεοῦ,
686 2386 734 2410 τοῦ
763 2384 815 2421 πρὸ
843 2382 950 2410 πάντων

128 2430 242 2468 πατρὸς,
267 2429 467 2467 λογισθήσεται*
495 2429 530 2457 δι’
558 2429 624 2457 αὐτὸ
652 2428 680 2456 δὲ
708 2427 773 2455 οὐδὲ
801 2426 953 2465 ἀσχημάτι-

130 2485 193 2505 στος
209 2474 276 2502 κατά
290 2474 353 2506 τοὺς
367 2473 455 2512 χύδην
471 2473 594 2504 λαϊκούς.
627 2473 674 2500 Διὸ
699 2472 744 2500 καὶ
760 2470 844 2503 ἀϐὅᾶς
870 2472 884 2499 ὁ
906 2471 953 2498 αὖ-

127 2520 175 2550 τὸς
191 2518 216 2555 (ὃ
244 2517 277 2552 δὴ
307 2518 352 2546 καὶ
368 2518 400 2545 σὺ
415 2517 615 2554 ἐπικέκλησαι),
639 2516 694 2552 ἤδη
712 2515 741 2544 δὲ
759 2517 802 2544 καὶ
822 2516 954 2553 μοναχὸς,

130 2565 175 2591 οἷα
203 2566 289 2600 μονῆς
315 2562 387 2594 θείας
413 2561 566 2599 ἅνθρωπος,
585 2561 682 2592 ὁποίας
710 2560 817 2592 πολλὰς
834 2561 847 2589 ὁ
863 2561 955 2598 σωτὴρ

133 2608 251 2646 Χριστὸς
268 2607 331 2640 Θεὸς
346 2608 425 2644 ἡμῶν
443 2606 648 2643 εὐηγγελίσατο.
673 2607 707 2634 ἸΙ
731 2606 782 2643 γὰρ
811 2606 866 2642 οὐχ
890 2605 955 2632 ὁπο-

135 2653 208 2690 μένει
234 2663 280 2680 τον
309 2652 410 2690 Κύριον
438 2651 482 2678 καὶ
520 2651 535 2678 ὁ
569 2652 704 2684 τοιοῦτος,
736 2649 880 2688 φυλάσσων
909 2649 956 2680 τὰς

135 2695 216 2728 ὁδοὺς
251 2697 357 2732 αὐτοῦ;
396 2695 554 2733 Καταμόνας
592 2694 633 2722 ἐπ’
667 2693 757 2722 ἐλπίδι
795 2696 828 2731 τῇ
865 2697 956 2722 πασῶν

137 2743 268 2780 κρείττονι
304 2742 496 2776 κατοικίζεται,
534 2740 579 2768 καὶ
616 2739 687 2767 οὕτω
722 2739 959 2778 κατακληρονομεῖ

137 2790 189 2824 γῆν
220 2787 357 2824 ἑκατέρου,
397 2787 448 2822 τήν
475 2795 505 2813 τε
543 2783 809 2823 ὑπερανῳκισμένην,
847 2784 891 2812 καὶ
928 2785 958 2819 ἢν

138 2832 221 2868 ἡμεῖς
244 2833 392 2870 πατοῦμιν.
421 2834 491 2868 Ἀρα
519 2829 549 2858 δὲ
574 2829 628 2867 οὐχ
650 2829 790 2866 ὑπομένων
819 2828 959 2866 ὑπομένει,

1006 2348 1079 2374 quos
1094 2339 1129 2366 ad
1146 2338 1282 2366 virtutem
1301 2339 1583 2374 informat,imitator
1598 2340 1646 2367 Dei
1663 2339 1756 2367 Patris
1772 2349 1835 2368 om-

1007 2383 1090 2412 nium
1106 2383 1303 2419 reputabitur,
1315 2386 1344 2411 et
1359 2383 1395 2411 ob
1412 2384 1487 2411 hanc
1503 2384 1647 2412 rationem
1663 2384 1836 2414 indumento

1009 2437 1067 2456 non
1084 2427 1268 2456 fraudabitur
1283 2429 1361 2456 inter
1376 2428 1482 2464 vulgus
1498 2428 1687 2457 laicum.ldeo
1704 2429 1793 2457 abbas
1809 2433 1838 2458 et

1010 2474 1083 2510 ipse,
1101 2476 1132 2500 ut
1147 2475 1178 2500 tu
1195 2473 1318 2505 vocaris,
1334 2473 1456 2509 insuper
1479 2475 1507 2501 et
1530 2473 1706 2507 monachus,
1736 2477 1836 2510 utpote

1010 2518 1054 2545 vir
1078 2519 1186 2545 sanctae
1211 2517 1384 2552 mansionis,
1402 2519 1434 2544 ut
1449 2517 1579 2545 Christus
1595 2517 1728 2546 Salvator
1742 2519 1838 2547 Domi-

1011 2571 1068 2590 nus
1084 2563 1182 2590 noster
1198 2570 1273 2598 saepe
1289 2561 1507 2598 evangelizavit.
1525 2562 1625 2590 Nonne
1638 2562 1716 2590 enim
1743 2565 1837 2592 Domi—

1012 2615 1082 2635 num
1113 2609 1261 2642 exspectat
1288 2607 1313 2635 is
1343 2607 1393 2643 qui
1421 2606 1550 2634 custodit
1575 2607 1636 2634 vias
1651 2608 1739 2643 ejus?
1755 2609 1837 2637 Seor-

1013 2652 1068 2680 sim
1085 2651 1199 2679 habitat
1214 2652 1325 2687 optima
1340 2660 1391 2687 spe
1406 2652 1536 2684 innixus,
1559 2654 1587 2679 et
1610 2651 1652 2679 sic
1681 2655 1838 2689 utramque

1012 2698 1120 2724 terram
1152 2705 1168 2723 a
1194 2696 1309 2732 superis
1332 2696 1546 2731 frequentatum
1564 2699 1592 2723 et
1607 2705 1624 2724 a
1640 2697 1724 2725 nobis
1740 2697 1836 2725 tritam

1014 2741 1155 2777 possidet.
1181 2740 1318 2776 Nunquid
1347 2742 1504 2776 expectans
1535 2749 1590 2768 non
1621 2744 1779 2777 exspectat,
1811 2744 1840 2769 et

1015 2785 1158 2812 Dominus
1173 2785 1208 2812 ad
1224 2793 1290 2812 eum
1308 2785 1337 2812 in
1353 2787 1469 2812 tantum
1486 2784 1692 2820 inclinatur,ut
1704 2794 1756 2821 per
1772 2795 1839 2815 eum

1015 2828 1158 2858 miracula
1171 2828 1420 2865 operetur,qualia
1433 2828 1524 2857 multa
1538 2828 1688 2857 vidimus?
1698 2830 1734 2858 Et
1749 2831 1773 2859 si
1788 2831 1843 2859 iste
