2002 3158
204 159 263 190 815

590 155 800 187 EUSTATHII
823 153 1207 185 THESSALONICENSIS
1230 153 1523 186 METBOPOLITE

1818 160 1864 190 816

203 227 294 255 rubra
307 225 404 253 ferens
418 223 592 251 indumenta
620 221 785 257 eximiaque
810 219 1017 257 pulchritudini

1084 218 1130 246 καὶ
1159 219 1173 246 ό
1202 219 1302 257 Κύριος
1328 219 1458 258 προσέχει
1487 220 1561 257 αὐτῷ
1586 221 1612 252 ἐς
1637 224 1762 259 τοσοῦτον,
1782 224 1812 254 ὡς
1830 225 1866 252 καὶ

205 268 457 303 erubescens,vult
470 269 592 304 insuper
607 266 707 295 oculos
719 265 873 293 hominum
891 265 1029 300 eﬂ‘ugere,

203 316 304 352 sicque
320 324 336 343 a
352 315 413 342 fera
426 312 562 341 homines
577 312 733 339 devorante
745 309 1028 342 absconditur;tunc,

203 364 236 389 ut
251 360 386 394 arbitror,
402 358 437 386 ob
455 358 529 385 hanc
545 364 676 389 causam,
694 355 778 383 titulo
794 353 944 389 _monachi
973 354 1029 381 Deo

203 405 339 443 proximi,
356 403 448 440 nigris
463 400 644 429 indumentis
661 400 757 428 vestiti
774 407 831 427 non
846 398 964 426 carebit.
977 398 1029 425 Hic

204 451 281 478 enim
298 449 381 485 quasi
395 447 478 483 nigro
495 446 580 481 sepia:
593 445 648 481 (10)
660 443 892 477 humorc,colore
904 443 1028 471 obscuro

203 494 422 527 circumdatur;
439 492 487 519 ille
508 494 605 518 autem
635 491 729 517 instar
758 487 887 523 loligiuis
915 487 1028 523 liquore

202 540 303 573 rubro,
330 540 361 566 ut
385 539 484 565 narrat
499 534 644 564 naturalis
660 532 790 567 historia,
807 531 959 560 inimicum
975 539 1026 567 po-

201 587 258 613 test
272 584 383 619 fugare.

237 718 298 746 107.
315 717 349 744 Et
363 714 504 752 quoniam
519 712 654 741 alhedine
671 714 699 739 et
713 711 778 738 luce
792 710 855 745 ejus
879 709 1027 737 distrahor

200 763 237 792 ad
251 769 315 790 eam
332 760 457 792 reﬂecto,
473 758 596 793 ejusque
611 755 705 792 gratia
720 754 906 791 cupientibus
925 754 1026 781 audire

200 805 369 835 memorabo
385 812 448 840 quae
464 802 632 838 aliquando,
649 808 716 827 cum
732 799 890 827 maximam
908 798 1024 826 urbium

200 846 521 888 perambularem,vidi
552 854 615 881 ego,
646 848 675 873 et
703 847 804 872 sancta
834 843 874 871 ibi
902 843 1026 870 ecclesia

200 902 317 923 mecum
344 895 374 921 et
401 891 515 928 reliqua
537 891 623 918 turba
638 897 727 925 quam
743 888 880 916 maxima.
897 888 1024 923 Tempus

198 942 261 968 erat
276 946 342 966 cum
359 935 577 973 Megalopoli,in
593 936 684 962 matre
698 936 863 961 nostrarum
881 931 1022 959 Ecclesia-

197 992 275 1019 rum,
292 990 398 1018 magno
413 982 476 1016 ejus
493 978 622 1016 pontiﬁci
638 978 794 1006 assistebat
806 977 890 1004 Pater
904 978 1022 1012 patrum

197 1029 227 1057 in
243 1026 418 1056 Alexandria
431 1033 524 1061 usque
553 1023 649 1057 hodie,
676 1024 796 1050 sanctus
825 1021 1020 1048 Elcutherius.

196 1074 279 1101 Circa
300 1080 368 1100 eum
384 1069 434 1099 alii
449 1068 633 1097 Aiexandrini
648 1067 753 1095 diversi
771 1065 876 1094 coloris
893 1064 1021 1098 stabant,

195 1118 273 1146 inter
287 1124 360 1153 quos
376 1117 460 1143 erant
474 1113 603 1141 seniores
618 1111 763 1144 monachi,
781 1110 912 1146 pulchris
933 1110 1021 1137 vesti-

197 1163 253 1190 bus
283 1164 316 1189 ut
329 1159 406 1196 apud
432 1166 486 1186 nos
502 1157 607 1185 ornati.
623 1157 692 1184 Erat
708 1155 828 1191 quidam
843 1155 873 1182 in
889 1154 965 1182 albis
980 1154 1022 1182 in-

198 1205 360 1238 dumentis,
375 1204 472 1231 erecta
487 1203 599 1230 statura
613 1202 694 1235 niger
709 1202 838 1235 aspectu,
855 1199 905 1226 sed
927 1206 1021 1234 augu-

198 1252 262 1278 stus
290 1251 320 1276 et
345 1248 452 1283 dignus
467 1254 554 1281 quem
568 1245 761 1272 intuerentur.
778 1243 851 1271 Huic
866 1251 917 1278 pro
934 1243 1020 1279 pallio

196 1294 296 1322 tunica
309 1292 396 1325 linea,
414 1290 604 1326 resplendens
619 1289 696 1316 sicut
711 1288 776 1321 lux;
793 1288 821 1315 in
838 1288 905 1315 sinu
929 1288 1021 1315 densa

196 1342 224 1367 et
239 1338 298 1366 lata
309 1336 409 1369 vestis,
428 1343 508 1362 more
524 1336 633 1368 nostro,
643 1333 678 1360 ad
692 1333 849 1360 humerum
865 1331 1019 1359 sinistrum

193 1383 272 1411 linea
300 1383 379 1410 recta
407 1379 611 1408 contrahitur.
641 1380 732 1413 Caput
762 1377 879 1412 tegebat
906 1378 1019 1412 operto-

194 1428 272 1456 rium
287 1435 322 1454 ex
335 1425 424 1461 longa
435 1423 516 1452 tenui
531 1425 560 1451 et
574 1423 640 1451 alba
662 1422 721 1450 tela
740 1421 1018 1454 circumvoluntum,

192 1473 300 1500 iterum
329 1471 404 1499 sicut
434 1469 463 1496 in
483 1471 579 1506 gente.
598 1467 750 1495 Hominem
767 1466 952 1493 mirabantur
969 1466 1019 1501 qui

191 1517 340 1546 videbant.
355 1515 426 1543 Vere
441 1513 517 1541 enim
536 1513 572 1541 ab
589 1519 709 1540 numero
725 1513 753 1538 et
766 1519 885 1538 sursum
909 1510 1017 1538 emine-

190 1563 242 1590 bat
268 1568 360 1597 supra.
389 1560 528 1588 astantes.
556 1559 592 1585 Et
621 1565 674 1592 ego
702 1555 786 1583 illum
808 1555 982 1590 admiratus,
999 1563 1016 1583 ιι

191 1589 318 1642 quodam
333 1604 452 1632 homine
467 1603 554 1630 istius
570 1589 669 1638 magni
685 1600 832 1637 pontiﬁcis
848 1599 1012 1635 quaerebam
1029 1589 1051 1624 ί]

191 1649 331 1686 quisnam
346 1650 424 1676 esset
435 1647 483 1674 hic
500 1645 542 1673 vir
557 1644 713 1682 praecelsus
726 1647 755 1672 et
779 1643 854 1671 albis
879 1643 1013 1671 indutus.

189 1693 294 1722 Audivi
309 1700 374 1722 esse
386 1700 454 1720 eum
469 1690 710 1719 nrchidiaconum
725 1688 873 1716 catholicae
888 1687 1015 1715 Alexan-

189 1740 342 1767 drinorum
357 1735 502 1770 Ecclesiae,
519 1734 697 1771 plurimique
712 1742 729 1761 ιι
743 1732 909 1769 patriarcha
938 1732 1014 1760 testi-

188 1782 350 1815 mari.Quid
366 1781 456 1817 ergo?
472 1781 565 1807 istum
581 1787 596 1806 e
611 1787 696 1806 sacra
710 1777 935 1813 congregatione
951 1785 1015 1812 pro-

187 1827 317 1859 iiciam,o
332 1823 572 1862 gloriosisissime
587 1821 739 1854 monache,
749 1829 782 1849 eo
797 1821 873 1856 quod
891 1829 947 1848 non
964 1821 1014 1848 ha-

188 1871 295 1903 buerit,
309 1869 387 1897 sicut
402 1877 464 1904 ego,
479 1871 507 1896 et
522 1867 600 1895 sicut
613 1869 656 1900 tu,
680 1866 795 1902 nigram
826 1868 947 1900 vestem,
963 1866 1013 1894 sed

187 1915 254 1943 nive
281 1912 502 1942 candidiorem?
532 1911 664 1944 Minime,
694 1911 744 1938 sed
773 1910 933 1938 orationem
951 1910 1014 1945 ejus

189 1959 373 1988 admitterem
389 1960 422 1985 ut
446 1955 605 1992 apostoloci
634 1955 698 1990 viri,
729 1954 795 1982 licet
824 1957 855 1981 tu
885 1954 958 1982 forte
984 1954 1013 1981 id

187 2002 426 2032 reformidesllic
442 2001 566 2035 enim,ut
580 2000 684 2036 loquar
698 1998 1014 2035 evangelice,utlilium

187 2049 313 2078 vestitus
328 2049 399 2081 erat,
415 2046 474 2075 sive
490 2048 523 2073 ut
539 2044 649 2081 fulgida
665 2043 834 2080 margarita.

1083 264 1206 299 θαῦματα
1235 262 1270 290 δι’
1296 263 1378 291 αὐτοῦ
1403 263 1532 300 ἐκτελεῖν,
1559 265 1641 292 ὁποῖα
1654 264 1738 294 πολλὰ
1763 266 1867 304 οἷ’διιμενς

1083 308 1115 336 Ei
1133 306 1161 334 δὲ
1177 309 1190 335 ὁ
1220 308 1292 335 οὕτω
1307 311 1399 347 φορῶν
1425 309 1524 347 ἐρυθρᾶ
1544 310 1651 346 ἱμάτια,
1677 311 1715 337 καὶ
1738 311 1796 349 πρὸς
1815 312 1868 339 κάλ-

1085 357 1133 383 λος
1150 351 1272 390 ἐνάρετον
1297 353 1487 391 ἐρευθόμενος,
1505 354 1590 386 ἐθέλει
1603 355 1646 382 καὶ
1675 355 1813 394 ὀφθαλμοὺς
1833 357 1870 384 ἁν-

1084 397 1200 433 θρώπων
1225 396 1375 432 λανῦάνειν,
1400 398 1445 425 καὶ
1469 399 1540 426 οὕτω
1563 399 1703 436 κρύπτεται
1725 400 1765 427 τὸν
1788 401 1871 438 ἀνθρω-

1083 441 1217 479 πύλεθρον
1244 443 1324 479 θῆρα,
1357 442 1405 470 οὐκ
1439 442 1480 478 ἂν,
1510 445 1599 480 οἶμαι,
1631 443 1686 472 οὐδ’
1713 444 1811 472 ἐνταῦθα
1833 446 1872 473 ὑπὸ

1083 488 1132 513 τοῦ
1147 487 1216 514 κατᾶ
1230 487 1293 514 Θεὸν
1311 485 1554 526 μελαμφοροῦντος
1571 487 1785 525 παρελαθήσεται.
1803 490 1873 521 Οὗτος

1084 531 1131 568 μὲν
1155 531 1217 568 γὰρ,
1247 531 1295 558 ὅσα
1310 531 1354 558 καὶ
1370 531 1450 559 Θολὸν
1468 531 1565 567 σηπίας
1582 532 1693 569 μέλανα,
1707 533 1736 560 τὸ
1749 536 1792 568 τῆς
1805 534 1874 571 χρόας

1084 575 1208 613 ἀμαυρὸν
1238 575 1397 613 περίκειται·
1428 577 1441 604 ὁ
1467 575 1504 611 δὲ,
1531 576 1581 604 ὅσα
1601 577 1645 604 καὶ
1659 577 1742 609 τευθὶς
1756 577 1875 615 δολώματι

1081 619 1186 658 ἐρυθρῷ
1198 620 1265 647 κατᾶ
1282 623 1384 655 ζωϊκῆς
1404 621 1523 660 ἱστορίας
1547 619 1673 661 ἔμφασιν,
1694 621 1819 660 ἐκφεύγειν
1839 623 1873 650 τὸν

1081 663 1263 702 ὀλοθρεύοντιο
1277 663 1398 694 δύναται.

1117 710 1165 746 ρξ’.
1191 709 1269 738 Ἀλλ’
1297 710 1390 746 ἐπειδή
1430 721 1464 746 με
1499 711 1530 738 τὸ
1559 710 1655 739 λευκὸν
1688 711 1724 740 ἔτι
1749 711 1876 750 περιέλκῑιν

1081 752 1166 781 ἐθέλει
1196 753 1241 781 διὰ
1254 755 1284 782 τὸ
1306 756 1364 782 κατ’
1392 754 1457 782 αὖτό
1480 756 1621 794 φωτεινὸν,
1646 754 1784 784 ἀναϐλέπω
1810 757 1876 785 πάλιν

1080 798 1118 829 εἰς
1146 798 1244 836 ἐκεῖνο,
1268 799 1312 826 καὶ
1343 801 1423 838 χάριν
1436 799 1517 827 αὐτοῦ
1533 801 1719 839 συγγράψομαι
1740 804 1793 832 τοῖς
1810 804 1876 839 φιλα-

1079 843 1240 880 κροάμοσιν,
1270 843 1285 871 ὅ
1309 845 1354 871 καὶ
1383 844 1435 882 ἐγώ
1461 855 1527 872 ποτε
1556 844 1637 881 εἶδον,
1656 845 1700 873 ὅτε
1722 846 1876 883 περιεπόλουν

1079 888 1127 921 τὴν
1159 887 1287 925 μεγίστην
1315 890 1363 915 τοῦ
1387 888 1506 924 πόλεων,
1523 889 1568 916 καὶ
1584 889 1630 916 σὺν
1647 889 1710 926 ἐμοὶ
1727 889 1804 927 λογὰς
1817 891 1878 927 ἱερω-

1077 931 1142 967 τάτη
1168 931 1272 967 ἐκεῖσε,
1313 933 1358 960 καὶ
1388 931 1485 965 λοιπὸς
1515 932 1544 961 δὲ
1575 934 1671 972 μυρίος
1700 934 1761 965 ὅσος
1788 934 1876 970 ὅμιλος.

1076 976 1157 1014 Εἶχεν
1188 978 1205 1011 ἡ
1222 979 1276 1004 τῶν
1305 979 1364 1009 καθ’
1393 979 1466 1014 ἡμᾶς
1493 977 1645 1013 ἐκκλησιῶν
1681 980 1769 1016 μήτηρ
1793 977 1817 1006 ἓν
1837 990 1878 1006 τινι

1076 1023 1163 1057 καιρῷ
1205 1021 1458 1060 συμπαρεδρεῦοντα
1494 1025 1533 1058 τῷ
1569 1024 1628 1050 κατ’
1668 1023 1749 1058 αὐτὴν
1779 1023 1878 1060 μεγίστῳ

1077 1065 1200 1102 ἀρχιερεῖ
1213 1066 1318 1093 καὶτὸν
1335 1066 1360 1093 ἐν
1378 1065 1565 1105 Ἀλεξανδρείᾳ
1596 1068 1680 1105 μέχρι
1703 1068 1746 1095 καὶ
1774 1068 1807 1098 εἰς
1832 1067 1879 1104 ἄρτι

1076 1109 1199 1147 πατέρων
1231 1110 1343 1148 πατέρα,
1371 1111 1417 1138 τὸν
1446 1112 1613 1148 ἡγιασμένον
1644 1112 1819 1150 Ἐλευθέριον·
1844 1112 1878 1138 καὶ

1075 1153 1246 1192 περιίσταντο
1262 1154 1362 1182 ἐκεῖνον
1393 1154 1474 1183 ἄλλοι
1490 1166 1518 1183 τε
1532 1158 1586 1183 τῶν
1603 1155 1796 1193 Ἀλεξανδρέων
1809 1155 1879 1184 110M-

1075 1207 1198 1236 χρωμοι,
1228 1198 1254 1226 ἐν
1285 1201 1327 1231 οἷς
1355 1200 1399 1227 καὶ
1431 1199 1589 1236 μονάζοντες
1606 1201 1730 1239 γεραραὶ,
1759 1200 1879 1238 ἀμπισγό·

1077 1253 1152 1279 μενοι
1182 1243 1304 1280 κοσμίως
1332 1244 1399 1271 κατᾶ
1432 1245 1494 1275 τοὺς
1520 1244 1546 1272 ἐν
1563 1246 1642 1281 ἡμῖν.
1661 1245 1712 1274 Καί
1726 1256 1767 1276 τις
1782 1244 1808 1272 δὲ
1828 1245 1881 1272 λειι-

1074 1287 1203 1326 κοφόρος,
1234 1288 1340 1324 ὑψηλὸς
1357 1288 1456 1320 ἐκεῖνος
1485 1289 1516 1316 τὸ
1544 1289 1698 1326 ἀνάστημα,
1728 1289 1881 1327 μελάγχροῡς

1077 1332 1124 1368 μὶν
1152 1330 1230 1368 ἰδεῖν,
1260 1332 1288 1360 ei)
1305 1331 1334 1360 at
1348 1337 1523 1371 χαρακτῆρος
1550 1332 1634 1371 ἔχων,
1667 1335 1712 1362 καὶ
1727 1335 1784 1365 θέας
1812 1334 1880 1369 ἄξιος·

1074 1375 1118 1403 καὶ
1135 1377 1151 1411 ἡ
1182 1374 1302 1411 ἀναϐολὴ
1332 1377 1406 1413 αὐτῷ
1420 1377 1509 1409 λίνεος
1525 1378 1622 1416 χιτὼν,
1640 1378 1771 1416 λάμπων,
1790 1378 1834 1406 ὅσα
1846 1377 1881 1405 καὶ

1074 1422 1141 1458 φῶς
1171 1421 1201 1448 οὗ
1228 1421 1260 1448 τὸ
1287 1425 1344 1454 καθ’
1370 1423 1444 1458 ἡμᾶς
1469 1422 1536 1460 βαθὺ
1563 1423 1609 1450 καὶ
1623 1423 1716 1451 πλατὺ
1732 1423 1882 1460 προκόλπιον

1073 1465 1241 1493 ἀπεστενωτο
1288 1466 1350 1503 περί
1389 1467 1434 1494 τὸν
1481 1467 1620 1504 ἀριστερὸν
1662 1469 1738 1505 ὦμον
1785 1467 1884 1505 ῒθαγεγεῖ

1071 1508 1176 1547 τρόπῳ·
1207 1509 1252 1537 καὶ
1281 1511 1312 1537 τὸ
1337 1510 1470 1548 κάλυμμα
1494 1510 1522 1538 δὲ
1548 1511 1622 1548 αὐτῷ
1636 1514 1689 1545 τῆς
1714 1512 1837 1551 κεφαλῆς,
1863 1511 1883 1547 ἐξ

1073 1555 1171 1590 ὀθόνης
1200 1559 1302 1593 μακρᾶς
1330 1557 1375 1584 καὶ
1405 1556 1508 1592 λεπτῆς
1533 1558 1577 1585 καὶ
1605 1557 1709 1594 λευκῆς
1734 1557 1883 1595 εἰλιγμένον,

1070 1596 1177 1627 ἔσκεπεν
1194 1600 1290 1635 αὐτὴν,
1319 1600 1430 1632 ἐθνικῶς
1455 1601 1500 1628 καὶ
1528 1601 1603 1630 αὐτό.
1624 1603 1679 1631 Καὶ
1704 1602 1845 1639 ἐθαύμαζον
1863 1602 1884 1628 ol

1071 1644 1186 1681 ὁρῶντες
1210 1645 1256 1672 τὸν
1289 1644 1440 1683 ἄνθρωπον.
1462 1648 1511 1673 Ἦν
1538 1646 1588 1684 γὰρ
1619 1646 1734 1683 ἀληθῶς
1757 1647 1839 1684 ὠμίας
1862 1645 1883 1673 ἓν

1068 1691 1127 1719 τοῖς
1147 1687 1212 1725 ἐκεῖ,
1237 1689 1281 1716 καὶ
1311 1689 1445 1727 ὑπεράνω.
1474 1691 1608 1726 Τεθηπὼς
1636 1691 1684 1719 οὖν
1707 1691 1753 1719 καὶ
1779 1691 1828 1729 ἐγὼ
1848 1691 1884 1717 τὸν

1069 1731 1285 1770 ἅνδρα,ἡρόμην
1314 1735 1367 1761 τῶν
1397 1741 1458 1762 τινα
1480 1736 1528 1762 τοῦ
1553 1734 1657 1762 καλοῦ·
1672 1735 1776 1764 ἐκείνου
1802 1736 1883 1772 ἀρχιε-

1070 1777 1148 1814 ρέως,
1165 1777 1237 1808 ὅστις
1265 1778 1326 1805 ποτ’
1349 1777 1379 1805 ἃν
1402 1776 1444 1813 εἷή
1471 1779 1485 1806 ὁ
1509 1779 1637 1817 προέχων
1669 1780 1772 1811 ἐκεῖνος
1794 1778 1886 1816 λευχεί-

1071 1831 1140 1857 μων.
1170 1821 1223 1849 Καὶ
1251 1819 1364 1858 ἔμαθον,
1389 1822 1430 1850 δτι
1459 1821 1683 1860 πρωτοὸιάκονος
1711 1824 1746 1859 ἥν
1769 1827 1817 1858 τῆς
1839 1824 1884 1850 τῶν

1068 1864 1269 1903 Ἀλεξανδρέων
1293 1866 1444 1902 καθολικῆς
1472 1867 1649 1903 Ἐκκλησίας,
1677 1869 1723 1896 καὶ
1740 1869 1776 1900 ὡς
1789 1867 1884 1895 πολλοῦ

1068 1912 1179 1945 τιμᾶται
1203 1913 1242 1947 τῷ
1265 1912 1432 1949 πατριάρχῃ’
1459 1911 1488 1939 Τί
1513 1911 1578 1946 οὖν;
1608 1912 1784 1948 ἑξουδενώσω
1799 1913 1885 1941 ἐκεῖνον

1067 1957 1118 1988 τῆς
1145 1955 1218 1992 ἱερᾶς
1247 1956 1419 1993 ὁμηγύρεως,
1450 1956 1472 1983 ὦ
1496 1955 1605 1984 κύδιστε
1636 1959 1756 1996 μοναχέ,
1787 1957 1824 1984 δτι
1853 1957 1883 1992 μὴ

1069 1999 1128 2025 κατ’
1156 1998 1204 2035 ἐμὲ
1216 1999 1260 2026 καὶ
1289 2001 1357 2027 κατὰ
1385 2001 1413 2028 σὶ
1431 2000 1602 2038 μελέγχιμον
1619 2002 1682 2040 εἶχε
1697 2002 1809 2037 στολὴν,
1826 2000 1887 2028 ἀλλὰ

1071 2041 1170 2077 λευκὴν
1212 2044 1278 2082 ὑπὲρ
1315 2045 1415 2082 χιόνας
1454 2046 1588 2082 Οὑμενονι
1619 2046 1696 2074 ἀλλὰ
1725 2045 1816 2085 ἔχοιμι
1844 2046 1884 2079 τήν

188 2093 289 2122 ἐκείνου
304 2092 400 2130 εὐχὴν,
415 2091 452 2121 ὡς
466 2088 648 2117 ἀποστολικοῦ
662 2086 769 2125 ἀνδρὸς,
801 2086 824 2114 εἴ
851 2087 895 2114 καὶ
925 2085 956 2113 σὺ
971 2086 1056 2123 τυχὸν
1074 2086 1162 2119 ὀκνεῖς
1176 2087 1251 2117 αὐτό.
1269 2088 1421 2117 Ἐνεδὲδυτο
1434 2091 1486 2128 γὰρ
1502 2091 1570 2118 κατά
1584 2101 1610 2118 τι
1623 2092 1719 2130 κρίνον
1737 2092 1781 2120 καὶ
1806 2090 1885 2123 αὐτὸς.

188 2137 371 2176 εὐαγγελικῶς
388 2135 483 2163 εἰπεῖν·
499 2133 554 2170 ἤδη
569 2133 598 2161 δὲ
611 2133 656 2161 καὶ
672 2132 739 2160 καιττό¹
755 2131 891 2169 λευκοφαῆ
910 2131 1060 2170 μάργαρον,

223 2184 284 2211 108.
301 2182 381 2216 Quod
399 2181 484 2209 nobis
500 2179 590 2208 semel
617 2178 762 2215 apparuit,
788 2178 887 2205 forsan
918 2176 1015 2205 simile

185 2231 230 2257 est
244 2227 374 2265 pulchrae
386 2226 467 2254 stolaa
483 2225 583 2257 Jacob,
600 2232 659 2259 qua
673 2231 740 2250 eum
757 2231 774 2249 ιι
789 2225 870 2258 patre
890 2221 1012 2249 benedi-

1107 2185 1160 2219 ρη¹.
1182 2181 1269 2210 Ἀλλᾶ
1291 2185 1371 2210 τοῦτο
1389 2184 1436 2220 μὲν
1464 2184 1563 2221 ἐσάπαξ
1585 2186 1654 2222 ἡμῖν
1673 2186 1737 2214 τότε
1752 2185 1886 2223 κατεφάνη,

1069 2227 1213 2264 παρεοικὸς
1243 2227 1309 2259 ἴσως
1336 2231 1370 2265 τῇ
1393 2228 1464 2266 καλῇ
1493 2230 1579 2257 στολά
1606 2233 1656 2258 τοῦ
1687 2228 1797 2264 Ἰακὼϐ,
1821 2230 1848 2264 ἣν
1869 2228 1884 2261 ἡ

184 2274 309 2301 cendum
325 2274 421 2299 mater
436 2270 566 2298 Rebecca
580 2268 728 2295 induerat.
749 2267 790 2294 Tu
807 2270 904 2294 autem
929 2265 1010 2293 nulla

1075 2271 1158 2308 ιήτηρ
1199 2271 1279 2302 αὐτὸς
1316 2270 1443 2300 Ῥεϐέκκα
1477 2273 1645 2311 περιέδυσεν,
1678 2274 1882 2313 εὐλογησόμενον

182 2326 214 2346 re
238 2317 295 2345 alia
318 2325 351 2344 ac
367 2315 460 2352 nigris
475 2313 656 2341 indumentis
672 2312 860 2347 conspicuus,
875 2319 927 2338 cur
942 2319 1008 2338 cum

183 2362 279 2389 divina
306 2362 420 2397 peragis
449 2363 478 2387 et
506 2362 562 2386 Deo
593 2357 790 2393 propinquas,
817 2355 1011 2383 circumdaris

182 2406 251 2433 lana
267 2405 365 2438 rubra,
381 2409 408 2432 et
423 2405 489 2432 alba
504 2412 538 2431 ex
552 2402 678 2430 maxime
695 2403 787 2436 parte,
814 2402 1010 2435 sanctumque

183 2451 317 2484 torquem
347 2450 405 2476 fere
434 2448 582 2482 floridum,
614 2455 685 2474 auro
714 2445 901 2481 insignitum,
927 2447 954 2472 et
979 2444 1008 2471 in

184 2493 310 2529 longans
334 2493 467 2521 ﬁmbrias
482 2492 689 2520 desinentem?
703 2493 736 2518 Et
751 2490 827 2525 quod
843 2489 939 2524 majus
954 2491 1009 2523 est,

185 2547 254 2567 cum
287 2537 317 2565 in
350 2537 561 2565 hierarchicam
595 2535 806 2564 sublimitatem
840 2534 1009 2567 uscendisti,

185 2591 273 2620 quam
299 2581 393 2610 multo
418 2589 484 2610 cum
504 2582 607 2609 ardore
622 2578 855 2616 persequebaris,
870 2586 956 2613 quam
973 2579 1010 2606 ob

183 2636 304 2658 causam
320 2626 425 2655 stolam
442 2634 554 2654 sacram
571 2625 668 2653 induis
685 2624 826 2660 fulgidam
855 2625 884 2649 et
912 2621 1010 2658 splen-

183 2675 299 2703 dentem
326 2670 496 2708 margaritis
521 2669 670 2706 lapidibus
685 2668 821 2705 pretiosis
836 2675 923 2703 quam
939 2675 1008 2695 con-

217 2755 272 2792 (tQ)
301 2753 386 2789 Sepia
402 2751 458 2792 Δ(ια
484 2752 571 2782 séche)
596 2753 645 2792 est
672 2749 806 2792 quaedam
837 2748 1008 2792 polyporum

183 2784 305 2830 species,
321 2784 384 2826 quia
398 2784 555 2830 humorem
573 2787 655 2830 nigri)
662 2784 688 2813 ni
705 2788 741 2830 de
756 2793 877 2820 corpore
891 2784 1010 2824 emittit.

185 2822 283 2861 Lbiigo
309 2822 351 2854 est
378 2825 469 2853 altera
498 2823 669 2852 eorumdem
696 2822 868 2858 polyporum
899 2822 1012 2856 species

1066 2315 1118 2342 ὑπὸ
1131 2318 1179 2342 τοῦ
1208 2317 1319 2354 πατρός·
1349 2317 1380 2344 σὺ
1409 2316 1437 2345 δὲ
1453 2319 1466 2345 ὁ
1482 2317 1566 2354 μηδὲν
1597 2318 1671 2347 ἄλλο
1703 2317 1883 2356 σεμνὸςῆτήν

1067 2359 1207 2395 μελανίαν,
1237 2361 1263 2388 τί
1289 2360 1321 2396 δή
1348 2372 1423 2395 ποτε,
1442 2363 1485 2389 ὅτε
1500 2364 1533 2390 τὰ
1548 2364 1606 2390 θεῖα
1621 2363 1805 2403 λειτουργεῖς,
1830 2363 1884 2398 ὁμι-

1066 2403 1123 2432 λῶτ
1137 2407 1177 2441 τῷ
1193 2407 1259 2442 Θεῷ,
1288 2406 1362 2444 ιρὲαν
1387 2407 1499 2445 ἐρυθρὰν
1525 2406 1698 2447 περιϐάλλῃ,
1723 2409 1770 2437 καὶ
1798 2407 1884 2440 λευκὴν

1066 2447 1094 2476 δὲ
1113 2449 1146 2476 τὰ
1173 2449 1271 2485 πλείω,
1299 2451 1344 2478 καὶ
1367 2452 1398 2479 τὸ
1433 2452 1654 2490 περιτραχήλιον
1686 2455 1765 2491 ἅγιον
1792 2453 1884 2480 ἄνθινον

1064 2493 1225 2531 περίκεισαι,
1259 2495 1304 2523 καί
1338 2506 1391 2523 που
1429 2499 1525 2534 χρυσῷ
1562 2508 1818 2535 καταπεπασμενον,
1848 2494 1885 2523 καὶ

1066 2538 1104 2570 εἰς
1132 2539 1303 2577 κροσσωτοὺς
1329 2540 1472 2579 ἀπολῆγον
1499 2539 1722 2579 περιϐλὲπνουςς
1748 2543 1783 2570 Τὸ
1807 2541 1833 2569 δὲ
1857 2539 1884 2573 δὴ

1067 2585 1170 2619 μεῖζον·
1197 2583 1241 2611 ὅτε
1265 2584 1308 2612 καὶ
1335 2585 1366 2613 σὺ
1402 2583 1566 2624 πρασαὸήσῃ
1595 2587 1622 2619 ἐς
1662 2588 1734 2625 ὕψος
1769 2588 1886 2625 ἀρχιερα-

1064 2629 1150 2664 τικὸν¹
1181 2628 1195 2656 ὃ
1217 2628 1366 2667 πολλοιχοῦ
1381 2631 1559 2668 πραγματεύῃ
1586 2631 1654 2659 κατὰ
1686 2631 1810 2666 σπουδὴν
1825 2629 1884 2657 πολ-

1066 2671 1124 2706 λὸν,
1155 2671 1226 2700 διατί
1253 2672 1367 2711 ἐπενδύῃ
1391 2673 1518 2711 λαμπρὰν
1549 2674 1650 2709 στολήν
1672 2675 1760 2713 ἱερὰν,
1775 2675 1818 2702 καὶ
1833 2672 1884 2701 οἵαν

1066 2761 1129 2788 quae
1158 2754 1304 2794 exagitata
1333 2755 1424 2794 rubro
1450 2764 1522 2791 puro
1547 2764 1638 2792 aquas
1655 2756 1756 2792 tingit,
1774 2761 1885 2791 neque!

1065 2791 1309 2825 persequentibus
1326 2791 1449 2827 aufugit.
