2018 3158
176 193 234 222 81Ἶ

684 195 735 225 DE
757 195 1003 225 EMENDANDA
1024 195 1116 225 VITA
1142 194 1378 226 MONACHICA.

1822 190 1881 222 8l8

176 257 221 286 διὰ
245 258 275 286 τὸ
299 258 499 297 περιμάργαρον
527 259 571 287 καὶ
599 259 744 288 κατάλιοον
775 258 974 289 ἀποϐλέπεσθαι

1055 261 1143 289 cessit
1156 261 1206 297 jus
1222 261 1406 295 canonicum,
1423 259 1469 287 bis
1484 259 1556 287 velis
1571 257 1772 286 materiallbus
1785 264 1879 286 secre-

174 303 223 331 Ἦν
253 304 267 330 ὁ
295 304 375 341 ὀρθὸς
399 304 486 332 κανὼν
516 302 655 338 ἐπιδέδωκε,
680 303 880 343 προκαλύπτων
908 305 1002 340 αἰσθη-

173 351 232 378 τοῖς
260 347 367 379 τούτοις
395 349 619 386 παραπετάσμασι
649 350 785 388 μυστήρια
810 350 1000 389 κρύφνα,συν-

177 390 437 430 επιλαμϐανομένης
464 404 489 420 τι
514 393 649 426 κάνταῦθα
681 398 730 429 τῆς
762 394 910 432 κορυφαίας
939 393 999 422 λευ-

175 438 291 472 κότητος
321 437 346 465 ἐν
384 438 436 474 σοὶ,
466 439 526 470 καθ’
553 439 584 472 ἣν
619 441 766 474 τηνικαῦτα
798 441 1000 478 καινοπραγεῖς,

175 481 387 519 έλλαμπόμενος
415 482 549 521 ἀνθηρῶς.
579 483 685 511 Πολλοὶ
714 484 766 522 γὰρ
799 486 852 512 τῶν
879 485 946 511 κατὰ
973 484 1002 511 σὲ

174 527 337 564 θεωροῦνται
365 527 578 566 ἀνεπισφαλῶς,
604 529 659 564 ἅμα
700 528 843 557 ἐπίσκοποι
873 528 915 556 καὶ
945 529 1002 565 ἅμα

175 569 279 607 λευκοὶ,
293 572 342 606 τὴν
369 571 469 608 σκέπην
499 576 550 607 τῆς
579 572 711 612 κεφαλῆς.
728 574 793 602 Ὅτε
811 573 855 601 καὶ
882 572 951 601 ἔττιν
966 573 1002 600 εἲ-

173 618 232 643 πεῖν
261 616 292 643 τὸ
316 618 440 644 τοιοῦτον
469 617 506 647 ὡς
533 618 590 644 οἷον
617 617 731 655 πρέμνῳ
758 617 854 654 μέλανι
880 627 1000 655 προσπε-

173 662 286 698 φυκυῖαν
316 657 460 697 ἐμϐολάδα
487 661 595 696 λευκήν.
626 661 674 689 Καὶ
709 662 771 689 τότε
806 660 839 697 δὴ
869 662 1000 699 ἀγαπῴης

1058 310 1084 334 ta
1109 305 1247 342 mysteria.
1271 305 1462 338 obumbrans,
1487 306 1515 331 et
1541 303 1613 331 hanc
1640 303 1804 330 nlbedinem
1828 304 1879 329 tuo

1056 351 1142 387 capiti
1167 350 1340 387 superaddis
1364 352 1433 377 tunc
1458 348 1551 384 primo
1577 350 1759 383 usurpatam,
1782 351 1809 374 et
1831 347 1879 382 ju-

1056 396 1151 424 cunde
1175 395 1325 431 refulges?
1348 393 1430 422 Multi
1451 393 1528 421 enim
1554 393 1616 420 sine
1631 391 1720 420 dubio
1744 392 1880 420 videntur

1052 440 1137 476 juxta
1153 442 1181 468 te
1196 439 1284 468 simul
1300 439 1428 475 episcopi
1441 440 1469 466 et
1485 438 1554 471 albi,
1572 437 1668 473 quoad
1686 436 1788 472 capitis
1799 444 1880 472 oper-

1056 485 1175 513 torium.
1197 485 1278 512 Istud
1295 483 1392 514 simile
1407 483 1471 511 albo
1497 483 1614 510 surculo
1630 482 1659 509 in
1683 481 1780 509 radice
1796 481 1880 517 nigra

1055 529 1144 557 insito
1159 529 1216 557 dici
1233 531 1340 565 posset.
1365 529 1447 556 Tunc
1464 528 1535 555 forte
1558 529 1669 563 patrem
1686 528 1771 554 antea
1786 525 1879 553 odibi-

1055 573 1112 601 lem
1142 573 1279 610 diligeres
1308 573 1384 601 sicut
1412 572 1539 608 teipsum
1570 571 1639 606 (imo
1668 570 1763 606 magis
1791 577 1879 606 quam

1054 620 1104 652 te),
1120 618 1267 654 siquidem
1291 617 1429 653 imposito
1451 616 1538 652 capiti
1562 615 1646 651 signo
1671 615 1807 651 subjecti,
1835 614 1879 642 ni-

1055 671 1140 699 grum
1157 662 1288 691 detrudis
1309 662 1386 698 quod
1403 661 1512 697 primas
1528 661 1625 696 partes
1639 659 1776 688 habebat.

173 703 203 731 ἂν
232 704 278 732 τὸν
306 705 370 742 πρὶν
403 705 529 741 μισητὸν,
556 708 657 740 παπᾶν,
687 706 754 733 καθὰ
781 706 824 733 καὶ
854 706 962 733 σεαυτὸν
990 706 1096 742 (μήπου
1126 705 1154 733 δὲ
1181 706 1224 733 καὶ
1253 705 1290 736 εἰς
1316 705 1423 741 πλέον),
1439 703 1492 742 ε’ίγε
1519 703 1551 731 τὸ
1579 703 1638 731 κατ’
1657 702 1739 730 αὐτὸν
1769 702 1877 740 ὕστερον

174 746 313 784 σύμϐολον
327 748 439 786 ὕπερθεν
453 751 505 782 τῆς
519 749 642 787 κεφαλῆς
659 749 781 786 θέμενος,
802 748 974 785 ὑποϐιϐάζεις
990 750 1022 778 τὸ
1034 751 1261 788 προηγησάμενον
1279 749 1372 786 μέλαν.

209 802 257 839 ρθ’.
287 802 516 839 Ηροσεπιτούτοις
545 801 681 830 ἀναϐαίνω
717 803 898 840 ἐπελευστικῷ
925 803 999 842 λόγῳ

172 847 217 873 καὶ
233 845 271 878 είς
284 847 318 874 τὰ
337 850 386 882 τῆς
414 847 485 878 θείας
514 846 618 883 ἐκείνης
637 852 738 883 σκηνῆς
766 849 927 884 τυπώματα,
957 850 998 880 οἷς

174 889 239 928 δίχα
253 901 284 928 γε
303 892 352 918 τοῦ
377 891 570 929 ἀρχιερατικοῦ
595 891 754 924 πολυτελῶς
781 892 926 920 ποικιλτοῦ
951 903 998 920 πε-

173 932 347 972 ριϐλήματος
380 935 425 962 καὶ
466 936 498 963 τὸ
541 935 718 973 ἐρυθρόδανον
755 935 936 965 συνεϐάλλετο
971 949 999 965 τι

172 978 386 1016 καλλωπισμοῦ,
398 980 442 1007 καὶ
458 980 544 1008 ὁπόσα
559 979 587 1008 δὶ
602 980 674 1008 ἄλλα
697 981 743 1008 τὸν
773 981 846 1019 ἱερὸν
873 982 1000 1020 συνεκρό-
1015 993 1038 1026 Β

171 1033 212 1051 τει
240 1024 353 1061 κόσμον,
369 1025 479 1063 χροίαις
507 1024 647 1064 διαφόροις
676 1026 873 1065 προφαίνοντα·
903 1026 929 1053 ἐν
958 1028 999 1058 οἷς

172 1068 317 1107 ἀναθεωρῶ
336 1069 381 1096 καὶ
409 1068 517 1105 τιμίους
547 1069 640 1101 λίθους
668 1069 843 1108 πολοχρόους
870 1070 996 1106 ἐκείνους,

172 1113 210 1140 ὦν
240 1113 290 1140 οὐκ
317 1112 376 1140 οἶδα
405 1112 432 1140 εἷ’
455 1124 497 1144 τις
539 1114 573 1148 ἦν
615 1113 788 1152 μελαναυγὴς
815 1115 841 1146 ές
871 1114 996 1152 ἄκρατον.

172 1157 303 1193 ’Δκο·5εις,
319 1156 372 1193 ἤδη
390 1156 419 1185 δὲ
432 1157 476 1186 χαὶ
501 1157 588 1193 οιδαις,
605 1159 644 1190 ὡς
670 1158 695 1186 ἐν
727 1159 779 1197 βίῳ
804 1160 996 1197 στρεφόμενος,

172 1199 250 1228 λίθον
266 1201 394 1239 ἄνθρακα,
411 1203 440 1234 ὃς
469 1204 504 1238 τῇ
523 1203 591 1240 πρὸς
621 1203 764 1242 ἐμφέρειαν
791 1204 938 1240 ὁμωνυμίᾳ
966 1204 997 1232 οὐ

170 1244 305 1282 ψεύδεται.
323 1245 446 1283 Τοῦνομα
473 1246 565 1285 ἔγνως.
597 1248 648 1276 Καὶ
677 1248 835 1285 σάπφειρον,
865 1247 921 1276 οὐδ’
947 1249 996 1276 αὐ-

168 1289 215 1317 τὸν
245 1290 368 1328 ἀμαυροῦ
399 1292 548 1329 χρώματος
575 1289 714 1326 ὅντα,οὐκ
742 1292 857 1330 ἀγνοεῖς·
875 1291 939 1321 οὐδὲ
965 1294 997 1321 τὸ

169 1333 304 1372 λιγύριον,
330 1334 382 1369 ἡδὺ
421 1335 467 1372 μὲν
497 1336 555 1362 οἷον
585 1334 770 1372 προσμειδιῶν
798 1339 856 1367 τοῖς
885 1337 996 1374 ὁρῶσιν,

169 1378 380 1415 ἀπαναινόμενον
398 1378 427 1407 δὲ
452 1381 504 1414 τήν
529 1379 657 1417 μελανίαν
685 1380 730 1408 καὶ
754 1379 829 1409 αὐτό.
847 1382 889 1410 Ἐν
917 1381 996 1418 κοιλῷ

168 1426 254 1450 κεῖται
284 1423 371 1461 λόγου
397 1427 456 1455 τοῖς
486 1425 574 1462 ἁγίοις
601 1426 718 1462 γράψασι
747 1425 792 1452 καὶ
818 1426 832 1453 ὁ
857 1427 996 1464 πρασίζων

169 1466 257 1503 λίθος,
274 1468 303 1499 ὃς
331 1467 366 1495 δι’
381 1469 446 1496 αὐτὸ
473 1469 518 1496 καὶ
548 1469 678 1507 χλοάζιιν
699 1469 801 1508 λέγοιτ’
826 1469 867 1498 ἄν.
884 1471 994 1508 Ἀγαθοὶ

167 1513 217 1546 τὴν
234 1512 318 1551 χρόαν
333 1513 377 1540 καὶ
393 1514 419 1540 οἱ
442 1514 554 1552 καθαροὶ
585 1511 683 1541 διϐινοὶ
711 1513 793 1551 λίθοι,
806 1514 852 1545 οὒς
876 1515 890 1541 ὁ
910 1515 993 1551 ἑλλη-

168 1556 247 1591 νίζων
292 1557 330 1588 εἰς
373 1555 534 1594 οίνοχρὸους
575 1555 788 1594 μεταλαμϐάνει.
818 1556 951 1586 Βέϐαπται
979 1560 993 1587 ὁ

167 1601 269 1639 χρυσὸς
283 1601 351 1639 πρὸς
366 1601 484 1639 ὠχρίαν,
499 1601 601 1638 λάμπει
618 1600 647 1629 δὲ
660 1601 753 1633 ἄλλως
768 1602 812 1630 καὶ
829 1602 866 1635 εἷς
881 1602 990 1639 ἡλιώδη

167 1646 229 1677 θέαν
255 1645 388 1683 ἀνάγεται·
405 1647 449 1673 καὶ
480 1646 637 1683 σεμνύνεται
667 1646 752 1678 οὕτως
773 1647 788 1674 ὁ
805 1648 908 1686 ὦχρος,
925 1649 992 1686 πρὸς

166 1689 196 1717 ’ὸν
225 1693 330 1726 σεμνῶς
359 1690 404 1718 καὶ
431 1690 462 1718 τὸ
493 1691 631 1727 ἀρσενικὸν
658 1691 813 1729 κέχρωσται
843 1692 990 1730 μέταλλον,

166 1734 210 1761 καὶ
227 1735 294 1761 ἅπαν
307 1733 335 1761 δὲ
350 1737 453 1772 χρῶμα
467 1735 572 1773 mea»,
591 1734 645 1771 ἤδη
675 1734 704 1762 δὲ
732 1735 777 1763 καὶ
800 1736 831 1763 τὸ
847 1736 914 1764 κατὰ
940 1737 990 1772 τήν

167 1777 339 1816 ἀνθρωπίνην
368 1778 467 1806 πλάσιν
496 1780 617 1814 ξανθῖζον
644 1783 693 1814 τῆς
714 1779 815 1818 χολῆς.
832 1781 864 1808 Εἰ
893 1780 922 1808 δί
945 1782 991 1809 καὶ

165 1822 196 1850 τὸ
226 1821 309 1860 μέλαν
335 1823 419 1858 αὐτῆς
459 1824 476 1858 ἡ
505 1825 564 1851 καθ’
591 1825 665 1860 ἡμᾶς
691 1824 792 1856 πλάσις
819 1824 899 1860 οἶδεν,
930 1825 989 1854 ἰδοὺ

160 1867 239 1906 φύσις
263 1867 440 1906 ὲπιταχθεῖσα
471 1869 610 1906 παρήγαγε
636 1869 682 1906 μὲν
706 1869 751 1896 καὶ
777 1869 858 1897 αὖτύ·
885 1869 935 1898 οὐκ
960 1870 990 1898 ἂν

1091 805 1151 833 109.
1179 807 1319 832 Praeterea
1345 803 1450 837 testino
1476 811 1611 830 sermone
1635 802 1755 830 devenio
1783 802 1819 829 ad
1845 810 1879 830 ea

1054 857 1147 876 scenas
1156 851 1262 876 sancta:
1272 849 1453 879 indumenta,
1461 848 1568 882 quibus
1580 849 1611 874 ut
1621 847 1755 874 omittam
1769 849 1877 874 vestem

1054 893 1264 921 hierarchicam
1272 896 1300 921 et
1309 892 1462 929 magniﬁce
1470 892 1777 926 distinctam,rubrum
1789 891 1877 918 etiam

1054 938 1171 974 aliquod
1187 938 1276 965 decus
1301 938 1436 970 addebat,
1462 939 1547 972 atque
1571 937 1606 964 ad
1630 936 1742 972 reliqua
1764 935 1877 964 cultum

1054 990 1171 1010 sacrum
1187 981 1381 1013 conﬁcientia,
1398 984 1426 1009 et
1449 980 1596 1009 coloribus
1619 980 1707 1008 variis
1723 979 1874 1014 insignita.

1053 1029 1132 1054 inter
1146 1035 1180 1054 ea
1194 1026 1306 1063 lapides
1327 1026 1437 1061 aspicio
1462 1025 1606 1062 pretiosos
1621 1027 1650 1053 et
1664 1023 1874 1057 multicolores,

1053 1071 1104 1107 qui
1137 1079 1174 1099 an
1208 1071 1333 1106 perfecta
1369 1070 1486 1106 nigritie
1523 1069 1728 1105 resplendeant
1765 1069 1874 1096 nescio.

1053 1115 1145 1143 Audis
1159 1118 1187 1143 et
1202 1115 1279 1143 nosti
1294 1115 1393 1150 etiam,
1410 1115 1494 1150 quasi
1507 1114 1605 1141 vivens
1627 1113 1656 1141 in
1672 1112 1789 1148 saeculo,
1800 1111 1874 1149 lapi-

1052 1160 1119 1187 dem
1139 1153 1368 1193 carbunculum,
1388 1159 1473 1194 cujus
1497 1166 1602 1186 nomen
1627 1166 1661 1185 ex
1682 1157 1876 1185 similitudine

1052 1205 1171 1232 ductum
1196 1213 1254 1232 non
1279 1203 1362 1232 fallit.
1388 1203 1499 1231 Nomen
1525 1202 1697 1238 cognovisti.
1717 1202 1876 1238 Sapbirum

1052 1249 1139 1276 etiam
1152 1249 1277 1276 obscuro
1303 1247 1398 1276 colore
1422 1256 1478 1276 non
1501 1247 1637 1275 vestitum
1663 1255 1720 1275 non
1736 1247 1875 1283 ignoras;

1052 1301 1145 1329 neque
1173 1293 1313 1329 ligurium
1339 1292 1477 1328 lapidem,
1503 1292 1554 1328 qui
1583 1291 1768 1319 intuentibus
1791 1290 1877 1318 dulce

1051 1338 1194 1374 subridet,
1208 1340 1237 1366 et
1252 1337 1400 1374 nigritiem
1425 1336 1588 1364 abscondit.
1615 1335 1740 1364 Pulchra
1754 1344 1771 1363 ι
1783 1334 1876 1363 sacris

1050 1383 1219 1410 auctoribus
1235 1382 1270 1410 de
1284 1381 1382 1418 lapide
1405 1389 1570 1417 porreaceo,
1586 1380 1637 1416 qui
1652 1381 1688 1408 ob
1705 1380 1779 1408 hanc
1805 1388 1874 1408 cau-

1050 1435 1113 1454 sam
1129 1427 1271 1455 virescere
1295 1429 1371 1454 recte
1397 1426 1535 1454 creditur.
1551 1425 1673 1461 Egregio
1697 1425 1792 1453 colore
1807 1424 1874 1461 puri

1049 1470 1162 1507 lapides
1185 1471 1287 1503 divini,
1313 1479 1387 1507 quos
1409 1470 1500 1498 Graaci
1522 1470 1551 1497 in
1576 1469 1720 1496 vinarium
1744 1468 1872 1496 colorem

1049 1518 1258 1544 transmutant.
1272 1517 1381 1543 Aurum
1392 1515 1419 1542 in
1436 1515 1555 1542 ochram
1566 1513 1699 1550 tingitur,
1712 1513 1795 1541 aliter
1805 1521 1871 1540 vero

1048 1560 1136 1593 lucet,
1153 1562 1180 1588 et
1196 1560 1286 1596 fulget
1311 1559 1387 1587 sicut
1402 1558 1444 1587 sol
1462 1567 1468 1586 :
1487 1559 1529 1586 sic
1544 1558 1662 1586 ochram
1682 1557 1871 1592 demiramur,

1048 1606 1082 1633 ad
1108 1614 1197 1641 quam
1228 1606 1326 1641 ipsum
1352 1604 1415 1632 auri
1444 1604 1627 1640 pigmentum
1656 1602 1816 1638 pingimus,
1839 1610 1872 1630 ac

1048 1659 1164 1678 omnem
1188 1650 1295 1677 ﬂavum
1319 1649 1456 1684 colorem,
1472 1649 1532 1676 imo
1555 1650 1584 1676 et
1606 1647 1695 1675 bilem
1720 1647 1824 1674 ﬂavam
1840 1647 1872 1675 in

1049 1693 1166 1721 homine
1182 1697 1319 1720 creatam.
1345 1692 1373 1719 Si
1390 1692 1504 1728 nigram
1527 1700 1591 1719 eam
1607 1690 1715 1719 ereatio
1739 1690 1769 1717 in
1787 1690 1871 1718 nobis

1046 1738 1219 1771 eti'ormavit,
1244 1745 1307 1765 eam
1336 1739 1430 1765 mutat
1459 1738 1564 1764 natura
1592 1735 1695 1772 lapsa;
1721 1743 1779 1763 non
1805 1734 1871 1762 ideo

1046 1782 1261 1810 contemnenda
1276 1784 1345 1810 sunt
1368 1780 1487 1817 similia,
1503 1780 1560 1809 nisi
1577 1779 1706 1817 aliquam
1721 1779 1869 1815 vitupera-

1045 1828 1154 1856 tionem
1170 1829 1299 1855 meretur
1314 1826 1349 1854 ad
1369 1830 1495 1862 tempus,
1512 1826 1536 1854 si
1552 1825 1728 1854 creationem
1745 1823 1868 1852 minoris

1045 1871 1123 1900 facit.

161 1910 189 1939 δὶ
219 1910 318 1947 δήπου,
348 1913 385 1944 ὡς
412 1913 458 1940 καὶ
484 1914 703 1951 κατακαυχᾶσθαι
731 1916 785 1941 τῶν
818 1913 964 1951 ὁμοειδῶν·
982 1914 1005 1943 εἰ
1035 1916 1073 1952 μὴ
1105 1915 1156 1954 ἄρα
1181 1916 1226 1944 καί
1242 1926 1267 1943 τι
1292 1915 1422 1952 μέμψεως
1438 1912 1496 1953 ἔχει
1529 1915 1613 1942 πλέον
1642 1913 1680 1946 εἷς
1708 1913 1814 1951 καιρὸν,
1843 1911 1866 1940 εἰ

157 1955 391 1985 καταναιδεύσεται
404 1960 452 1985 τοῦ
466 1957 639 1994 πλάσματος.

189 2010 310 2047 ρι’.Εῗσὶ
341 2011 385 2038 καὶ
410 2010 436 2038 έν
474 2014 532 2042 τοῖς
568 2012 631 2049 περὶ
662 2011 774 2050 οὐρανὸν
811 2012 984 2049 πυῤῥάζοντά

151 2065 212 2082 τινα
240 2056 376 2095 νέφη,καὶ
407 2054 486 2094 ἕτερα
515 2055 614 2091 λευκήν
644 2056 730 2094 χρόαν
758 2054 980 2095 προϐεϐλημένοι,

153 2098 208 2137 οὐχ
224 2099 295 2127 οὕτω
312 2098 341 2127 δὲ
354 2099 441 2127 πολὺν
458 2098 541 2138 φόϐον
571 2100 639 2128 αὐτὰ
665 2100 855 2138 προΐσχονται,
872 2101 908 2131 ὡς
937 2102 982 2129 ὅτε

152 2143 232 2182 νέφος
263 2144 347 2181 μέλαν
373 2145 512 2177 πυκνωθὲν
538 2144 660 2184 ἐκνεφίαν
685 2143 777 2172 ὠδίνει
802 2145 979 2184 φθοροποιόν.

149 2189 183 2227 ’ῼ
199 2187 233 2222 δὴ
249 2190 322 2227 νέφει
339 2190 378 2226 μὴ
394 2188 498 2227 γένοιτό
527 2200 556 2216 σε
579 2189 763 2227 παρεοικέναι,
780 2190 904 2226 ἄνθρωπε
931 2192 979 2217 τοῦ

151 2235 228 2267 Θεοῦ,
247 2233 316 2271 μέγα
333 2233 517 2271 μοναχὶ,ἆλλ’
532 2232 609 2272 ἔχοις
625 2234 686 2261 νοῦν
705 2233 733 2261 ἐκ
748 2236 814 2262 Θεοῦ
826 2233 978 2272 κρείττονα,

149 2276 220 2315 ἤπερ
250 2277 295 2305 ὅτε
323 2278 486 2317 ἀνεστρέφου
510 2277 536 2306 έν
568 2277 630 2316 βίῳ“
647 2278 692 2306 καὶ
712 2278 821 2315 ἀγαπῶν
838 2279 868 2306 τὸ
892 2278 918 2306 ἐν
935 2280 977 2306 σοὶ

154 2321 250 2358 μέλαν,
261 2323 330 2354 καθὰ
345 2320 426 2359 ἔοικε,
443 2322 593 2357 πλουτοίης
609 2321 704 2351 πλεῖον
720 2323 803 2351 αὐτοῦ
827 2324 858 2351 τὸ
879 2334 976 2362 φωτει-

149 2364 205 2391 νόν·
222 2366 266 2392 καὶ
283 2366 320 2398 ὡς
335 2366 365 2394 έκ
381 2366 510 2404 σιδήμου,
530 2366 645 2404 μέλανος
674 2368 781 2398 πάντως
809 2369 853 2395 καὶ
882 2368 976 2405 αὐτοῦ,

148 2408 174 2436 ἐν
189 2410 351 2447 παρατρίψει
370 2412 431 2449 βίου
446 2412 574 2449 τραχέος,
591 2411 640 2440 ὅσα
662 2412 708 2439 καὶ
729 2411 870 2450 πυρίτιδος
898 2412 975 2440 Λίοου

147 2451 348 2492 πυρεκϐολοίης
387 2455 571 2493 ὲκπυρηνίζων
613 2456 769 2494 σπινθῆρας,
800 2455 835 2484 δι’
864 2458 901 2484 ὧν
934 2457 975 2492 ἐξ·

147 2498 291 2526 ανάπτεται
321 2498 388 2538 φλὸξ
415 2502 473 2536 Θεῷ
499 2501 647 2538 ἀρέσκουσα
662 2501 700 2533 εἰς
727 2501 900 2538 ἀποτέλεσμα
929 2507 976 2534 θυ-

146 2543 205 2575 σίας
235 2544 398 2581 έσπερινῆς’
420 2545 511 2576 θυσίας
539 2545 767 2585 ἀνωφορουμένης
795 2545 839 2573 διὰ
867 2548 921 2574 τῶν
947 2546 974 2575 έν

146 2588 187 2615 σοὶ
205 2588 273 2616 κατὰ
289 2587 375 2626 σάρκα
390 2588 540 2627 ἐνεργειῶν,
557 2588 602 2617 ὅτε
625 2593 766 2628 νεκροῦται
796 2590 836 2626 τῷ
865 2590 973 2628 κόσμῳ,

148 2631 187 2664 εἲς
200 2633 246 2660 τὸν
263 2635 401 2670 Ὕψιστον·
421 2633 564 2671 ἐσπερινῆς
589 2632 634 2661 διὰ
660 2635 691 2662 τὸ
719 2634 748 2662 lx
777 2635 839 2672 βίου
853 2637 973 2672 κρυπτοῦ

146 2676 189 2704 καὶ
207 2677 277 2706 οὕτω
305 2678 434 2716 νυκτέρου
463 2678 564 2716 τρόπον
592 2678 653 2706 τινὰ
677 2678 722 2706 καὶ
738 2679 850 2717 ἐσπέρον
879 2680 973 2718 προϊέ-

145 2731 185 2748 ναι
202 2725 381 2760 φωτοφανῶς.

182 2770 241 2803 ριαῖ
261 2766 298 2794 Σὺ
313 2765 342 2795 δὲ
357 2766 429 2795 ἀλλᾶ
444 2767 474 2794 τὸ
488 2770 538 2801 τῆς
563 2767 720 2806 ἀμφιάσεως
751 2768 833 2805 μέλαν
862 2768 907 2796 καὶ
933 2769 970 2801 είς

145 2809 364 2848 ἀπαρῥησιάστου
390 2814 462 2846 ζωῆς
478 2809 591 2849 ἐκδέχου
613 2809 766 2848 σύμϐολον,
780 2813 825 2840 καὶ
850 2817 901 2848 τῆς
926 2813 970 2841 ἰν-

144 2856 235 2887 τεῦθεν
263 2855 443 2895 ἐπικρύψεως.
472 2855 617 2893 Μέμνησαι
642 2857 704 2895 γὰρ,
732 2857 818 2895 οἶμαι,
848 2857 889 2886 ὅτι
914 2869 970 2886 κει-

1076 2015 1136 2042 110.
1152 2015 1257 2042 Videre
1272 2017 1317 2043 est
1332 2015 1363 2043 in
1379 2015 1461 2043 cmlis
1484 2014 1629 2050 quasdam
1655 2013 1749 2041 nubes
1765 2012 1864 2040 rubes-

1038 2062 1147 2093 centes,
1163 2061 1191 2087 et
1214 2059 1287 2087 alias
1312 2059 1412 2087 album
1438 2059 1564 2087 colorem
1590 2058 1785 2093 praeferentes,
1801 2064 1864 2091 quas

1037 2105 1150 2131 tantum
1177 2103 1312 2131 timorem
1342 2111 1400 2131 non
1424 2103 1572 2138 injiciunt,
1600 2103 1744 2138 quantum
1770 2100 1864 2128 nubes

1035 2147 1124 2182 nigras
1139 2149 1167 2174 et
1182 2147 1345 2181 condensae,
1357 2155 1421 2182 quae
1437 2146 1595 2182 procellam
1612 2149 1640 2173 et
1652 2145 1749 2172 nivem
1764 2147 1864 2180 partu-

1034 2190 1124 2218 riunt.
1140 2191 1251 2223 Quibus
1268 2191 1384 2219 nebulis
1408 2200 1444 2219 ne
1461 2191 1514 2218 llas
1529 2189 1647 2223 similis,
1663 2198 1679 2217 ο
1694 2189 1783 2216 homo
1799 2188 1860 2224 Dei,

1033 2243 1139 2271 magne
1155 2236 1308 2268 monacbe,
1325 2236 1375 2265 sed
1398 2236 1530 2264 animum
1543 2235 1660 2270 habeas
1675 2242 1709 2261 ex
1724 2233 1781 2261 Deo
1797 2241 1860 2260 me-

1032 2279 1134 2308 liorem
1149 2288 1236 2316 quam
1252 2289 1320 2308 cum
1345 2281 1373 2308 in
1392 2280 1502 2308 mundo
1526 2278 1758 2312 conversareris;
1775 2279 1858 2305 tuam

1032 2324 1178 2359 nigritiem
1194 2325 1235 2352 sic
1250 2325 1349 2361 dilige,
1368 2327 1399 2352 ut
1421 2325 1520 2357 decet;
1538 2324 1588 2351 sed
1603 2323 1668 2350 luce
1684 2323 1748 2358 ejus
1764 2321 1858 2358 magis

1031 2369 1143 2403 diteris,
1159 2373 1188 2398 et
1211 2371 1303 2398 instar
1329 2370 1400 2398 aciei
1425 2369 1526 2406 nigrae,
1544 2371 1575 2396 tu
1598 2368 1674 2396 inter
1689 2367 1856 2395 collisiones

1031 2414 1130 2442 saeculi
1154 2415 1261 2451 asperi,
1278 2415 1355 2443 sicut
1375 2414 1483 2450 lapidis
1508 2412 1635 2450 igniferi,
1661 2412 1760 2440 emitte
1777 2411 1856 2439 scin-

1030 2459 1109 2488 tillas
1123 2460 1232 2496 quibus
1247 2461 1423 2488 accendatur
1434 2460 1552 2488 ﬂamma
1567 2461 1650 2495 grata
1664 2457 1723 2486 Deo
1739 2458 1775 2485 ad
1787 2465 1856 2485 con-

1030 2503 1184 2533 ﬁciendum
1220 2505 1397 2533 sacriﬁcium
1427 2503 1635 2540 vespertinum,
1665 2502 1854 2535 sacrificium,

1028 2548 1199 2585 inquam,in
1215 2549 1273 2578 alta
1289 2550 1520 2585 ascendens,per
1535 2549 1672 2576 virtutem
1687 2550 1743 2575 tuas
1760 2545 1856 2574 carnis

1028 2596 1147 2629 peccato
1163 2597 1284 2622 mortuae
1301 2604 1307 2628 ;
1324 2597 1353 2622 et
1373 2593 1584 2630 vespertinum,
1601 2591 1670 2628 quia
1685 2600 1719 2620 ex
1732 2591 1792 2619 vita
1808 2591 1856 2619 ab-

1027 2639 1153 2674 scondit,
1169 2641 1197 2666 et
1217 2639 1336 2674 proinde
1352 2639 1451 2675 aliquo
1477 2638 1564 2666 modo
1580 2640 1733 2671 nocturna,
1749 2638 1778 2664 et
1793 2643 1854 2662 ves-

1026 2683 1141 2718 pertina
1155 2683 1213 2712 exit
1227 2684 1262 2711 ad
1279 2683 1387 2712 lucem.

1063 2773 1122 2800 111.
1138 2772 1263 2801 Aliunde
1289 2773 1404 2809 nigram
1428 2774 1538 2801 vestem
1563 2771 1661 2807 accipe
1683 2769 1713 2797 in
1729 2769 1848 2805 signum

1024 2815 1088 2843 vitae
1110 2817 1249 2845 modestae
1272 2820 1301 2845 et
1315 2817 1503 2846 absconditae.
1527 2815 1683 2844 Meministi
1707 2814 1797 2849 enim,
1816 2815 1848 2840 ut

1025 2860 1159 2896 arbitror,
1189 2863 1218 2890 te
1247 2862 1277 2890 in
1303 2864 1426 2890 tonsura
1454 2860 1625 2897 loquacitati
1660 2859 1844 2894 valedixisse,
