2018 3158
159 194 214 224 821

670 197 720 226 DE
742 195 990 227 EMENDANDA
1010 195 1102 226 VITA
1126 195 1366 227 MONACHICA.

1810 194 1868 224 822

157 259 276 298 φάμενος
302 260 384 295 «ναὶ,
410 272 420 286 ι
445 259 655 298 ὁμολογητικῶς
683 259 801 296 δηλαδή.
819 261 856 288 Σὸ
884 259 918 288 δι’
941 261 970 295 ἧν

1027 270 1098 298 ,ηοε
1126 262 1269 296 videmus,
1293 261 1402 289 mundo
1426 260 1554 297 amplius
1585 259 1749 295 adhaesisti;
1781 263 1869 297 atque

157 304 195 336 ὡς
239 301 358 342 ἀκριϐῶς
404 304 509 341 είπεῖν,
555 304 754 332 ἀπαναίνεσθαι.
798 305 986 341 Προστέτηκας

155 349 217 386 γὰρ,
248 348 296 376 ὅσα
326 359 357 386 γε
394 350 468 385 ἡμᾶς
502 348 623 387 βλέπειν,
657 352 697 385 τῷ
731 349 827 386 κόσμῳ
856 349 985 377 ἐπιπλέον

155 391 259 420 ἔκτοτε·
289 393 333 421 καὶ
364 394 400 424 εἷς
415 394 445 420 τὸ
476 405 489 419 ι(
506 394 537 421 οὐ
556 406 570 420 ››
589 393 617 421 δὲ
646 393 831 432 καταστρέψας
847 396 895 429 τὴν
919 394 984 422 ἀπό-

153 447 242 473 κρισιν
275 441 333 464 κατ’
372 438 462 476 ἑτέρας
497 437 653 476 ἐρωτήσεις,
693 437 720 466 ἐν
755 442 796 470 αἶς
827 439 982 476 ἀπώμνυες,

154 484 244 514 ποιεῖς
273 481 323 509 οὐκ
350 481 427 517 αὐτὸ,
454 481 527 510 ἀλλά
549 482 664 521 ἐνεργεῑς
687 483 720 511 τὰ
740 484 920 522 ἀπειρημένα,
945 484 982 515 ὡς

153 524 229 563 εἴπερ
255 526 439 565 ὡμολόγησας
470 540 483 553 ι(
510 527 563 556 ναί.
611 540 621 553 ι
653 528 701 556 Καὶ
729 528 800 556 οὕτω
826 531 981 565 μεταποιεῖς

151 571 201 606 τήν
217 581 246 598 τε
261 570 349 609 ἄρσιν,
377 572 427 607 τήν
452 582 481 599 τε
505 571 588 608 θέσιν,
616 572 641 607 ἐξ
664 573 752 610 ἀρχῆς
767 573 861 609 αὐτῆς,
892 574 980 610 οἶμαι,

151 614 322 654 ῥᾳδιουργεῖν
337 614 553 653 ἐπιϐαλόμενος,
570 617 615 644 καὶ
633 617 699 653 μετά
713 621 762 652 τῆς
785 616 980 654 ὄρθολεκτικῆς

150 661 273 699 φράσεως
288 661 332 688 καὶ
347 661 397 696 τήν
412 661 496 698 ὀρθὴν
520 661 660 689 πολιτείαν
677 661 784 701 φαύλης
803 662 907 698 ἀπάτης
933 661 980 690 λό-

148 715 190 742 γῳ
205 704 531 743 ἀποπροσποιησάμενος.

187 748 311 787 ριδ¹.⁷Ην
338 750 384 777 οὺν
412 751 464 788 ἄρα
492 750 619 786 κάλλιον,
647 752 670 778 ὦ
692 750 784 786 οὗτος,
810 751 904 779 λαϊκὸν
931 751 978 788 μὲ-

149 793 230 822 νοντά
269 805 297 822 σε
335 794 477 833 φυλάττειν
516 795 548 822 τὸ
585 796 676 823 κοινὸν
714 795 744 823 ἐκ
769 799 877 834 γενετῆς
908 797 979 824 θεῖον

150 837 321 877 ἐπάγγελμα,
347 837 418 877 ἤπερ
457 838 557 867 ίδιάσαι
594 841 640 877 μὲν
669 841 714 868 καὶ
742 841 867 876 τάξὰσθαι
895 851 977 868 κατα-

151 883 235 919 μόνας
259 882 379 919 ἐπίταξιν
407 883 468 922 βίου
491 884 657 921 κρείττονος,
688 885 725 921 μὴ
755 885 919 924 φυλάξασθαι
949 884 978 912 δὲ

147 927 179 954 τὸ
210 926 334 955 κατιδίαν
363 928 469 966 ἀρέσαν,
500 929 555 956 εἶτα
583 929 627 956 καὶ
654 928 769 957 ἐνώπιον
790 932 843 957 τῶν
869 930 976 957 θειστά-

146 982 201 998 των
218 971 341 1009 ἀγγελῶν
367 973 412 999 καὶ
435 972 518 1000 αὐτοῦ
542 975 609 1000 Θεοῦ
630 973 763 1006 τυπωθὲν.
791 975 895 1002 Ἐκεῖνο
926 974 973 1010 μὲν

145 1016 197 1053 γὰρ
222 1016 253 1043 τὸ
277 1017 408 1054 ἀρχῆθεν,
436 1017 466 1044 τὸ
498 1018 564 1054 μετά
591 1018 641 1052 τήν
661 1019 774 1056 γένεσιν,
806 1017 889 1055 μηδὲν
918 1021 972 1046 τῶν

151 1061 256 1100 βρεφῶν
282 1059 414 1098 εἰδότων,
444 1060 537 1093 ἄλλως
562 1061 711 1100 κεκύρωτο,
737 1062 819 1097 ἡνίκα
841 1065 882 1100 τῷ
909 1063 973 1100 θείῳ

147 1104 325 1142 ἐσημειοῦντο
363 1105 549 1144 βαπτίσματι·
577 1106 610 1134 τὰ
635 1105 664 1134 δὲ
691 1109 745 1134 τῶν
775 1106 973 1144 ὶπαναιρουμὲ-

145 1159 198 1176 νων
238 1150 360 1186 μονάζειν
398 1151 560 1178 καταθετικᾶι
597 1150 622 1186 ἐξ
655 1152 744 1179 αὐτῶν
785 1151 904 1186 ἐκείνων,
942 1151 970 1179 εὗ

145 1191 267 1228 εἷδότων,
296 1193 336 1230 τῷ
365 1196 422 1230 Θεῷ
449 1195 625 1223 ἀνατίθενται·
659 1195 681 1232 ᾧ
705 1195 850 1232 ψεύσασθαι
871 1196 910 1227 τίς
939 1196 968 1224 ἃν

144 1237 280 1274 τολμῴη;
309 1237 359 1273 Εῗη
390 1239 421 1266 ἂν
451 1238 479 1266 δὲ
506 1239 595 1266 τοίνυν
623 1240 769 1278 ὁσιώτερος
782 1243 821 1276 τῷ
843 1243 901 1277 Θεῷ
924 1240 968 1268 ἅν-

145 1282 256 1319 θρωπος
287 1282 336 1310 τοῦ
361 1282 430 1310 λαοῦ
460 1284 473 1310 ὁ
489 1283 642 1322 φυλάττων,
660 1285 726 1322 ἅπερ
741 1283 781 1312 ἔτι
796 1283 873 1316 ὄντος
887 1285 969 1313 αὐτοῦ

143 1325 322 1354 ἀτελεστάτου
360 1328 519 1362 συντέθειτο,
551 1327 613 1355 οὐδὲ
643 1328 740 1356 λαλιὰν
766 1328 967 1367 διαρθροῦντος,

146 1371 184 1407 μὴ
213 1370 254 1398 ὅτι
283 1381 313 1409 γε
339 1371 497 1408 ηὐξημένου
522 1372 572 1407 τὴν
601 1373 742 1409 φρόνησιν,
770 1371 841 1412 ἥπερ
858 1374 966 1405 ὁαύτὸς

142 1416 280 1450 τυπώσας,
311 1416 391 1447 αὐτὸς
421 1416 554 1454 κυρώσας,
580 1416 659 1449 αὐτὸς
687 1419 799 1459 νοήσας,
813 1418 892 1449 αὐτὸς
915 1419 966 1447 λα-

143 1459 239 1495 λήσας,
265 1461 323 1487 εἶτα
349 1458 484 1499 παραϐὰς,
513 1461 557 1488 καὶ
573 1461 833 1499 κατανωτισάμενος,
859 1463 966 1491 ἃκατέ-

141 1504 213 1539 θετο,
243 1504 369 1543 ἀγγέλοις
399 1505 553 1542 ὁμόσκηνος
575 1505 805 1545 ἐπαγγειλάμενος
834 1508 966 1535 εἶναικαὶ

140 1548 306 1582 ἰσοστάσιος.

178 1603 235 1641 ριε’.
262 1601 349 1631 Ἀλλά
371 1605 455 1631 ταῦτα
479 1603 525 1640 μὲν
553 1604 584 1631 σὺ
613 1604 658 1632 καὶ
688 1604 791 1636 ἐκεῖνος
809 1606 854 1632 καὶ
881 1604 966 1638 ἄλλος

138 1657 190 1680 τις,
223 1647 248 1674 οἱ
272 1650 388 1686 χωρικῷ
415 1648 462 1684 μὲν
489 1648 566 1686 λόγῳ
586 1647 632 1676 διὰ
653 1649 685 1676 τὸ
708 1647 820 1677 ἕντοπον
835 1650 907 1686 ἐμοὶ,
931 1652 966 1688 τῇ

141 1690 171 1718 δὲ
187 1690 302 1718 διαθέσει
332 1690 394 1719 οὔτε
421 1692 494 1728 ἐμοὶ,
525 1692 587 1721 οὕτε
610 1696 664 1721 τῶν
679 1695 737 1721 κατ’
753 1693 800 1731 ἐμὲ
816 1693 860 1722 ’διά
873 1695 904 1722 τὸ
919 1699 969 1730 τῆς

141 1736 255 1773 γνώμης
282 1735 393 1763 ἄτοπον·
422 1737 459 1768 ὡς
497 1736 522 1764 ο¹ί
536 1748 566 1775 γε
590 1737 701 1773 ἀληθῶς
724 1738 796 1775 ἐμοὶ,
823 1739 868 1766 καὶ
884 1739 921 1770 ὼς
938 1740 967 1767 ἂν

141 1779 299 1811 ἷδιωτεύσας
326 1779 405 1815 εἷ’πω,
436 1782 462 1809 οἱ
479 1780 560 1809 ἱδικοί
579 1793 632 1818 μου
661 1783 780 1819 (ἀκούοις
809 1782 838 1811 δὲ
852 1795 904 1820 μου
919 1788 968 1819 τῆς

143 1824 284 1860 ἀληθείας,
302 1826 325 1852 ὧ
348 1825 480 1864 ἀγιώτατε
510 1826 671 1855 ἲσαπόστοη
694 1827 816 1865 βασιλεῦ)
846 1829 914 1856 κατά
936 1829 967 1856 τὸ

143 1868 210 1906 ὕψος
238 1871 286 1896 τοῦ
316 1869 432 1906 οὐρανοῦ
460 1871 512 1898 ἀπὸ
540 1873 590 1906 τῆς
616 1875 668 1909 γῆς
704 1873 779 1908 ὑμῶν
823 1873 967 1911 ἀπέχουσι,

142 1914 302 1951 προσθετὲον
341 1913 369 1941 δὲ
396 1914 441 1942 καὶ
466 1915 508 1952 τὸ,
538 1916 575 1943 ὡς
605 1916 734 1944 ἀνατολαὶ
762 1917 815 1944 ἀπὸ
844 1916 965 1955 δυσμῶν,

143 1957 262 1995 οὐράνιοι
303 1957 400 1986 ἐκεῖνοι
438 1962 498 1990 ταῖς
533 1960 760 1998 ἀγαθοπραξίαις,
797 1961 874 1996 ἥλιοι
905 1965 966 1993 ταῖς

143 2001 260 2038 ἀρεταῖς,
277 2001 443 2039 παραδείσου
472 2003 595 2038 πολῖται,
625 2005 694 2043 φωτὶ
724 2005 787 2041 θείῳ
809 2016 966 2043 περιουσια-

143 2046 261 2082 ζόμενοι,
305 2046 504 2084 ἀχρημοσύνην
543 2047 723 2080 πλουτοῦντες
755 2050 804 2084 τὴν
832 2049 964 2084 κατιδίαν,

142 2089 243 2118 πολλοὶ
273 2090 302 2118 δὲ
330 2091 375 2118 καὶ
404 2091 595 2128 ἀκτημοσύνην
611 2093 705 2130 ἄκραν,
735 2092 769 2120 δι’
793 2094 826 2127 ἧς
841 2094 904 2122 Θεὸν
919 2094 966 2121 αὐ-

141 2135 185 2162 τὸν
213 2137 340 2163 κτῶνται-
372 2136 451 2172 ὑμεῖς
480 2135 508 2164 δὲ
536 2140 587 2174 γῆς
618 2136 776 2175 ἂνθρωποι,
806 2139 850 2165 καί
881 2139 965 2173 αὐτῆς

142 2179 210 2215 ὅλης
235 2180 445 2217 ἡκανθωμένης,
472 2181 512 2213 οἷς
535 2182 677 2219 μερίμναις
705 2181 837 2218 διηνεκῶς
864 2187 964 2212 κεν-τεί-

141 2225 200 2252 σθαι
231 2226 293 2263 περὶ
307 2227 361 2253 τῶν
392 2225 503 2257 οὐδενὸς
519 2226 599 2262 ἀξίων
616 2226 710 2265 λόγου.
728 2228 777 2255 Καὶ
801 2227 898 2256 ἐκεῖνοι
916 2229 963 2265 μὲν

141 2269 378 2307 πραγματεύονται
415 2270 446 2298 τὸ
481 2270 631 2308 ἀειλαμπὶς
649 2295 656 2308 ,
695 2271 889 2309 ἐνακμάζοντες
924 2276 964 2310 τῷ

1040 315 1105 334 cum
1122 307 1151 334 in
1168 308 1278 342 partem
1305 306 1470 342 negativam
1496 313 1597 333 versus
1613 313 1654 339 es,
1672 314 1739 333 cum
1755 305 1868 333 caeteris

1039 351 1250 387 quaestionibus
1273 351 1475 387 responderes,
1492 353 1521 378 ct
1541 358 1607 378 cum
1628 350 1797 385 juramento
1813 358 1867 378 nc-

1038 404 1135 432 garcs,
1154 396 1206 424 hoc
1226 404 1283 423 non
1307 395 1435 432 perficis,
1452 395 1502 423 sed
1520 394 1687 423 renuntiata
1710 394 1867 431 adimples,

1038 441 1124 476 quasi
1140 440 1314 468 afﬁrmativo
1336 440 1538 476 respondisses
1555 448 1561 468 :
1579 439 1681 475 sicque
1706 448 1794 475 supra
1811 439 1866 475 (Η)

1038 488 1067 512 et
1091 485 1168 513 infra
1193 487 1354 521 permutes,
1371 485 1531 512 meditatus
1556 493 1573 511 ει
1592 483 1747 520 principio,
1764 485 1796 511 ut
1815 492 1864 511 su-

1037 530 1144 566 spicor,
1161 529 1284 557 liberius
1299 537 1395 565 agere,
1411 531 1440 556 et
1454 531 1597 565 quantum
1620 531 1727 557 rectam
1743 528 1866 556 locutio-

1038 582 1116 609 nem,
1139 576 1255 602 tantum
1285 577 1395 602 rectam
1421 574 1525 610 agendi
1549 573 1703 609 rationem,
1720 572 1769 600 vili
1794 581 1866 601 usus

1036 618 1161 654 fallacia,
1177 619 1353 647 contemnis.

1072 753 1132 781 114.
1150 753 1254 781 Melius
1279 754 1352 787 erat,
1376 761 1392 780 ο
1417 752 1515 786 homo,
1541 754 1568 780 te
1587 751 1701 790 ‘laicum
1726 752 1754 779 in
1782 760 1861 779 com-

1035 797 1117 825 muni
1141 797 1202 834 lege
1218 797 1316 825 divina
1342 799 1408 833 post
1433 797 1613 824 nativitatem
1639 796 1752 829 sistere,
1770 804 1860 832 quam

1034 842 1164 878 separari
1187 845 1216 870 et
1240 842 1326 870 vitam
1352 842 1553 877 perfectiorem
1578 840 1715 877 privatim
1741 848 1860 867 servan-

1034 886 1100 914 dam
1136 887 1316 922 promittere,
1347 894 1442 921 neque
1471 893 1586 913 servare
1616 885 1695 920 quod
1724 883 1858 920 privatim

991 951 1015 984 B
1033 931 1205 966 promisisti,
1223 931 1252 958 in
1268 933 1424 966 conspectu
1450 932 1619 958 sanctorum
1643 928 1814 965 angelorum
1831 930 1860 956 et

1034 977 1052 984 l\
1076 976 1080 980 ¹
1106 975 1128 984 II
1220 976 1226 981 ι
1312 975 1447 984 ἐννενληκκ
1488 975 1500 984 L
1527 976 1584 984 ,,,A,,
1605 973 1686 984 -llsnm
1705 973 1838 984 __._(!_...-

1033 976 1092 1003 Dei.
1106 975 1164 1003 Hoc
1180 976 1258 1003 enim
1275 975 1452 1011 principium
1470 975 1506 1002 ab
1522 976 1586 1002 ortu
1602 973 1688 1002 aliter
1702 973 1860 1001 confirma-

1029 1021 1092 1047 tum
1125 1023 1180 1055 est,
1214 1019 1288 1047 nihil
1317 1018 1443 1047 consciis
1473 1018 1648 1052 infantibus,
1676 1026 1742 1045 cum
1776 1025 1859 1046 sacro

1031 1064 1210 1100 baptismate
1225 1063 1449 1100 insignirentur.
1468 1063 1521 1096 Qui
1537 1065 1635 1091 autem
1650 1063 1739 1090 vitam
1756 1070 1859 1090 mona-

1028 1109 1132 1136 sticam
1167 1108 1403 1145 amplectuntur,
1438 1108 1517 1135 haud
1551 1107 1634 1135 inviti
1662 1107 1692 1134 id
1732 1106 1855 1140 faciunt,

1027 1153 1116 1188 probe
1131 1153 1188 1181 sibi
1209 1153 1328 1186 conscii,
1346 1155 1374 1181 et
1399 1155 1456 1180 Deo
1472 1153 1689 1186 consecrantur,
1706 1151 1752 1179 cui
1769 1159 1851 1178 men-

1026 1197 1074 1224 tiri
1095 1197 1160 1233 quis
1184 1197 1327 1225 auderet?
1356 1197 1486 1225 Profecto
1511 1195 1606 1232 magis
1628 1198 1766 1232 acceptus
1791 1196 1849 1223 Deo

1024 1240 1098 1269 foret
1113 1241 1199 1269 homo
1215 1241 1293 1277 vulgi
1309 1242 1359 1278 qui
1375 1241 1481 1269 retinet
1505 1240 1650 1276 promissa
1666 1240 1735 1267 dum
1751 1239 1847 1267 adhuc

1024 1285 1192 1321 imperfecte
1207 1288 1315 1322 ageret,
1332 1294 1389 1314 non
1405 1285 1543 1313 distincte
1558 1284 1737 1320 loqueretur,
1752 1291 1847 1319 neque

1024 1338 1041 1357 a
1065 1330 1177 1358 fortiori
1205 1329 1387 1358 intellectum
1414 1329 1579 1363 evolvisset,
1596 1337 1682 1364 quam
1710 1328 1761 1364 qui
1783 1328 1848 1364 ipse

1023 1374 1169 1410 cogitavit,
1186 1374 1248 1411 ipse
1264 1374 1401 1408 firmavit,
1417 1374 1480 1410 ipse
1494 1373 1637 1409 concepit,
1652 1374 1715 1409 ipse
1728 1381 1847 1409 expres-

1024 1419 1073 1454 sit,
1088 1419 1151 1455 ipse
1165 1422 1369 1455 transgressus
1393 1421 1447 1452 est,
1464 1419 1526 1455 ipse
1546 1417 1758 1454 promissorum
1774 1417 1847 1445 obli-

1023 1467 1071 1491 tus
1087 1466 1142 1497 est,
1158 1472 1224 1491 cum
1241 1463 1407 1492 conversari
1422 1464 1498 1491 inter
1513 1462 1642 1499 angelos,
1657 1464 1687 1490 et
1700 1463 1743 1490 eis
1759 1463 1848 1498 tequi-

1022 1508 1119 1544 parari
1136 1509 1344 1545 spoponderat.

1059 1609 1120 1636 115.
1137 1610 1195 1636 Ista
1211 1608 1273 1644 agis
1289 1610 1331 1641 tu,
1347 1609 1375 1635 et
1400 1607 1458 1642 ille,
1475 1608 1504 1634 et
1518 1606 1627 1642 aliquis
1642 1605 1729 1638 alius,
1745 1613 1848 1634 omnes

1024 1655 1142 1689 propter
1165 1653 1262 1681 locum
1287 1659 1474 1680 communem
1499 1651 1567 1684 mei,
1584 1651 1635 1678 sed
1660 1659 1754 1685 neque
1779 1649 1848 1683 mei,

1024 1706 1119 1733 neque
1135 1706 1265 1725 meorum
1284 1697 1378 1733 quoad
1396 1695 1502 1724 mentis
1520 1695 1655 1723 habitum
1671 1698 1700 1722 et
1714 1694 1847 1722 animum

1022 1745 1179 1770 errantem.
1210 1742 1323 1770 Etenim
1357 1741 1408 1777 qui
1441 1749 1506 1768 vero
1540 1740 1596 1768 mei
1629 1741 1717 1774 sunt,
1755 1742 1783 1767 et
1816 1741 1848 1767 ut

1022 1786 1203 1814 enucleatius
1232 1787 1338 1821 dicam,
1363 1785 1467 1821 privati
1496 1785 1553 1812 mei
1577 1785 1618 1821 (et
1641 1792 1688 1812 me
1710 1792 1777 1811 vera
1801 1783 1847 1811 di-

1023 1834 1134 1860 centem
1165 1831 1278 1864 audies,
1299 1839 1314 1858 o
1339 1833 1439 1858 sancte
1463 1838 1522 1864 rex,
1548 1828 1688 1865 apostolis
1717 1828 1846 1864 aequipa-

1023 1877 1134 1912 rande),
1157 1886 1173 1904 ιι
1194 1876 1276 1904 vobis
1302 1877 1417 1903 tantum
1442 1874 1563 1907 distant,
1580 1875 1724 1909 quantum
1740 1881 1757 1900 a
1773 1874 1848 1900 terra

1022 1922 1086 1949 cceli
1106 1920 1291 1953 sublimatas,
1307 1923 1337 1947 et
1360 1919 1447 1947 etiam
1465 1921 1609 1954 quantum
1635 1918 1732 1946 oriens
1748 1918 1783 1945 ab
1800 1925 1847 1945 oc-

1021 1966 1145 1993 cidente.
1163 1965 1197 1992 Hi
1212 1965 1330 2001 quidem
1348 1963 1480 1992 caelestes
1504 1965 1574 1991 sunt
1598 1962 1683 1991 bonis
1699 1962 1846 1998 operibus,

1021 2010 1126 2037 virtute
1154 2009 1207 2036 soli
1235 2008 1373 2044 aequales,
1399 2007 1500 2036 incolas
1534 2007 1674 2043 paradisi,
1704 2006 1768 2034 luce
1802 2006 1847 2033 di-

1020 2054 1086 2081 vina
1119 2053 1307 2090 refulgentes,
1337 2052 1441 2080 divites
1474 2052 1537 2079 sine
1569 2051 1688 2086 propria
1719 2051 1846 2084 fortuna,

1022 2097 1107 2126 multi
1137 2106 1204 2125 cum
1232 2100 1363 2125 extrema
1391 2097 1478 2124 etiam
1508 2095 1679 2131 indigentia,
1696 2094 1732 2121 ob
1758 2102 1846 2129 quam

1021 2142 1113 2170 Deum
1128 2142 1226 2177 ipsum
1244 2141 1405 2177 possident.
1417 2140 1475 2168 Vos
1487 2142 1585 2167 autem
1601 2138 1735 2166 homines
1751 2142 1844 2172 terris,

1019 2186 1166 2222 istiusque
1181 2185 1276 2222 spinis
1290 2185 1422 2219 hirsutae,
1438 2184 1576 2220 curisque
1594 2183 1742 2219 perpetuis
1757 2191 1844 2219 prop-

1020 2234 1063 2259 ter
1079 2239 1124 2259 res
1140 2230 1251 2258 nullius
1263 2229 1348 2266 pretii
1361 2228 1512 2265 angimini.
1530 2227 1564 2256 Hi
1578 2227 1712 2256 laborant
1724 2229 1755 2254 ut
1770 2235 1845 2254 sem-

1020 2284 1071 2312 per
1093 2275 1221 2308 luceant,
1246 2283 1300 2303 sua
1327 2274 1390 2301 luce
1417 2272 1543 2306 accensi,
1559 2272 1610 2308 qui
1634 2271 1703 2299 oriri
1727 2279 1844 2307 semper

140 2314 198 2341 κατ’
227 2313 323 2346 αὐτοὺς
356 2315 436 2353 φωτὶ,
465 2315 491 2343 ἐν
519 2318 559 2352 τῷ
585 2317 819 2354 πραγματεύεσθαι
851 2318 965 2346 πάντοτε

1027 2320 1165 2353 iituntur,
1195 2321 1223 2346 et
1252 2327 1287 2346 ex
1313 2317 1501 2345 interioribus
1527 2316 1557 2344 in
1587 2324 1714 2351 superna
1742 2323 1842 2343 ascen-

139 2357 189 2400 τὴν
221 2357 354 2393 ἀνατολὴν
376 2362 435 2390 ταῖς
462 2359 492 2388 ἐκ
516 2363 570 2388 τῶν
597 2361 745 2400 ὑφειμένων
765 2363 871 2400 ἀγαθῶν
901 2363 963 2390 ἀνα-

142 2398 248 2428 ϐάσεσιν
274 2401 317 2429 ἐπὶ
344 2403 378 2430 τὰ
402 2403 568 2443 ὑψηλότερα·
594 2398 639 2433 ὅτε
663 2404 692 2433 δὲ
720 2406 764 2433 καὶ
789 2398 964 2444 ’μεσημϐριά-

142 2456 231 2472 σουσιν
258 2446 368 2484 (ἀνάγκη
388 2448 438 2487 γάρ
467 2449 512 2476 καὶ
539 2452 597 2481 τοῖς
620 2451 757 2482 τοιούτοις
782 2452 875 2487 ὴλίοις
899 2452 964 2481 αὐτὸ

139 2490 278 2528 γίνεσθαι),
298 2490 406 2519 ὀκνοῦσι
434 2493 483 2528 τὴν
506 2491 663 2530 κατάϐασιν,
691 2497 728 2532 μὴ
754 2496 798 2524 καὶ
828 2497 866 2528 εἷς
889 2496 962 2525 δύσιν

140 2535 330 2572 ἐμπεσοῦνται.
361 2537 414 2565 Καὶ
440 2536 474 2572 δὴ
503 2539 677 2575 κατορθοῦσιν
708 2540 783 2574 αὐτὸ,
813 2544 880 2570 Θεοῦ
907 2542 964 2570 ἐπι-

138 2580 293 2615 τάσσοντος,
314 2582 362 2608 τοῦ
387 2581 495 2610 καὶτὸν
525 2586 582 2610 κατ’
607 2582 731 2620 αἴσθησιν
759 2584 840 2620 ἥλιος
861 2586 887 2614 ἐν
914 2590 965 2615 Γα-

144 2622 200 2669 βαὼ
223 2626 372 2661 στήσαντος
385 2625 416 2654 τό
432 2626 547 2654 παλαιὸν
567 2626 611 2655 διὰ
631 2631 680 2656 τοῦ
709 2628 787 2667 ἁγίου
812 2634 966 2669 στρατηγοῦ

139 2665 238 2704 Ἰησοῦ,
265 2669 310 2697 καὶ
340 2670 366 2698 ἐν
394 2673 452 2703 τοῖς
482 2671 592 2710 ὕστερον
609 2671 637 2700 δὶ
667 2672 712 2701 διά
733 2665 814 2707 ’τινος
845 2665 963 2714 μεγάλου

138 2713 244 2758 ῌατρὸς
268 2713 294 2741 ἂν
317 2717 357 2752 τῷ
389 2717 438 2743 τοῦ
469 2715 596 2754 μεγίστου
623 2718 705 2754 ἡμῶν
734 2720 824 2754 Ἰησοῦ
850 2713 966 2758 Χριστοῦ

1020 2365 1103 2392 dunt.
1128 2364 1200 2391 Cum
1230 2363 1260 2390 in
1289 2362 1367 2390 diem
1397 2362 1528 2389 medium
1556 2360 1738 2397 pervenerint
1765 2359 1842 2396 (istis

1019 2409 1132 2438 solibus
1147 2408 1201 2436 hoc
1225 2408 1355 2436 accidere
1371 2413 1489 2434 necesse
1515 2406 1579 2441 est),
1595 2404 1700 2433 timent
1715 2413 1751 2432 ne
1767 2404 1842 2432 occi-

1019 2455 1101 2487 dant,
1120 2461 1155 2481 ne
1177 2453 1206 2480 in
1223 2452 1402 2488 profundum
1426 2453 1605 2486 mergantur.
1622 2449 1676 2483 Qui
1692 2450 1842 2483 renovant,

1020 2501 1167 2527 annuente
1181 2498 1239 2525 Deo
1255 2497 1346 2524 solem
1362 2495 1508 2524 visibilem
1535 2495 1564 2523 in
1588 2495 1686 2523 Gabao
1710 2494 1843 2528 sistente,

1020 2543 1175 2579 antiquum
1190 2541 1366 2570 miraculum
1379 2541 1467 2568 Josue
1474 2540 1486 2576 j
1493 2539 1596 2575 udicis,
1608 2541 1636 2567 et
1647 2539 1842 2567 instauratum

1019 2589 1049 2616 in
1065 2587 1234 2616 novissimis
1260 2585 1442 2622 temporibus
1472 2593 1522 2621 per
1548 2584 1707 2620 quemdam
1728 2584 1844 2611 Patrem

1021 2641 1171 2669 magnum,
1201 2631 1332 2659 invocato
1356 2629 1474 2658 nomine
1497 2629 1567 2657 Jesu
1593 2629 1700 2656 Christi
1723 2627 1844 2655 maximi

1021 2677 1099 2714 apud
1125 2685 1188 2710 nos,
1205 2677 1290 2712 cujus
1319 2675 1462 2703 invocatio
1487 2676 1516 2702 et
1539 2674 1617 2702 hunc
1636 2673 1724 2702 Josue
1753 2671 1843 2700 simili

1021 2722 1154 2758 prodigio
1168 2720 1335 2749 illustravit.

141 2756 264 2793 ὀνόματι·
291 2758 322 2786 οὗ
341 2761 359 2795 ἡ
375 2759 475 2795 κλῆσις
489 2760 533 2788 καὶ
547 2760 594 2788 τὸν
609 2761 714 2797 Ἰησοῦν
732 2763 831 2792 ἐκεῖνον
848 2756 892 2793 ἐπὶ
908 2765 999 2803 ὁμοίῳ
1011 2756 1143 2804 τεραστίῳ
1155 2765 1291 2802 ἐσέμνυνε.

172 2821 229 2858 (Η)
244 2822 339 2860 Ἀρσιν
357 2825 460 2865 musici
475 2828 589 2865 vocant,
605 2833 671 2855 cum
688 2827 833 2856 attollitur
847 2837 952 2857 manus
965 2831 1016 2858 aut
1028 2829 1165 2858 baculum
1175 2830 1239 2865 ejus
1250 2829 1300 2865 qui
1315 2830 1434 2856 cantum
1448 2831 1640 2861 numerosque
1655 2824 1837 2859 moderatur;

141 2855 302 2899 etetv'vero,
318 2868 384 2889 cum
400 2855 587 2898 deprimitur;
