2018 3158
181 188 240 218 823

183 297 432 334 appropinquant,
459 301 604 333 quantum
631 307 803 326 concessum
832 301 886 332 est,
913 298 1011 334 magni

183 342 240 370 mei
265 343 413 375 monachi,
431 343 585 378 utriusque
602 342 730 371 civitatis
745 342 856 376 incolae,
869 344 931 378 ejus
947 351 1010 379 qum

182 387 260 414 infra
277 395 381 422 magna
396 390 451 422 est,
469 390 497 415 et
521 387 601 415 illius
615 396 679 423 qua:
695 388 724 415 in
741 388 855 423 superis
873 388 1008 416 maxima,

183 439 272 467 super
287 440 453 460 sermonem
470 434 498 459 et
519 440 607 467 super
622 432 812 460 intellectum.
829 431 888 460 Vos
912 435 1008 460 autem

183 478 284 503 utrum
307 476 442 504 oriamini
472 485 529 504 non
546 477 604 504 vidi
619 485 687 512 ego;
704 477 753 504 sed
784 485 818 505 ex
848 485 905 512 quo
933 479 1010 504 tem-

183 528 253 556 pore
269 520 418 548 vobiscum
445 530 521 554 sum,
539 524 646 549 terram
668 522 759 549 altero
775 521 883 549 circulo
907 524 1011 557 praeter

183 564 365 600 descriptum
381 565 535 594 circuitum
552 568 745 601 permeantes,
763 573 879 601 semper
893 565 921 592 in
938 565 1011 593 occi-

184 608 281 636 dentis
304 610 436 645 partibus
452 610 625 644 versamini;
650 610 792 646 ignoratis
817 609 888 639 solis
912 612 1009 638 ortum

184 661 272 688 quam
299 655 426 689 practice.
453 657 482 682 et
510 654 632 688 theoria,
649 655 793 690 optimum
824 663 885 690 par,
902 656 1012 682 norunt

184 697 326 730 attollere,
343 702 370 726 et
386 707 443 735 quo
460 700 488 727 in
514 699 620 727 caelum
645 699 732 727 homo
748 699 798 726 Dei
822 699 925 726 evolat.
944 699 1010 727 Pra-

183 742 259 770 ctica
273 743 330 778 (t2)
346 744 466 771 omnino
492 744 605 771 diversa
620 753 636 771 a
651 746 746 771 vestra
771 743 882 779 regula,
898 746 926 771 et
951 746 1011 771 tota

184 786 242 814 alia
258 787 371 815 theoria
397 790 484 823 atque
501 791 611 816 nostra.
628 788 694 820 Qum
710 787 788 816 enim
804 796 854 815 vos
869 787 965 823 agitis,
983 789 1012 815 et

185 839 248 866 qua:
265 831 408 865 cogitatis,
422 832 555 860 homines
570 833 703 868 vulgares
719 832 797 859 haud
814 832 1008 860 imilareutur.

184 876 255 902 Cum
273 875 350 902 enim
368 876 465 903 omnis
488 876 658 904 monachica
673 876 748 905 actio
771 876 806 904 ad
831 876 1008 904 imitandum

185 917 278 947 Deum
294 920 342 955 qui
361 928 477 956 semper
501 929 590 956 agens
607 929 683 948 nunc
699 924 727 948 et
743 924 882 956 perpetuo
906 929 1008 957 opera-

185 967 245 996 tur,
261 966 426 997 concurrat,
438 964 522 992 aliter
536 973 587 992 vos
601 965 697 999 agitis,
714 965 830 1000 negotia
845 968 1009 1000 operantes,

183 1017 200 1036 a
223 1008 334 1044 quibus
363 1017 471 1036 nomen
494 1009 607 1036 ducunt
633 1011 750 1037 exactor
777 1012 806 1037 et
834 1010 1008 1045 negotiator,

183 1061 239 1081 non
253 1055 350 1080 autem
364 1053 408 1080 vir
420 1053 577 1088 practicus,
588 1055 621 1080 ut
631 1054 768 1088 superius
781 1053 919 1081 diximus.
936 1053 1008 1082 Nam

182 1097 335 1125 solitudini
366 1099 481 1125 tantum
506 1097 682 1131 adhaesistis,
708 1100 852 1133 quantum
877 1098 1010 1126 tentoriis

180 1142 330 1175 vinitores,
347 1145 375 1169 et
390 1141 468 1170 cellis
495 1142 660 1169 fructuaria?
677 1142 725 1170 ille
740 1142 785 1169 cui
811 1150 883 1170 cura
906 1145 951 1170 est
973 1143 1010 1171 de

181 1194 347 1214 cucumere.
365 1186 445 1218 Quod
463 1195 533 1214 sane
546 1189 591 1214 est
612 1186 749 1214 multum.
766 1186 941 1222 Plerumque
957 1195 1008 1215 au-

182 1233 240 1257 tem
272 1233 304 1257 ut
331 1231 472 1258 nomades
485 1230 581 1258 vivere
602 1230 746 1265 satagitis,
763 1231 827 1258 loca
855 1239 907 1266 pro
936 1231 1009 1260 locis

182 1275 350 1309 frequenter
370 1278 495 1307 mutare,
512 1274 562 1301 ubi
590 1283 696 1310 purum
720 1283 788 1302 aera
811 1275 964 1308 hauriatis,
981 1277 1010 1303 et

182 1318 300 1354 longam
316 1318 405 1346 vitam
421 1326 454 1346 eo
474 1319 560 1345 modo
576 1318 689 1346 vivatis.

1023 943 1047 976 B

570 187 782 218 EUSTATHII
803 187 1185 218 THESSALONICENSIS
1208 185 1499 217 METROPOLITE

219 253 279 280 116.
305 252 351 280 Sic
382 252 522 281 orientem
552 253 644 281 solem
671 253 836 288 imitantur,
857 253 928 282 dum
954 255 1009 281 Deo
1026 254 1050 288 Α

1834 184 1903 213 824

1102 253 1162 290 ρις’.
1180 251 1230 280 Καὶ
1251 251 1323 279 οὕτω
1353 251 1400 287 μὲν
1430 249 1549 285 ἡλίακήν
1577 248 1714 284 ἀνατολὴν
1747 248 1903 286 μιμοῦνται

1063 299 1120 333 Θεῷ
1147 296 1373 335 παρεξισούμενοι
1408 297 1477 324 κατὰ
1501 306 1532 333 γε
1555 295 1585 322 τὸ
1615 294 1756 333 ἐγχωροῦν
1781 294 1808 321 οἱ
1834 293 1902 330 ἐμοὶ

1064 341 1161 370 ἐκεῖνοι
1184 342 1442 380 μεγαλοσχήμονες,
1471 340 1496 368 οἱ
1519 339 1627 367 πόλεων
1653 338 1787 377 ἑκατέρων
1813 337 1902 366 πολῖ-

1062 397 1117 421 ται,
1133 389 1181 421 τῆς
1211 397 1240 414 τε
1254 385 1327 413 κάτω
1355 384 1475 422 μεγάλης
1504 384 1548 411 καὶ
1575 387 1625 419 τῆς
1654 383 1710 411 ἄνω
1743 382 1904 420 ὑπερμεγέ-

1063 431 1136 465 θῡυς,
1166 431 1209 458 ὅτι.
1241 430 1284 458 καῖ
1312 430 1377 467 ὑπὲρ
1400 428 1480 467 λόγον
1507 429 1554 456 καὶ
1577 430 1641 456 νοῦν
1667 428 1781 455 ἅπαντα.
1814 426 1905 456 Ἀλλ’

1064 476 1140 512 ὑμεῖς
1169 475 1193 502 εἴ
1219 475 1266 511 μὲν
1290 485 1356 503 ποτε
1381 473 1545 510 ἀνετείλατε,
1576 472 1625 500 οῦκ
1654 471 1728 504 οἶδον
1759 471 1824 510 ἐγιέγ
1857 471 1906 507 ἐξο

1063 521 1127 547 ότου
1149 518 1177 547 δὲ
1207 520 1270 556 ὑμῖν
1298 518 1462 556 ἐνετράνισα,
1491 517 1652 548 κυκλοῦντες
1681 515 1816 545 κυκλοῦτε
1843 517 1903 550 τὴν

1063 567 1114 601 γῆν
1145 563 1238 595 ἅΑλως
1260 564 1333 602 παρὰ
1359 564 1390 591 τὸ
1405 562 1605 601 γεγραμμένον,
1633 562 1679 593 καὶ
1702 561 1767 592 ,ἐστὶ
1781 561 1823 593 ἀεὶ
1838 564 1904 588 τῶν

1064 607 1184 645 δυσμῶν·
1208 608 1366 646 ἀγνοοῦντες
1395 606 1560 642 ἀνατολικὴν
1592 603 1733 641 ἀνάϐασιν,
1763 607 1795 640 ἢν
1825 608 1904 642 πρᾶ-

1064 653 1103 688 ξις
1127 653 1171 682 καὶ
1198 653 1298 691 θεωρία
1326 651 1396 680 οἶδεν
1427 652 1544 690 ἀνάγειν,
1574 652 1591 686 ἡ
1618 650 1690 685 καλή
1707 650 1833 688 ξυνωρίς·
1863 649 1904 677 δι’

1064 698 1097 732 ἧς
1126 697 1163 728 εἷς
1192 697 1305 734 οὐρανὸν
1335 697 1476 734 ἀνατρέχει
1504 698 1574 727 ΔΘεοῦ
1601 694 1762 734 ἄνθρωπος.
1795 696 1902 732 Πρᾶξις

1065 740 1137 777 ἄλλη
1167 740 1308 773 παντελῶς
1333 742 1406 778 παρὰ
1435 741 1484 775 τὴν
1513 740 1538 767 ἐν
1565 740 1631 776 ὐμῒν
1662 739 1901 776 πολιτευομένην·

1066 785 1165 823 θεωρία
1198 786 1303 824 ἕτεροία
1322 786 1421 821 πάντη,
1437 785 1545 815 πάντως
1573 784 1618 812 καὶ
1648 784 1716 818 αὖτή
1745 785 1822 821 παρὰ
1844 785 1898 818 τὴν

1065 831 1124 857 καθ’
1149 832 1233 867 ἡμᾶς.
1263 831 1312 858 Οἴα
1340 831 1392 869 γάρ
1421 830 1565 867 πράττεται
1606 829 1693 866 ὑμεῖς,
1729 829 1774 856 καὶ
1813 829 1899 856 ὁποῖα

1066 875 1202 912 θεωρεῖτε,
1237 873 1294 903 οὐδ’
1334 874 1364 902 ἃν
1403 874 1527 912 ἀγελαῖοι
1562 872 1659 911 ἄνδρες
1698 875 1894 910 μιμήσαιντο.

1067 920 1191 957 Πράξεως
1234 920 1284 958 γὰρ
1325 922 1480 957 μοναχικῆς
1515 918 1621 952 ἀπάσης
1660 917 1729 955 πρὸς
1774 918 1894 954 μίμησιν

1065 963 1284 1000 ἀπευθυνομὲνης
1316 967 1392 999 Θεοῦ,
1427 964 1456 994 ὃς
1480 963 1521 992 ἀεὶ
1551 963 1659 1001 ἐνεργὸς
1687 961 1736 998 ὢν,
1766 961 1821 993 ἕως
1849 963 1894 990 καὶ

1065 1007 1124 1046 ἄρτι
1167 1008 1324 1047 ἐργάζεται,
1360 1009 1438 1046 ὑμεῖς
1466 1007 1561 1040 ἄλλως
1588 1007 1743 1045 ὲνεργεῖτε,
1773 1006 1894 1045 πρακτέα

1063 1053 1250 1091 ἐργαζόμενοι,
1275 1053 1300 1089 ἐξ
1325 1054 1361 1081 ὧν
1387 1054 1401 1081 ὁ
1426 1054 1556 1091 πράκτωρ
1582 1052 1627 1080 καὶ
1644 1053 1658 1080 ὁ
1686 1062 1893 1090 πραγματιυτι-

1063 1097 1110 1128 κὸς
1135 1097 1326 1134 ὀνομάζονται,
1354 1097 1385 1125 οὐ
1417 1098 1470 1134 μὴν
1498 1097 1543 1124 καὶ
1571 1097 1585 1124 ὁ
1615 1096 1766 1134 πρακτικὸς
1794 1095 1895 1134 ἅνθρω-

1063 1152 1125 1176 πος,
1153 1143 1221 1171 καθὰ
1248 1142 1293 1170 καὶ
1328 1142 1476 1181 φθάσαντες
1512 1140 1726 1179 ὃιεγραψάμεθα.
1770 1143 1810 1178 Τῇ
1847 1142 1893 1176 μὲν

1063 1186 1115 1224 γὰρ
1155 1189 1225 1224 μονῇ
1260 1186 1387 1214 τοσοῦτον
1426 1187 1637 1224 προστετήκατε,
1676 1185 1715 1216 εἷς
1756 1185 1822 1213 ὅσον
1851 1185 1895 1213 καὶ

1064 1234 1175 1266 σκηναῖς
1203 1232 1229 1258 οἱ
1267 1230 1467 1269 ἆμπελουργοὶ,
1504 1230 1549 1258 καὶ
1587 1230 1834 1268 ὁπωροφυλακίοις
1871 1231 1896 1256 οἱ

1063 1275 1126 1312 περὶ
1153 1276 1187 1302 τὰ
1214 1275 1375 1312 σικυήλατα.
1402 1275 1451 1303 Καὶ
1480 1272 1535 1302 ἔστι
1566 1274 1611 1302 καὶ
1639 1273 1721 1302 τοῦτο
1750 1273 1838 1302 πολύ.
1861 1275 1896 1301 Τὰ

1064 1317 1151 1346 πλείω
1178 1320 1229 1357 γὰρ
1253 1320 1321 1348 κατὰ
1335 1319 1399 1350 τοὺς
1428 1317 1610 1356 ’Ᾱμαξοϐίους
1639 1317 1734 1356 διαζῇν
1763 1329 1895 1357 πραγμα-

181 1361 302 1397 τεύεσθε,
331 1362 376 1389 καὶ
405 1362 492 1399 συχνὰ
514 1361 615 1392 τόπους
642 1362 733 1389 τόπων
762 1359 883 1399 ἀμείϐειν
913 1359 974 1394 ἔνθα
1001 1362 1119 1401 καθαρὸν
1145 1363 1210 1402 ἀέρα
1238 1367 1363 1399 σπάσετε,
1392 1363 1427 1391 δι’
1456 1364 1487 1392 οὗ
1513 1363 1545 1391 τὸ
1576 1361 1728 1401 μακρόϐιον
1758 1364 1823 1400 ὑμῖν
1849 1373 1896 1390 πε-

185 1407 365 1444 ριγενήσεται.

221 1452 281 1479 117.
298 1452 435 1481 Sanctam
451 1451 663 1485 Ecclesiam,ut
678 1452 813 1485 arbitror,
829 1452 1010 1488 concupisci-

184 1497 233 1532 tis,
251 1499 284 1524 ut
298 1497 372 1524 servi
389 1496 508 1529 Christi,
524 1499 551 1524 et
571 1496 702 1524 conservi
720 1497 825 1530 nostri;
843 1498 893 1524 sed
910 1505 926 1524 a
941 1505 1011 1524 con-

185 1541 286 1577 cupito
302 1541 479 1577 elongamini
497 1541 634 1577 operibus
650 1541 759 1576 quibus
774 1541 937 1577 smpissime
953 1542 1012 1577 agi-

183 1586 308 1619 tamini;
339 1587 499 1622 perfectum
529 1594 603 1621 opus
632 1585 777 1621 linquitis,
794 1589 823 1614 et
851 1586 1011 1621 indulgetis

182 1630 319 1664 vanitati;
336 1630 408 1657 nihil
420 1631 503 1658 scitis
517 1629 669 1666 spirituale
681 1639 737 1665 quo
754 1630 819 1672 liqet
834 1631 946 1666 angelis
962 1639 1011 1657 an-

184 1675 342 1709 numerari,
353 1677 382 1702 et
397 1675 474 1702 inter
489 1675 610 1710 pinguia
622 1675 760 1710 etgravia
775 1675 931 1702 versamini
948 1675 1010 1710 qui-

183 1720 239 1747 bus
256 1728 338 1747 mens
354 1719 457 1746 devota
473 1719 530 1746 Deo
546 1719 575 1746 in
591 1721 700 1746 terram
725 1719 900 1754 deprimitur
914 1721 942 1746 et
957 1727 1003 1745 as-
1023 1716 1045 1750 C

184 1764 306 1791 cendere
331 1763 448 1790 desinit.
468 1763 534 1790 ideo
550 1762 714 1798 discipulus
729 1766 823 1790 vester
847 1771 899 1798 pro
915 1762 1010 1798 digni-

184 1810 254 1839 tate,
271 1807 474 1841 intelligentia,
486 1807 632 1841 decentia,
643 1809 671 1834 et
682 1808 757 1834 bona
772 1807 939 1842 disciplina,
952 1806 1013 1834 abit

185 1851 257 1878 nihil
273 1851 309 1879 ab
324 1850 417 1878 ascesi
433 1853 620 1883 consecutus,
633 1853 736 1886 printer
751 1851 909 1885 quemdam
925 1859 1013 1878 saecu-

185 1895 277 1922 larem
293 1894 458 1928 scientiam,
471 1903 594 1930 eamque
610 1897 702 1922 totam
718 1895 878 1930 vulgarem,
890 1903 946 1923 non
963 1904 1012 1922 no-

186 1938 291 1972 bilem;
312 1937 391 1965 verbi
415 1938 520 1974 gratia,
536 1941 569 1966 ut
594 1947 687 1974 pauca
710 1947 744 1966 ex
768 1939 870 1966 multis
895 1939 1010 1975 eligam,

186 1983 333 2018 quomodo
346 1984 375 2009 et
387 1985 530 2017 quantum
544 1984 587 2010 l'ru
594 1985 722 2011 mentum
735 1986 859 2017 servent,
872 1992 929 2020 quo
940 1986 1012 2011 tem-

186 2034 254 2064 pore
277 2029 305 2055 et
329 2030 439 2062 quanto
469 2027 560 2063 pretio
590 2027 661 2055 illud
691 2028 833 2061 vendant;
863 2029 1011 2056 uudenam

185 2072 264 2100 aliud
294 2072 426 2107 dignum,
443 2080 493 2100 seu
522 2071 588 2100 vilis
618 2073 713 2108 pretii,
737 2073 898 2105 inveniant,
918 2073 1012 2101 redire

185 2118 303 2151 faciant,
321 2118 422 2153 sicque
437 2118 473 2146 de
497 2126 530 2146 eo
546 2118 656 2154 aliquid
680 2118 846 2153 lucrentur;
864 2121 1011 2155 quomodo

186 2164 273 2190 etiam
289 2163 326 2190 de
342 2162 409 2190 vino
426 2163 552 2190 l'ructtim
578 2163 704 2198 capiant.
721 2163 862 2190 Servandi
878 2166 948 2191 sunt
971 2164 1011 2190 vi-

186 2206 268 2234 nacei
285 2206 359 2234 acini
370 2206 585 2242 eleemosynam
604 2207 803 2243 poscentibus,
815 2208 909 2244 magis
924 2207 1011 2235 etiam

186 2252 305 2279 furi'ur:
327 2251 436 2278 talibus
461 2251 538 2278 enim
564 2254 694 2287 tempore
725 2252 809 2279 famis
838 2253 914 2280 bona
943 2255 1013 2279 sunt

187 2297 244 2324 ista
260 2295 295 2323 ad
318 2295 521 2323 nutriendum.
538 2295 664 2323 Proximi
690 2297 795 2324 domus
821 2297 905 2324 bonis
929 2299 1012 2324 terrae

187 2340 315 2375 repletur
336 2348 342 2367 :
366 2339 542 2367 inhabitanti
567 2340 667 2375 gravia
690 2341 801 2368 tributa
824 2343 894 2368 sunt
917 2341 1011 2376 impo-

187 2384 294 2411 nenda.
312 2385 394 2411 Intus
420 2387 516 2411 autem
542 2387 611 2412 sunt
635 2385 739 2412 divites
763 2385 897 2412 homines
913 2393 945 2412 ex
959 2393 1010 2412 va-

188 2428 239 2455 riis
264 2429 520 2463 negotiationibus,
537 2431 565 2456 et
581 2429 699 2456 aliunde
716 2438 721 2456 :
741 2429 785 2456 bis
810 2429 938 2456 claustra
959 2438 1010 2456 au-

187 2472 282 2507 genda
302 2475 380 2499 sunt.
396 2472 519 2504 Quidam
537 2481 551 2500 ο
566 2473 699 2509 patribus
725 2473 850 2510 agellum
877 2473 1011 2501 excolens

186 2517 216 2544 in
230 2516 426 2552 suspicionem
438 2518 519 2545 venit
533 2517 599 2545 inde
614 2517 832 2551 lucriiaciendi;
851 2519 1011 2546 mutandus

185 2564 230 2589 est
246 2563 340 2594 caute,
358 2569 393 2588 ne
406 2561 487 2588 solus
502 2563 644 2589 comedat.
663 2562 810 2598 Extemplo
832 2562 960 2589 famulus
975 2563 1011 2590 ad

185 2606 365 2634 reddendam
392 2606 533 2633 rationem
559 2607 683 2639 cogitur;
701 2613 730 2634 et
744 2607 803 2634 sive
827 2606 901 2633 nihil
925 2607 1012 2634 habet

185 2651 400 2679 condemnatur
416 2652 448 2677 ut
464 2650 630 2686 imperitus,
643 2654 674 2678 ut
685 2651 819 2686 simplex,
831 2654 863 2678 ut
877 2651 1010 2687 insanus,

185 2697 245 2724 sive
260 2697 358 2723 autem
374 2694 404 2722 in
421 2694 577 2722 manifesta
599 2695 784 2731 possessione
799 2695 1009 2731 deprehensus,

222 2776 279 2810 (12)
305 2776 430 2804 Practica
458 2777 520 2803 erat
548 2775 763 2804 administratio
792 2784 890 2804 rerum
919 2778 1009 2803 mate-

188 2811 318 2844 rialium,
343 2812 399 2839 cibi
420 2813 456 2848 ret
483 2811 644 2848 redituum;
670 2812 778 2848 duplex
807 2811 1009 2848 distinguitur,

189 2853 249 2875 una
267 2847 354 2882 bona,
369 2847 447 2875 male.
471 2847 573 2882 altera,
588 2856 652 2883 quae
669 2849 696 2876 id
713 2847 803 2876 unum
828 2847 1008 2884 intendebat,

1101 1453 1160 1490 ριζ“.
1185 1455 1239 1488 Τῆς
1275 1447 1306 1480 τε
1343 1452 1500 1490 ἁγιωτάτης
1536 1452 1698 1488 Ἑκκλησίας
1730 1451 1895 1488 ,ὶπιθυμεῖτε

1067 1497 1126 1533 μὲν,
1143 1497 1231 1534 οἶμαι,
1247 1497 1283 1528 ὡς
1309 1496 1404 1525 δοῦλοι
1430 1499 1548 1532 Χριστοῦ
1571 1497 1615 1524 καὶ
1649 1498 1716 1533 ἡμῖν
1727 1494 1895 1529 σύνδουλοι·

1065 1541 1200 1579 ἀπάγεσθε
1223 1541 1251 1570 δὲ
1273 1544 1322 1569 τοῦ
1347 1541 1441 1581 ἐφετοῦ
1464 1540 1508 1569 διὰ
1520 1542 1551 1568 τὸ
1580 1541 1732 1578 ἐργατικὸν,
1750 1540 1782 1568 οῦ
1813 1540 1896 1578 χάριν

1065 1583 1197 1624 ῥέμϐεσοε
1223 1586 1257 1613 τὰ
1285 1585 1378 1614 πολλὰ
1405 1586 1437 1613 τὸ
1467 1586 1514 1622 μὲν
1545 1583 1664 1623 ἀκριϐῶς
1693 1585 1774 1623 ἔργον
1800 1585 1895 1624 ἀφιέν-

1064 1641 1119 1664 τες,
1148 1633 1207 1662 τοῖς
1235 1629 1263 1657 ’δὲ
1294 1630 1440 1668 παρέργοις
1477 1627 1675 1667 ἐντριϐόμενοι·
1713 1629 1758 1656 καὶ
1795 1628 1895 1657 λεπτὸν

1067 1675 1114 1711 μὲν
1131 1673 1232 1706 εἰδότες
1258 1673 1347 1710 οὐδὲν,
1377 1673 1411 1701 δι’
1425 1673 1456 1701 οὖ
1472 1673 1600 1712 ἀγγέλοις
1624 1671 1679 1701 ἔστι
1699 1674 1894 1708 συνάπτεσθαι,

1064 1721 1117 1746 τῶν
1146 1717 1174 1746 δὲ
1199 1719 1310 1757 παχέων
1339 1719 1384 1746 καὶ
1411 1719 1482 1746 οὕτω
1513 1718 1616 1756 βαρέων
1647 1717 1890 1755 μεταποιούμενοι,

1066 1762 1100 1790 δι’
1126 1763 1162 1790 ὧν
1192 1767 1358 1791 κατασπᾶται
1389 1764 1403 1790 ὁ
1433 1762 1574 1795 θεόσδοτος
1602 1765 1663 1794 νοῦς
1693 1762 1732 1794 εἷς
1755 1766 1818 1800 γῆν,
1843 1765 1894 1790 τοῦ

1066 1808 1264 1845 ἀνωφορεῖσοαι
1293 1807 1513 1845 παραλυόμενος.
1536 1808 1680 1840 Κὰντεῦθεν
1709 1807 1723 1834 ὁ
1738 1810 1803 1844 παρ’
1821 1807 1893 1843 ὑμᾶς

1065 1854 1169 1890 φοιτῶν
1196 1852 1254 1879 ἀντὶ
1284 1852 1460 1889 σεμνότητος,
1489 1852 1534 1880 καὶ
1563 1852 1696 1886 συννοίας,
1726 1851 1771 1878 καὶ
1801 1851 1894 1887 εὐπρε-

1065 1896 1154 1931 πείας,
1181 1897 1225 1924 καὶ
1257 1898 1400 1933 μαθήσεως
1431 1896 1545 1934 ἀγαθῆς,
1571 1896 1672 1930 ἄπεισι,
1708 1895 1794 1932 μηδὲν
1824 1895 1891 1923 ἀπο-

1065 1941 1180 1977 νάμενος
1209 1943 1262 1968 τῶν
1292 1941 1426 1976 ἀσκητῶν,
1458 1941 1476 1976 ἣ
1508 1941 1594 1978 μόνην
1625 1939 1729 1976 εἷ’δησιν
1746 1941 1890 1978 βιωτικῆν,

1064 1985 1109 2013 καὶ
1139 1985 1221 2020 αὐτὴν
1238 1985 1287 2013 οὐκ
1316 1985 1435 2023 εὐγενῆς,
1463 1985 1526 2013 ἀλλ’
1550 1985 1589 2017 εἶς
1617 1985 1648 2013 τὸ
1677 1988 1729 2012 πᾶν
1763 1983 1890 2022 χυδαίαν·

1066 2030 1134 2064 οἷον,
1164 2030 1200 2061 ὡς
1229 2030 1259 2057 ἐκ
1285 2029 1398 2058 πολλων
1429 2029 1555 2068 ἀλίγιστα
1583 2030 1674 2069 φάναι,
1705 2031 1764 2060 πῶς
1795 2028 1824 2056 ἃν
1847 2028 1892 2056 καὶ

1066 2074 1108 2101 ἐπὶ
1136 2074 1219 2102 πόσον
1250 2073 1420 2112 φυλάξωνται
1435 2075 1466 2102 τὸ
1491 2075 1622 2113 σιτάριον,
1644 2073 1689 2102 καὶ
1712 2073 1816 2109 πηνίκα
1831 2083 1892 2100 και-

1066 2121 1115 2155 ροῦ
1139 2118 1248 2146 πολλοῦ
1276 2120 1433 2154 τιμήματος
1462 2117 1621 2146 ἀποδῶνται
1651 2118 1727 2146 αὐτό“
1757 2117 1840 2150 πόθεν
1866 2115 1894 2144 δὲ

1065 2163 1110 2190 καὶ
1126 2163 1270 2200 εὑρηκότες
1284 2162 1355 2190 ἄλλο
1384 2161 1468 2198 ἄξιον,
1497 2163 1595 2190 ταυτὸν
1609 2161 1632 2190 δ’
1658 2162 1754 2196 εἰπεῖν,
1780 2160 1892 2195 εὔωνον,

1066 2206 1249 2241 εἷσοδιάοωσι,
1287 2207 1331 2235 καὶ
1372 2207 1443 2235 οὕτω
1472 2206 1625 2243 κερδήσωσι
1659 2207 1703 2234 καὶ
1734 2205 1770 2233 δι’
1799 2206 1890 2233 αὐτοῦ’

1066 2254 1125 2282 πῶς
1155 2250 1178 2278 δ’
1206 2251 1236 2278 ἂν
1253 2251 1298 2279 καὶ
1322 2251 1366 2279 hri
1394 2251 1434 2289 τῷ
1464 2251 1531 2288 οἴκῳ
1557 2252 1641 2279 ταυτὰ
1663 2250 1819 2278 διάϐωνται.
1851 2250 1893 2278 Τὰ

1065 2295 1177 2334 γίγαρτα
1190 2295 1339 2335 φυλακτέον
1356 2295 1394 2327 εῗίς
1422 2306 1483 2323 τινα
1511 2295 1700 2332 ἐλεημοσύνην
1729 2298 1787 2326 τοῖς
1812 2295 1891 2327 ἀπαι-

1066 2343 1153 2374 τοῦσι,
1189 2341 1232 2368 καὶ
1272 2340 1310 2372 εἷς
1343 2340 1427 2368 πλέον
1454 2341 1489 2368 τὰ
1517 2339 1626 2378 πίτυρα·
1656 2339 1729 2367 καλὰ
1756 2339 1806 2378 γὰρ
1834 2341 1892 2370 τοῖς

1066 2385 1202 2416 τοιούτοις
1229 2385 1273 2412 ναὶ
1304 2384 1370 2412 αὐτὰ
1392 2384 1418 2412 ἐν
1441 2385 1559 2421 ἡμὶραις
1581 2383 1666 2421 λιμοῦ
1682 2384 1720 2415 εἰς
1734 2384 1889 2422 χόρτασμα.

1067 2430 1098 2458 Ἦ
1139 2429 1268 2467 παροικία
1307 2429 1485 2464 ἐνευθητεῖται
1527 2432 1586 2459 τοῖς
1623 2428 1652 2463 ἐκ
1686 2432 1740 2466 γῆς
1769 2429 1887 2466 ἀγαθοῖς·

1066 2473 1270 2512 φορολογητὲον
1287 2472 1337 2510 ὂίρα
1351 2473 1414 2504 τοὺς
1429 2473 1455 2500 ἐν
1479 2473 1546 2510 αὐτῇ
1573 2473 1733 2511 βαρύτερον.
1759 2474 1789 2500 ’ll
1821 2471 1888 2499 ἐνοι-

1065 2518 1111 2546 κία
1132 2518 1317 2549 πλουτοῦντας
1339 2517 1397 2556 ἔχει
1418 2516 1515 2555 ἄνδρας
1544 2515 1574 2545 ἔκ
1597 2528 1628 2545 τε
1652 2517 1794 2555 ἐμποριῶν
1822 2527 1890 2544 παν-

1065 2561 1190 2591 τοδαπῶν
1228 2562 1273 2589 καὶ
1310 2560 1444 2589 ἄλλοθενι
1475 2561 1639 2598 ἐπαυξητέον
1669 2561 1714 2589 οὖν
1740 2561 1833 2595 αὐτοῖς
1859 2560 1889 2587 τὸ

1067 2607 1253 2645 στεγανόμιον.
1284 2605 1417 2646 Ἀδελφὸς
1445 2607 1459 2634 ὁ
1475 2605 1549 2634 δεῖνα
1562 2606 1593 2633 τὸ
1607 2610 1657 2641 τῆς
1675 2608 1762 2642 μονῆς
1785 2604 1889 2639 κτησεί-

1066 2650 1121 2679 διον
1153 2651 1391 2690 ἀμφιπονούμενος
1422 2651 1550 2678 ὑπόνοιαν
1579 2652 1705 2687 πέμπει,
1743 2647 1887 2687 κερδαίνειν

1065 2696 1174 2729 ἐκεῖθεν·
1206 2695 1396 2733 μετελευστὲον
1411 2695 1456 2724 οὖν
1472 2695 1551 2723 αὐτὸν
1566 2695 1670 2731 δεξιῶς,
1688 2695 1727 2732 μή
1744 2694 1788 2722 καὶ
1804 2703 1888 2731 μονο-

1065 2779 1098 2804 ut
1113 2777 1228 2805 divitias
1253 2776 1426 2804 cumularet.
1444 2776 1557 2805 Theoria
1581 2776 1616 2804 de
1641 2775 1729 2804 rebus
1752 2773 1886 2810 spiritua-

1063 2812 1143 2877 iJibtus
1155 2817 1219 2877 ιειιιι,
1244 2812 1493 2841 intellectualibus
1517 2813 1650 2848 curabat,
1665 2811 1778 2848 litteras
1799 2810 1886 2847 doce-

1085 2857 1101 2877 a
1116 2871 1123 2878 .
1139 2857 1154 2877 e
1169 2857 1193 2878 c.

1115 2871 1123 2885 ,
1139 2869 1193 2878 νιν.
