2018 3158
119 209 179 240 829

624 214 676 244 DE
698 214 942 246 EMENDANDA
965 216 1059 249 VITA
1081 215 1323 246 MONACHICA.

1764 217 1824 246 830

117 274 169 313 γὰρ
183 274 296 310 ἐκεῖνος,
317 276 362 303 καὶ
387 279 480 315 τρυγᾷ,
504 278 549 305 καὶ
576 278 655 314 ἀλοᾷ,
682 280 728 307 καὶ
753 280 835 316 ληνὸν
862 284 937 309 πατεῖ

996 282 1104 318 cipitur
1119 281 1154 309 ad
1171 281 1295 309 salutem
1310 280 1472 316 fallaribus,
1482 281 1533 309 sed
1550 281 1672 310 utilibus
1687 282 1723 310 ad
1740 290 1826 318 nego-

119 319 294 355 μονώτατος’
324 321 368 348 καὶ
410 321 549 357 ἀποθήκας
578 324 624 355 τάς
654 325 700 360 μὶν
732 328 863 361 cuncti,
897 326 943 356 τὰς

119 362 148 391 δὲ
176 365 312 402 καθαιρῶν
350 366 497 404 μεγεθύνει·
527 368 571 395 καὶ
595 368 691 399 ’ίπποις
720 368 827 397 ἐναλύει
846 393 853 405 ,
879 372 943 407 ψευ-

119 406 176 435 δέσι
207 409 254 446 μὶν
283 409 321 441 εἷς
352 411 499 449 σωτηρίαν,
525 415 658 450 χρηστοῖς
684 412 713 440 δὲ
736 414 773 445 εἷς
800 406 942 453 ἐμπορίαν.

119 453 271 489 Ἐμπρέπει
301 453 330 481 δὲ
357 455 402 483 καί
433 454 517 492 ὄνοις,
547 457 584 483 ὦν
611 457 674 488 τοὺς
703 458 750 495 μὶν
775 459 880 494 ἀνίησιν
906 460 945 492 lio;

121 497 260 536 ἐπιγονὴν,
281 501 340 531 τοῖς
363 498 392 527 δέ
413 510 444 537 γε
473 500 596 528 πλείοσιν
620 501 657 533 εἷς
684 501 845 542 ξυλοφορίαν
873 505 944 541 χρῆ-

118 553 173 569 ται·
201 543 227 570 οἳ
256 544 324 581 πρὸς
352 543 463 582 κέρδους
490 548 657 583 φορτηγοῦσι
684 550 743 578 τοῖς
772 548 818 584 μὲν
847 547 943 579 ἄλλοις

121 586 164 614 ἐπὶ
191 587 280 624 ἐξάψει
309 589 406 626 πυρὸς,
442 588 629 622 διακονοῦντος
667 595 726 623 τοῖς
756 591 818 626 ὧδε,
847 595 887 629 τῷ
916 592 944 620 δὲ

121 630 238 670 δεσπότῃ
276 633 344 669 πρὸς
382 632 520 673 φλόγωσιν
558 635 734 670 οιῗωνίζουσαν
771 637 820 672 τήν
864 636 942 666 ἐκεῖ.

119 676 238 704 Πλουτεῖ
267 675 295 704 δὲ
324 677 368 705 καὶ
396 679 534 716 ἡμιόνοις,
560 679 586 708 ἐν
611 682 652 712 οἷς
683 678 943 720 ἕχειξφαντάζεσθαι

119 723 265 760 προσφυῶς
287 722 318 749 τὸ
342 723 401 750 καθ’
429 723 521 751 ἑαυτὸν
547 723 577 751 ἐκ
601 725 686 761 πάντη
712 725 850 762 ἀνομοίων
881 727 942 754 σύν-

120 771 206 797 θετον.
232 766 349 793 Ἐκεῖνοί
375 777 404 794 τε
432 768 482 806 γὰρ
512 768 543 796 τὸ
577 768 680 808 εὐγενὲς
709 771 851 808 ἀχρειοῦσι
879 773 941 805 ζωϊ-

118 810 165 837 κὸν
188 812 222 846 τῇ
253 812 443 849 συνανακράσει
468 815 517 839 τοῦ
547 812 702 851 δυσγενοῦς⁷
730 815 774 842 καὶ
803 815 883 846 αὐτὸς
911 816 942 842 τὸ

119 854 242 893 ἐνάρετον
266 859 362 893 σχῆμα
383 859 422 892 τῷ
446 860 581 894 κοσμικῷ.
608 858 656 886 Καὶ
683 859 748 897 βόας
772 858 801 887 δὲ
825 859 941 888 ἀκολού-

120 899 174 931 θως
202 899 334 938 ἐκτρέφει,
351 901 387 928 ὧν
415 904 499 940 μοῖρα
528 903 576 939 μέν
596 914 637 934 τις
663 903 826 931 ἀποδοθεῖσα
849 905 944 942 χρυσί-

1001 326 1144 354 tiandum.
1160 325 1257 353 Asinis
1272 333 1388 361 quoque
1404 333 1521 360 operam
1539 326 1597 360 dat,
1610 334 1734 361 quorum
1751 335 1823 354 non-

999 370 1095 398 nullos
1111 371 1145 397 ad
1163 370 1362 406 generandum
1374 369 1512 404 destinat,
1525 372 1553 397 et
1568 370 1716 405 plerisque
1733 372 1824 398 utitur

999 416 1034 443 ad
1047 423 1135 443 onera
1147 415 1283 448 ferenda;
1302 414 1390 449 hique
1405 422 1457 450 pro
1469 413 1551 442 lucro
1565 415 1679 442 modico
1692 416 1823 443 sarcinas

999 460 1117 487 fuerunt
1132 460 1166 487 ad
1185 459 1257 486 alios
1266 459 1300 486 ad
1310 459 1632 494 accenJendumignem
1650 459 1697 486 hic
1712 459 1823 495 utilem,

999 506 1027 532 et
1042 505 1077 532 ad
1095 504 1247 532 dominum
1263 503 1298 531 ad
1311 503 1460 530 ﬂammam
1475 505 1611 531 aeternam
1630 503 1698 531 illic.
1716 505 1746 531 Et
1759 513 1823 531 mu-

999 548 1036 576 lis
1052 549 1181 575 abundat
1201 548 1309 584 quibus
1333 548 1406 575 satis
1421 550 1487 583 apte
1512 550 1737 583 repraesentatus
1753 557 1824 576 suus

999 592 1116 620 habitus
1132 601 1147 620 e
1163 593 1250 620 rebus
1266 591 1394 619 totaliter
1406 591 1602 619 dissimilibus
1619 593 1822 628 compositus:

999 637 1041 665 illi
1058 637 1136 665 enim
1153 636 1248 665 nobile
1257 635 1424 665 animalvili
1442 636 1630 671 conjunctum
1643 637 1823 672 deprimunt,

998 682 1061 718 ipse
1077 684 1174 709 autem
1192 681 1348 709 sublimem
1367 680 1500 708 habitum
1517 689 1583 708 cum
1601 681 1761 709 mundano.
1779 682 1827 709 Bo-

998 735 1046 754 ves
1061 726 1149 754 etiam
1167 726 1266 758 nutrit,
1289 734 1413 761 quorum
1432 734 1498 760 pars
1514 725 1571 752 alia
1586 725 1703 753 vendita
1719 734 1824 753 aurum

998 773 1027 798 et
1050 773 1203 806 argentum
1232 770 1324 803 δήϊοι-ι,
1341 772 1370 797 et
1395 769 1450 797 alia
1473 769 1593 797 inservit
1616 769 1652 797 ad
1669 770 1823 798 arandum.

997 815 1128 843 Aliorum
1144 817 1345 842 armentorum
1370 814 1457 841 etiam
1473 822 1573 842 curam
1591 814 1689 847 habet,
1707 815 1823 850 istaque

997 868 1133 896 pecorum
1152 859 1340 887 multitudine
1349 858 1550 886 rationabilem
1564 859 1652 886 vitam
1665 867 1748 887 suam
1760 868 1822 895 per-

998 904 1049 932 dit.
1066 903 1167 931 Clarus
1183 906 1226 931 est
1245 903 1334 931 etiam
1352 912 1368 931 a
1383 903 1481 939 pueris
1497 902 1634 939 agricolis
1650 912 1723 939 quos
1739 904 1820 940 emit,

118 953 180 974 νους
208 944 253 971 καὶ
278 945 392 982 ἀργύρια
420 945 568 985 ἑκπορίσει¹
592 945 669 985 ἕτερα
694 947 723 975 δὲ
747 947 786 980 ei";
808 949 937 987 γεωργικᾶ

200 987 226 998 ἸῘ
322 990 354 998 νη
416 989 422 998 Ι
476 990 483 998 θ
508 990 515 998 ι
571 990 578 998 1
653 991 661 998 κ
685 995 696 998 ..
805 993 811 998 ι
843 992 851 998 ξ
916 994 929 998 μ.

998 957 1062 976 nam
1087 951 1116 976 et
1139 948 1216 976 istud
1247 956 1293 976 res
1317 951 1369 975 est.
1396 948 1450 975 Sed
1477 955 1564 983 quam
1590 948 1625 975 ob
1651 955 1770 975 causam
1793 952 1822 976 et

120 987 294 1016 συντελέσει.
322 990 383 1017 Ἔτι
412 989 425 1016 ὁ
454 990 533 1021 αὐτὸς
569 990 739 1028 ἐπιμελεῖται
768 993 813 1020 καὶ
843 992 942 1028 λοιπῆς

119 1031 225 1067 ἀπάσης
250 1030 419 1070 προῦάσεως,
441 1035 486 1061 καὶ
520 1037 560 1071 τῷ
587 1036 796 1073 βοσκηματώδει
820 1037 912 1073 πληθυ
927 1053 941 1060 -

119 1078 181 1112 σμῷ
209 1075 423 1115 ψευδεπιγραφεῖ
444 1079 475 1106 τὸ
513 1082 560 1107 τοῦ
599 1080 658 1118 βίου
687 1080 801 1120 ἕλλογον
829 1082 938 1118 ἑαυτῷ.

118 1120 168 1147 Καὶ
200 1121 253 1157 μὴν
282 1122 363 1159 αὐχεῖ
390 1124 434 1150 καὶ
463 1123 561 1155 παῖδας
597 1125 763 1164 γεωργικοὺς
791 1126 940 1164 ποριζόμε-

116 1175 172 1195 νος.
197 1165 250 1193 Καὶ
278 1168 357 1194 τοῦτο
384 1168 431 1203 μὲν
456 1170 635 1205 κτηματικόν.
662 1170 741 1199 Ἱνοιτί
767 1169 796 1198 δὲ
816 1171 860 1198 καὶ
875 1182 937 1199 παι-

116 1207 234 1246 δίσκας,
262 1210 308 1238 καῖ
343 1211 424 1243 αὐτας
462 1213 651 1250 ἀσυμμέτρους
683 1217 723 1251 τῷ
749 1217 803 1242 τῶν
832 1215 938 1243 παίδων

113 1253 233 1291 ἀριθμῷ,
271 1255 308 1286 ὡς
348 1256 553 1294 ὑπιρεκπίπτειν
585 1261 625 1295 τῷ
652 1259 937 1296 πληθυσμῷ;Ταῦτά

111 1308 142 1324 τε
158 1297 202 1325 οὖν
220 1299 233 1326 ὁ
259 1299 345 1331 οὕτως
373 1301 410 1332 εἷς
440 1302 573 1338 ἁμαρτίαν
599 1301 774 1340 ἐκδεδομένος
803 1303 935 1341 πλημμε-

113 1341 166 1378 λεῖ,
183 1343 227 1370 καὶ
244 1342 328 1371 λοιπὰ
351 1343 378 1372 δὲ
398 1346 455 1372 καθ’
480 1346 574 1384 εἱρμὸν
601 1346 683 1383 ἄλλα,
707 1348 817 1380 ὁπόσοις
841 1349 855 1376 ὁ
871 1359 934 1376 κοσ-

113 1387 193 1423 μικὸς
232 1386 380 1425 ἐντρίϐεται
415 1389 578 1428 ἅνθρωπος·
608 1392 774 1429 ἀσκούμενος
807 1393 852 1421 καὶ
878 1404 936 1420 το-

111 1430 262 1470 κογλυφεῑν
290 1433 304 1460 ὁ
343 1432 459 1465 ἐλεεινὸς
490 1433 683 1470 κοινοϐιακὸς,
720 1437 764 1464 καὶ
801 1438 934 1469 παντοίως

998 993 1121 1029 puellas,
1137 1001 1246 1028 easque
1262 992 1360 1028 plures
1384 1000 1435 1028 pro
1452 999 1570 1019 numero
1597 1000 1765 1028 puerorum,
1781 992 1822 1020 ita

998 1040 1031 1065 ut
1046 1037 1167 1065 nimium
1182 1037 1342 1070 abundent,
1359 1036 1508 1072 acquirere
1519 1037 1532 1064 ‘2
1556 1036 1621 1064 Haec
1638 1036 1727 1072 igitur
1741 1039 1824 1065 curat

996 1082 1051 1110 iste
1066 1085 1184 1118 peccato
1211 1081 1357 1115 addictus,
1376 1084 1405 1108 et
1431 1089 1612 1117 quaecunque
1638 1080 1695 1108 alia
1716 1089 1822 1109 conse-

996 1129 1137 1162 quuntur,
1152 1125 1316 1162 quibusque
1341 1125 1429 1153 homo
1455 1125 1624 1153 mundanus
1641 1125 1819 1161 implicatur.

996 1171 1095 1199 Usum
1111 1172 1209 1199 studet
1222 1170 1269 1198 hic
1283 1170 1437 1206 cosnobita,
1453 1170 1665 1197 abundantiam
1681 1170 1761 1198 omni
1777 1179 1821 1198 ra-

994 1216 1072 1244 tione
1087 1215 1201 1251 quzerit,
1214 1215 1256 1243 ita
1271 1218 1303 1242 ut
1318 1215 1446 1242 moriens
1461 1214 1619 1249 aliquando
1635 1214 1754 1242 inimico
1772 1223 1817 1242 sa-

991 1261 1062 1288 lutis
1079 1262 1185 1287 nostra!
1201 1260 1340 1294 animam,
1354 1261 1382 1286 et
1397 1259 1574 1286 monasterio
1586 1258 1731 1294 relinquat
1746 1259 1816 1286 veti-

991 1307 1036 1332 tas
1056 1304 1257 1340 possessiones
1280 1303 1496 1331 consumendus
1524 1303 1552 1330 in
1569 1303 1681 1331 deliciis
1699 1312 1815 1339 prover-

990 1348 1118 1377 bialibus
1142 1348 1262 1382 scilicet,
1289 1356 1345 1376 non
1371 1348 1500 1383 proiecto
1526 1347 1554 1375 in
1580 1347 1691 1375 deliciis
1717 1348 1817 1376 fratris

991 1394 1041 1430 qui
1059 1393 1129 1421 abiit
1151 1393 1261 1426 infelix,
1279 1395 1306 1420 et
1327 1402 1344 1420 ιι
1359 1391 1516 1420 venerabili
1542 1395 1624 1428 patre
1646 1392 1817 1421 reconcilia-

992 1441 1040 1466 tus
1056 1441 1111 1472 est,
1127 1440 1228 1465 contra
1244 1438 1298 1466 fas.

115 1475 328 1519 μεθοδευόμενος
357 1478 395 1510 εἷς
421 1481 646 1517 περιουσιασμόν·
670 1480 716 1508 ἵνα
744 1483 829 1509 Θανών
869 1493 934 1510 ποτε
970 1481 1010 1518 τῷ
1043 1481 1090 1518 μὲν
1116 1481 1207 1519 ἐχθρῷ
1231 1484 1280 1516 τῆς
1308 1480 1444 1518 σωτηρίας
1469 1481 1549 1516 ἡμῶν
1575 1481 1624 1515 τήν
1650 1481 1752 1518 ψυχήν,
1776 1483 1816 1516 τῷ

113 1518 143 1563 δὲ
176 1521 377 1560 φροντιστηρίῳ
406 1525 556 1560 παραθήσει
585 1525 633 1556 τὰς
663 1525 849 1557 ἀκανονίστους
873 1526 1045 1561 ἐπικτήσεις,
1077 1518 1278 1563 βροχισομένας
1303 1524 1328 1556 ἐς
1358 1525 1516 1562 μακαρίαν,
1543 1525 1593 1558 τὴν
1630 1525 1816 1562 παροιμιακῆν

114 1562 261 1599 δήπουθεν·
293 1566 323 1594 οὐ
351 1566 401 1605 γὰρ
431 1566 538 1604 δηλαδὴ
565 1570 615 1604 τήν
640 1572 688 1598 τοῦ
715 1569 845 1610 ἀδελφοῦ·
874 1582 902 1602 ος
931 1570 1042 1599 ἀπέλθοι
1071 1562 1100 1597 ἃν
1132 1562 1196 1600 ίίσως
1225 1568 1331 1604 ἅθλιος,
1357 1569 1408 1596 ὑπὸ
1433 1571 1481 1596 τοῦ
1503 1568 1597 1605 τιμίου
1617 1569 1716 1605 πατρὸς
1735 1579 1817 1603 κατη-

108 1609 260 1646 ρτισμένος,
278 1611 315 1642 ὡς
330 1611 380 1639 οὑκ
394 1611 489 1650 ἐχρῆν.

145 1664 213 1700 ρκγ’.
230 1665 280 1691 Καὶ
311 1665 381 1692 οὕτω
412 1666 458 1702 μὲν
489 1667 514 1694 οἱ
544 1667 570 1695 ἐν
593 1669 660 1704 ἡμῖν
686 1668 765 1708 σοφοὶ
785 1669 930 1707 πρακτικοὶ
946 1671 968 1704 C

109 1707 238 1745 βόσκουσι
275 1709 322 1736 τὸν
359 1709 385 1736 έν
421 1710 514 1742 αὐτοῖς
550 1710 682 1740 πλούσιον
726 1713 906 1751 εἶσαγωγικόν
924 1734 931 1742 .

107 1752 215 1787 Πένητα
241 1751 270 1780 δὲ
298 1751 501 1791 ἀπολαϐόντες,
531 1756 576 1783 καὶ
605 1756 684 1784 αὐτὸν
715 1757 751 1788 ὡς
779 1758 812 1785 τὰ
840 1757 933 1785 πολλᾶ

107 1794 167 1824 οῧτι
188 1796 292 1832 ἑκόντα,
318 1798 385 1835 μετὰ
410 1799 522 1835 πολλῆς
549 1799 578 1828 δὲ
599 1801 718 1838 ὅτιμάλα
734 1802 931 1840 πραγματείας,

106 1840 130 1868 εἰ
146 1841 228 1878 μόνον
254 1840 359 1879 οἴκημα
383 1842 508 1881 καλυϐίῳ
535 1846 678 1882 παρεοικός
703 1846 811 1874 ὕπεστιν
829 1846 931 1883 ἐκείνῳ,

106 1884 134 1912 ἐν
157 1886 255 1924 καιρίῳ
280 1887 366 1915 τόπου
395 1888 527 1925 κείμενον,
554 1889 576 1917 ὣ
606 1892 652 1918 οἷα
676 1891 859 1919 τεκταίνονται
887 1891 931 1919 καὶ

107 1929 134 1957 ἄν
166 1930 261 1967 ἐκείνῳ
284 1932 328 1959 καὶ
358 1931 392 1960 δι’
422 1933 540 1961 ἐκείνοιν
567 1934 593 1962 ἐν
617 1934 708 1972 ἐκείνῳ
731 1936 789 1972 μὲν,
819 1936 859 1964 ὅτι
883 1936 934 1963 οὐκ

107 1973 202 2013 ἀφιᾶσι
232 1974 275 2003 διὰ
313 1976 374 2015 βίου
411 1978 457 2005 τὸν
488 1977 631 2017 ἄνθρωπον
660 1980 841 2008 ἀναπαύεσθαι
870 1981 933 2018 παρ’

107 2018 202 2051 αὐτοῖς
217 2042 224 2056 .,
254 2020 462 2058 εὖτελιζόμενον
476 2045 483 2058 ,
513 2022 737 2060 ἐξουθενούμενον
757 2048 765 2059 ,
793 2022 931 2062 παραϐλέ-

106 2063 237 2100 πόμενον,
264 2064 354 2094 τᾶλλα
380 2065 532 2104 πάσχοντα,
555 2068 593 2095 ὧν
623 2071 770 2106 πειρῶνται
789 2067 932 2096 καλυϐῖται

107 2107 248 2147 ἅνθρωποι
288 2111 333 2137 καὶ
371 2110 525 2144 ἆωντελεῖς
565 2112 615 2139 ὑπὸ
655 2111 792 2140 δεσποτῶν
832 2113 878 2144 οὓς
914 2114 931 2148 ἡ

107 2154 196 2193 τρυφή
223 2155 366 2193 καταφέρει
394 2157 446 2183 τῶν
486 2156 617 2184 τοιούτων
646 2157 684 2188 εἷς
712 2157 905 2196 περιφρόνησιν
924 2167 931 2174 ⁸

109 2196 145 2225 δι’
160 2197 262 2226 ἐκείνου
278 2198 316 2236 δὲ,
342 2200 383 2227 ὅτι
409 2199 575 2239 ἐνεδρεύουσι
603 2203 840 2239 παρακαθήμενοι,
867 2202 934 2230 πότε

106 2244 156 2270 τοῦ
185 2243 387 2279 πλησιάζοντος
414 2246 448 2282 τῇ
477 2247 607 2284 πτωχικῇ
634 2244 740 2284 καλύϐῃ
769 2246 908 2283 ἀμπελίου
924 2271 932 2284 ,

108 2287 127 2323 ἢ
157 2286 280 2325 ἀγριδίου
298 2312 304 2324 ,
335 2289 389 2317 εἴτε
417 2289 593 2326 οἰκήματος,
623 2289 677 2318 είίτε
715 2290 797 2327 ληΐου
840 2292 934 2329 καιρὸν

109 2330 231 2359 λάϐωσιν
264 2332 369 2365 εὔθετον
406 2333 597 2372 ἐπιδράξασθαι
616 2345 622 2352 ’
653 2336 671 2371 ἢ
709 2336 835 2373 ἄγξαντες
870 2336 932 2367 τοὺς

109 2376 140 2403 ἐκ
154 2377 295 2413 γειτόνων,
312 2378 329 2412 ἢ
350 2379 395 2406 καὶ
417 2379 663 2417 ὑποποιησάμενοι.
685 2380 733 2407 Καί
759 2381 831 2408 οὕτω
850 2381 934 2419 πυρὸς

110 2419 189 2455 δίκην
218 2421 415 2459 ἐπινεμομένου
443 2427 502 2455 τοῖς
531 2425 741 2463 παρακειμένοις
766 2424 934 2464 ἐπεισφροῦ-

110 2476 163 2500 σιν,
177 2464 231 2504 οὐχ
246 2465 286 2493 ὅτι
316 2467 409 2504 χρείαν
434 2465 556 2506 ἔχουσιν,
581 2468 646 2496 ἀλλ’
667 2468 713 2496 ’ίνα
735 2470 780 2497 καὶ
806 2470 837 2497 τὸ
851 2469 934 2506 ἀνεξέο

111 2508 223 2547 λεγκτον
243 2531 250 2544 ,
280 2509 319 2549 ἐφ’
358 2511 397 2542 οἷς
426 2511 640 2549 πλημμελοῦσιν
658 2536 666 2549 ,
694 2512 780 2551 ἔχωσι
808 2516 842 2552 τῇ
870 2514 933 2551 ἐρη-

112 2553 161 2590 μίᾳ
204 2554 257 2581 τῶν
300 2553 534 2591 πλησιαζὸντων,
571 2557 616 2584 καὶ
658 2558 727 2596 πρὸς
769 2560 803 2596 τῇ
845 2557 934 2586 πολυ-

109 2599 270 2636 κτημοσύνῃ
312 2599 358 2626 καὶ
401 2597 512 2639 φοϐεροὶ
555 2599 664 2638 δόξωσι,
703 2602 748 2630 καὶ
791 2602 891 2634 πάννας
927 2602 964 2634 ὡς

111 2653 223 2681 γωνται.

149 2696 214 2735 ρκδ’.
243 2697 364 2731 Τοιαύτη
401 2699 446 2726 καὶ
476 2698 542 2734 αὕτη
573 2701 708 2738 πρακτικὴ
739 2700 803 2738 παρ’
832 2699 933 2732 αὐτοῖς.

113 2742 171 2776 Τήν
202 2741 230 2770 δὲ
256 2742 368 2778 λοιπήν,
399 2743 448 2778 ὅση
479 2742 696 2782 δημοτικωτέρα,
721 2745 766 2772 καὶ
788 2745 935 2782 παχυτέρῳ

113 2786 294 2824 κεχρωσμένη
320 2789 361 2824 τῷ
389 2786 487 2825 ῥύπῳ,
513 2788 717 2824 στηλιτευτικὸς
743 2789 812 2826 ἀνὴρ
841 2788 935 2817 ἐπιλέ-

115 2831 193 2866 ξηται
222 2831 252 2858 ἃν
281 2832 319 2863 εἷς
349 2831 418 2868 ὕλην
447 2836 564 2870 γραφῆς,
595 2834 678 2872 οὗπερ
709 2836 824 2872 μακροῖς
850 2833 935 2871 ὁρίοις

115 2877 199 2913 ἡμεῖς
223 2876 422 2914 ἀφεστήκαμεν,
452 2877 478 2905 οἱ
508 2879 546 2915 μὴ
576 2879 644 2917 πρὸς
671 2878 851 2917 ἀγανάκτησιν
874 2877 934 2918 ἄρτι

1024 1669 1084 1697 123.
1102 1669 1158 1696 lsto
1175 1668 1260 1696 modo
1277 1668 1422 1703 sapientes
1438 1667 1558 1703 practici
1574 1667 1650 1703 apud
1670 1675 1722 1695 nos
1738 1667 1816 1695 novi-

986 1714 1062 1742 tium
1087 1722 1121 1741 ex
1147 1713 1219 1748 ipsis
1247 1712 1365 1740 divitem
1393 1714 1531 1740 tractant.
1563 1713 1721 1748 Pauperem
1749 1720 1815 1740 vero

988 1758 1162 1794 plerumque
1179 1757 1300 1785 minime
1315 1756 1471 1788 volentem.
1487 1760 1516 1784 et
1530 1765 1618 1792 quam
1635 1757 1762 1784 maxime
1774 1764 1816 1783 re-

985 1802 1146 1830 luctantem
1162 1801 1334 1837 |Iaccipiunt,
1361 1801 1446 1828 modo
1469 1800 1670 1828 habitaculum
1697 1800 1816 1836 tugurio

987 1847 1084 1875 simile
1119 1846 1279 1882 possideat,
1309 1845 1338 1872 in
1375 1845 1435 1873 loco
1469 1845 1573 1873 idoneo
1609 1845 1713 1878 situm,
1740 1845 1815 1872 eheu

987 1894 1097 1927 quanta
1112 1891 1189 1919 mala
1205 1890 1233 1918 in
1249 1899 1328 1924 eum,
1344 1892 1372 1918 et
1389 1898 1440 1926 per
1454 1898 1520 1918 eum
1537 1889 1764 1917 machinantur!
1784 1890 1814 1917 In

987 1944 1054 1964 eum
1072 1936 1202 1971 quidem,
1218 1944 1251 1963 eo
1267 1935 1344 1970 quod
1362 1934 1440 1962 hunc
1457 1934 1606 1962 hominem
1624 1934 1815 1970 tranquillam

988 1981 1076 2014 vitam
1093 1988 1178 2016 agere
1198 1979 1275 2015 apud
1292 1988 1323 2007 se
1348 1988 1404 2007 non
1422 1979 1606 2014 permittunt,
1623 1979 1673 2006 sed
1690 1982 1817 2006 contem-

988 2027 1073 2059 nunt,
1099 2025 1183 2052 nihili
1200 2025 1321 2056 faciunt,
1345 2024 1523 2059 despiciunt,
1549 2024 1666 2059 aliaque
1680 2024 1817 2058 ingerunt

988 2069 1088 2106 qualia
1102 2069 1255 2105 patiuntur
1270 2068 1405 2096 homines
1422 2076 1564 2104 pauperes
1580 2071 1609 2095 et
1624 2068 1719 2095 idiota;
1737 2076 1753 2094 a
1768 2068 1816 2094 do-

988 2113 1076 2141 minis
1093 2113 1122 2140 in
1138 2115 1337 2147 contemptum
1364 2112 1503 2148 superbia
1518 2112 1663 2139 adductis.
1683 2112 1734 2139 Per
1747 2119 1815 2138 eum

987 2157 1077 2186 etiam
1093 2165 1160 2185 cum
1177 2157 1359 2185 adhaerentes
1373 2156 1562 2191 insidiantur,
1580 2156 1727 2192 quomodo
1746 2158 1818 2183 tem-

988 2211 1044 2238 pus
1059 2204 1160 2238 aptum
1186 2201 1336 2229 inveniant
1361 2201 1396 2229 ad
1414 2201 1615 2236 usurpandum
1638 2200 1753 2228 vineam
1769 2201 1816 2227 tu-

988 2246 1071 2284 gurio
1097 2246 1270 2282 proximam,
1287 2245 1349 2273 sive
1370 2245 1510 2281 agellum,
1525 2245 1585 2272 sive
1600 2244 1816 2279 habitaculum,

988 2292 1048 2320 sive
1073 2291 1182 2326 fruges,
1209 2289 1313 2317 vicinis
1338 2292 1388 2317 aut
1415 2289 1565 2317 suffocatis
1595 2291 1646 2316 aut
1675 2288 1816 2323 subjectis

988 2336 1082 2364 instar
1110 2335 1238 2363 incendii
1268 2335 1445 2370 devorantis,
1475 2333 1665 2367 insidiantur,
1693 2341 1750 2360 non
1785 2335 1817 2360 ut

989 2381 1144 2409 utilitatem
1165 2379 1233 2407 inde
1257 2379 1384 2414 capiant,
1402 2379 1451 2406 sed
1471 2381 1501 2406 ut
1515 2378 1551 2406 de
1576 2377 1736 2406 sceleribus
1752 2377 1814 2405 suis

989 2434 1047 2453 non
1063 2425 1288 2460 redarguantur,
1305 2424 1380 2451 facta
1406 2423 1567 2451 vicinorum
1594 2422 1771 2455 solitudine;
1787 2424 1815 2449 et

989 2472 1022 2497 ut
1036 2469 1189 2497 videantur
1204 2476 1261 2496 non
1278 2468 1362 2496 modo
1379 2468 1509 2501 ditiores,
1526 2467 1576 2495 sed
1592 2467 1679 2495 etiam
1695 2466 1813 2494 terribi-

989 2513 1042 2549 les,
1058 2521 1217 2549 omnesque
1235 2513 1307 2541 alios
1320 2513 1350 2540 in
1367 2513 1537 2541 servitutem
1554 2511 1588 2546 si,
1604 2511 1743 2548 possibile
1758 2513 1813 2548 est,

989 2559 1132 2595 redigant.

1004 2601 1041 2633 εἷς
1083 2600 1208 2630 δουλείαν
1245 2600 1452 2632 ἐλαττώσαντες.
1491 2599 1516 2628 εἴ
1553 2599 1676 2634 δυνατὸν,
1713 2598 1813 2637 ὑπαγά-

1027 2701 1086 2729 124.
1103 2701 1187 2729 Tales
1203 2702 1271 2729 sunt
1284 2701 1361 2736 apud
1373 2708 1422 2728 eos
1437 2700 1567 2736 practici.
1585 2699 1724 2735 Reliquos
1734 2706 1814 2732 vero,

990 2754 1096 2782 nempe
1120 2745 1235 2780 vulgus,
1251 2747 1279 2772 et
1302 2753 1449 2780 quosquos
1471 2745 1572 2773 sordes
1595 2743 1722 2771 crassior
1737 2742 1813 2770 obte-

990 2790 1044 2826 git,
1059 2790 1089 2818 in
1105 2789 1258 2817 materiam
1283 2788 1389 2816 tabulas
1404 2789 1548 2817 detractos
1573 2788 1645 2816 forte
1660 2786 1812 2822 acciperet,

990 2843 1007 2863 ο
1022 2835 1108 2870 cujus
1129 2833 1227 2861 indole
1243 2841 1296 2861 nos
1310 2832 1395 2870 longe
1411 2842 1515 2861 sumus
1531 2842 1537 2867 ;
1554 2833 1590 2863 sd
1610 2832 1685 2859 iram
1701 2830 1814 2858 solum-

990 2879 1078 2908 modo
1094 2887 1151 2908 non
1169 2877 1330 2914 loquimur.
1355 2878 1450 2914 magis
1464 2885 1530 2906 vero
1546 2877 1582 2906 ad
1597 2878 1713 2905 nostros
1728 2873 1817 2903 corri-
