2018 3158
86 185 145 214 833

592 179 641 209 DE
663 176 908 210 EMENDANDA
930 175 1024 207 VlTA
1044 175 1286 205 MUNACHICA.

1725 177 1785 207 834

87 249 258 288 ὀγριόωνται.
275 247 326 276 Καί
354 246 435 286 ὀργὰς
463 243 674 282 ἀναλαϐόμενοι,
699 243 748 272 ὅσα
762 243 806 270 καὶ
823 240 906 278 ὅπλα,

976 249 1030 269 lare
1045 249 1110 269 eum
1128 249 1184 269 non
1201 243 1334 278 possunt,
1360 250 1440 270 more
1471 243 1686 279 Lastrygonum
1715 243 1782 280 (14),

87 294 143 322 ἐπεὶ
163 294 201 330 μὴ
223 292 349 321 δύνανται
380 290 586 328 Λαιστρυγόνων
612 288 690 324 δίκην
716 289 762 315 τὸν
784 289 908 315 τοιοῦτον

88 329 276 374 θοινήνσασθαι,
305 336 380 373 ὅμως
420 335 548 371 ἐξωθοῦσι
586 335 635 361 τοῦ
662 332 784 370 λιμὲνος,
814 329 908 359 λοιδο-

89 383 160 421 ρίαις
179 382 235 410 ἀντὶ
253 381 336 410 λίθων
366 380 523 419 βάλλοντες.
549 379 599 407 Καὶ
626 377 795 415 δύσχρηστον
811 375 910 421 ,αὐτοῖς

87 429 134 455 τὸν
159 426 299 465 ἄνθρωπον
321 436 391 453 ειναι
415 423 620 463 ἀποφηνάμενοι
641 421 724 459 (μηδὲ
737 422 786 459 γὰρ
808 420 911 448 δέεσθαι

89 473 120 499 τὸ
150 471 357 511 φροντιστήριον
387 470 586 507 γραμματικῶν
619 466 744 504 ἀνδρῶν),
774 466 911 503 ἀνοίγουσι

90 516 221 547 πλατείας
249 515 330 552 Θύρας
370 516 404 551 τῇ
443 513 579 551 ἀγροίκίᾳ,
617 512 662 539 καὶ
691 511 798 548 ἀφιᾶσιν
829 510 910 544 αύτῆν

92 559 317 598 ιμπολιτεύεσθαι
355 561 390 596 τῇ
418 558 476 586 κατ’
512 558 612 588 αὐτοὺς
645 556 780 594 ἁγιότητι,
818 554 912 593 πορρω

91 605 253 642 ποιούμενοι
267 603 331 634 τοὺς
357 604 527 641 γραμματεῖς
552 604 599 629 τοῦ
623 603 690 629 Θεοῦ
709 611 715 616 ·
737 599 762 628 o'i
779 605 913 636 μαθητευ-

94 649 182 682 θὲντες
221 647 404 686 εὐαγγελικῶς
431 647 470 679 είς
497 647 546 681 τὴν
588 645 726 684 βασιλείαν
755 643 809 672 τῶν
838 643 916 680 οὔροις

92 697 157 730 νῶν,
171 695 322 732 χορηγοῦσι
352 691 432 719 καινά
458 702 487 718 τε
511 691 555 718 καὶ
583 689 695 719 παλαιά.
717 689 755 717 Οὐ
779 689 829 726 γὰρ
844 687 915 716 ἐνθυ-

95 740 208 775 μοῦνται
252 737 278 763 οἱ
314 738 367 764 τῶν
396 735 592 773 ἐργαστηρίων,
626 734 650 762 οἱ
692 736 740 761 τοῦ
769 733 915 771 ἀγροτικοῦ

95 783 167 820 βίου,
182 782 207 809 οἷ
221 785 270 816 τῆς
286 781 466 819 χιιρομάχου
481 779 619 816 πληθύος,
644 779 672 806 οῗ
691 777 779 816 χύδην
806 777 914 815 προκεί-

96 837 183 863 μενοι,
200 826 225 853 οἱ
248 827 347 862 ψωμοῦ
378 824 543 861 ὀποδόμενοι
570 825 619 858 τήν
646 823 739 861 τρίχα,
757 822 782 850 οὶ
796 825 850 850 τῶν
865 823 916 858 ἆμ-

96 871 199 908 μάτων,
217 870 243 897 οἱ
270 872 324 897 τῶν
355 869 517 907 βαμμάτων,
548 868 629 896 πόλιν
663 867 830 905 γραμμάτων
848 866 914 894 ἑκεί-

93 926 142 950 νην
158 913 343 950 πολύκλυτον,
359 912 378 948 ἤ
404 914 448 941 καὶ
475 913 542 948 αὐτή
573 911 752 950 παραδέδοται
772 913 839 948 ἡμῖν
858 921 864 927 ·
880 910 913 945 ἤν
931 929 955 961 Β

96 959 154 987 ὂὲον
173 958 273 994 ζηλοῦν
299 957 408 993 αὐτοὺς,
436 958 479 985 καὶ
510 957 535 984 ἐν
561 959 629 994 αυτῇ
653 956 916 994 πολιτογραφεῖσθαι

95 1004 168 1035 Θείας
180 1004 260 1041 χάριν
291 1001 396 1040 σοιρίας,
425 1001 459 1029 δι’
476 1002 509 1036 ἧς
532 1003 566 1028 τά
589 1012 617 1028 τε
632 1002 689 1028 θεῖα
708 999 916 1039 ῳιλοσοφούστ,ς

95 1049 140 1076 καὶ
155 1050 189 1075 τά
214 1047 272 1075 κατ’
297 1047 468 1084 ἀνθρώπους,
497 1045 617 1073 ἐνοῦνται
643 1048 683 1081 τῷ
708 1048 766 1081 Θεῷ
787 1046 813 1072 οἱ
828 1045 917 1080 ἆρθῶς

96 1092 140 1120 καὶ
165 1091 280 1122 ἒντελῶς
318 1090 392 1127 αὐτῷ
430 1091 656 1128 προσανέχοντες,
694 1089 756 1118 ἀλλ’
783 1089 858 1117 αὐτοὶ
885 1089 916 1116 τὸ

96 1136 273 1174 ἀγράμματον
312 1137 517 1173 προαιροῦνται,
556 1135 601 1162 καὶ
638 1133 778 1165 παντελῶς

95 1181 143 1207 κόν
161 1190 168 1196 ·
192 1180 265 1218 τάχα
286 1180 332 1216 μὲν
357 1179 554 1216 ἐνθυμούμενοι
579 1180 622 1206 καί
646 1179 677 1206 τό
695 1189 701 1195 -
727 1191 742 1205 «
770 1179 845 1207 Ἐπεὶ
870 1178 919 1206 οὐκ

97 1222 182 1262 ἔγνων
223 1224 423 1262 γραμματείοις,
466 1223 653 1260 εἷσελεύσομαι
701 1223 727 1251 ἐν
770 1225 810 1259 τῷ
849 1221 918 1259 οἷόιῳ

97 1269 209 1306 Κυρίου.
235 1280 250 1294 ››
278 1268 330 1297 Καὶ
359 1267 463 1300 ἀθλίως
491 1268 687 1305 παρανουὸντες
715 1267 746 1294 τὸ
775 1267 916 1294 Δαυϊτικὸν

816 1132 918 1161 ἰδιωτι-

963 288 1061 314 taincn
1077 295 1094 313 a
1106 286 1207 314 limine
1222 285 1368 322 repellunt
1385 296 1390 314 :
1407 286 1559 322 etinjuriis
1575 287 1706 324 lapidum
1722 288 1784 317 loco

964 331 1121 367 impetunt.
1137 330 1170 358 Et
1184 339 1251 358 cum
1267 331 1400 359 inutilem
1417 331 1472 359 sibi
1497 332 1556 360 fore
1584 333 1662 360 hunc
1690 333 1784 361 homi-

965 383 1032 403 nem
1062 378 1259 411 cognoverunt
1273 376 1436 411 (hominum
1452 376 1530 403 enim
1548 377 1710 405 litterarum
1727 386 1784 405 non

966 420 1096 456 indigere
1109 420 1422 454 monasterium),latas
1433 421 1542 456 jauuas
1557 421 1693 456 aperiunt
1706 421 1786 449 inur-

966 464 1061 498 banis,
1078 473 1187 500 eosque
1203 464 1279 492 intra
1292 467 1408 492 sanctas
1420 465 1496 493 mdes
1527 465 1628 493 sinunt
1643 466 1786 500 habitare,

967 511 1069 546 procul
1085 509 1184 537 missis
1199 509 1352 545 discipulis
1368 509 1484 537 Domini
1500 510 1550 546 qui
1566 511 1644 538 docti
1665 518 1786 547 evange-

967 554 1005 582 lio
1021 554 1050 581 in
1064 563 1186 589 regnum
1202 553 1341 582 (malorum
1370 563 1445 582 nova
1473 557 1501 583 et
1527 557 1624 583 vetera
1643 555 1788 584 afferrent.

967 599 1031 627 Non
1059 599 1137 627 enim
1164 599 1299 627 homines
1322 599 1549 634 ergastulorum,
1566 608 1713 635 agrorum,
1731 609 1788 628 non

969 643 1060 672 turbas
1077 652 1140 679 qua:
1156 643 1263 680 pugnis
1279 643 1409 677 dimicat,
1426 652 1488 679 quis
1519 644 1629 680 passim
1658 647 1788 681 vagatur,

969 697 1033 724 quae
1057 688 1178 724 capillos
1209 688 1331 716 frustulo
1362 689 1446 724 panis
1475 689 1584 723 vendit,
1600 689 1733 717 homines
1749 689 1790 717 ﬁli

970 734 1025 769 (15)
1040 736 1070 762 et
1084 742 1154 761 acus
1178 741 1242 761 eam
1271 733 1419 769 egregiam
1448 733 1594 761 civitatem
1625 733 1790 761 litterarum

971 778 1192 814 concupiscunt,
1209 786 1273 814 qua:
1289 777 1374 806 nobis
1387 781 1487 814 aperta
1502 780 1547 806 est
1563 786 1568 805 :
1584 787 1646 806 eam
1663 786 1792 814 quaerere

970 823 1125 856 debebant,
1142 825 1170 850 et
1185 823 1214 850 in
1231 831 1265 849 ea
1276 823 1327 858 jus
1343 822 1468 850 civitatis
1497 822 1647 858 acquirere
1675 825 1792 858 propter

970 867 1143 903 sapientiam
1161 875 1220 902 qua
1244 867 1365 895 docente
1394 867 1525 895 humana
1553 869 1582 895 et
1609 867 1707 895 divina
1737 868 1791 895 Deo

970 911 1112 939 uniuntur
1128 911 1263 940 homines
1279 913 1355 939 recte
1370 914 1397 939 et
1411 911 1537 947 perfecte
1552 911 1578 939 ei
1593 911 1790 939 adhaerentes:

972 957 1022 984 sed
1038 956 1235 992 ignorantiam
1252 958 1280 984 et
1293 965 1390 984 verum
1418 956 1565 984 insaniam
1595 956 1651 992 ipsi
1681 965 1793 992 praepo-

972 1001 1181 1034 nunt,forsitan
1197 1000 1381 1028 intendentcs
1394 1001 1422 1030 in
1437 1000 1510 1028 illud
1528 1010 1534 1028 :
1553 1014 1563 1027 ιι
1579 1001 1721 1034 Quoniam
1736 1009 1794 1028 non

972 1045 1092 1081 cognovi
1112 1045 1320 1078 litteraturam,
1351 1045 1476 1073 introibo
1505 1045 1535 1073 in
1565 1045 1709 1081 potentias
1738 1045 1795 1073 D0-

972 1089 1046 1117 mini
1062 1090 1100 1124 9‘,
1115 1100 1128 1115 ι)
1146 1092 1174 1117 et
1189 1089 1308 1117 verbum
1339 1089 1456 1118 Davidis
1486 1089 1561 1117 male
1587 1089 1794 1125 iutelligentes,

973 1143 1050 1170 saepe
1065 1135 1153 1162 etiam
1180 1142 1212 1162 ex
1246 1133 1398 1162 versiculis
1428 1134 1619 1169 sequentibus
1649 1134 1728 1162 istud
1756 1133 1796 1161 la-

973 1179 1029 1207 biis
1058 1178 1282 1215 pronuntiantes
1299 1187 1306 1206 :
1324 1189 1338 1203 α
1355 1178 1518 1214 Discipulos
1539 1179 1673 1206 indoctos
1690 1187 1696 1205 :
1713 1189 1727 1203 n
1743 1186 1796 1206 ue-

973 1231 1030 1259 que
1043 1223 1144 1251 statim
1160 1223 1232 1251 illud
1248 1223 1420 1258 adjicientes
1448 1231 1454 1250 :
1482 1234 1496 1248 u
1526 1223 1632 1251 Doctos
1658 1222 1751 1250 fecisti
1780 1233 1794 1247 »

972 1267 1084 1295 Christe
1099 1267 1187 1296 Deus.
1205 1278 1218 1292 »

101 1313 284 1351 προφέροντες
300 1311 329 1340 δε
341 1314 375 1340 τὰ
385 1311 472 1340 πλείω
487 1311 530 1339 ἐπὶ
556 1311 682 1350 γλώττης
697 1311 742 1339 καὶ
768 1311 798 1339 ἐκ
820 1313 873 1339 τῶν
896 1310 1037 1348 ἐσύστερον
1060 1310 1242 1348 ψαλλομένων
1267 1309 1297 1339 τό
1314 1322 1320 1329 ·
1338 1324 1352 1338 ‹‹
1364 1311 1434 1342 Τοὺς
1450 1311 1646 1349 ἅγραμμάτους
1661 1311 1798 1348 μαθητάς,

98 1369 113 1385 ‹‹
127 1358 165 1395 μή
181 1356 464 1394 προσεπισονείροντες
482 1355 511 1383 δὲ
524 1356 619 1383 αὐτίκα
633 1355 677 1383 καὶ
692 1355 723 1383 τό
739 1365 746 1372 ⁸
764 1368 777 1382 ‹‹
793 1354 940 1388 Παιδευτὲις
954 1355 1114 1391 ἀνὲδόειξας,
1129 1357 1235 1394 Χριστὲ,
1252 1358 1265 1385 ὁ
1281 1356 1356 1388 Θεός.
1373 1368 1388 1382 ››

133 1403 199 1440 ρκζ¹.
217 1401 285 1430 Εἱπέ
304 1411 362 1437 μοι,
379 1400 402 1428 ὦ
423 1401 572 1438 θεωρητικὲ
599 1401 712 1438 μοναχε,
737 1400 918 1438 ἀγράμματος

96 1445 134 1474 ὢν
151 1446 176 1477 ἐς
190 1445 222 1473 τὸ
236 1448 289 1473 πᾶν
303 1445 339 1482 (τί
359 1444 388 1472 δέ
417 1455 464 1481 μοι
487 1444 529 1472 ἐπὶ
555 1445 584 1472 σὲ
609 1444 758 1472 ἀποτείνειν
771 1445 817 1472 τὸν
835 1445 918 1482 λόγον

96 1489 136 1521 εἲς
158 1489 234 1517 κενόν
253 1490 272 1526 ;)
302 1489 375 1517 ἀλλὰ
407 1491 472 1527 γοῦν
509 1489 750 1527 ὁλιγογράμματος
783 1489 862 1526 (πρὸς
892 1489 920 1516 σὶ

97 1534 150 1572 γὰρ
166 1532 222 1561 ἔστι
237 1544 278 1564 τις
295 1533 388 1571 λόγος)
405 1543 411 1549 ·
438 1533 507 1570 πρὸς
529 1532 559 1561 δὲ
572 1534 615 1561 καὶ
635 1536 685 1568 ζῶν
704 1534 811 1571 βιοτὴν,
828 1533 921 1561 ὁποίαν

98 1576 212 1615 τρίϐεις,
235 1578 273 1609 ὡς
299 1577 462 1614 ἐξεθέμεθα·
491 1579 553 1605 τίνα
579 1578 716 1606 παισεύειν
731 1577 921 1608 ἀποπολικῶς

1012 1402 1071 1429 127.
1089 1402 1138 1429 Dic
1154 1402 1237 1435 mihi,
1260 1402 1386 1430 theorice
1415 1401 1567 1435 monacbe,
1598 1402 1648 1438 qui
1676 1401 1796 1430 omnino

974 1446 1129 1474 illiteratus
1154 1455 1185 1475 es
1208 1447 1270 1483 (sed
1287 1447 1356 1484 quid
1374 1446 1446 1474 mihi
1459 1455 1625 1474 sermonem
1641 1446 1670 1474 in
1685 1454 1795 1474 vanum

974 1491 1172 1527 extendere7),
1188 1491 1294 1520 saltem
1310 1492 1360 1527 qui
1386 1499 1479 1527 pauca
1507 1491 1667 1527 cognovisti
1695 1490 1735 1525 (in
1769 1493 1794 1518 te

975 1535 1053 1562 enim
1068 1535 1167 1570 aliqua
1181 1539 1226 1563 est
1239 1535 1384 1570 scientia),
1399 1535 1448 1570 qui
1463 1536 1583 1570 insuper
1606 1535 1695 1562 vitam
1720 1534 1793 1570 agis,

976 1582 1008 1607 ut
1037 1579 1175 1614 diximus,
1206 1588 1292 1616 quem
1316 1580 1462 1608 hominem
1479 1579 1588 1615 poteris
1603 1579 1711 1606 bonum
1728 1586 1797 1614 apo-

97 1623 210 1651 δύνασαι
233 1622 272 1653 εἷς
299 1622 395 1660 ἀγαθόν
414 1631 420 1656 ;
437 1623 472 1650 Ἢ
493 1622 600 1654 πάντως
629 1621 742 1657 διδάξεις
773 1622 830 1659 μὲν,
847 1621 920 1656 πλὴν

978 1623 1080 1652 stolice
1094 1623 1237 1652 edocere?
1253 1627 1310 1652 Aut
1325 1623 1410 1660 plane
1425 1624 1551 1658 docebis,
1568 1624 1619 1651 sed
1644 1631 1701 1650 non
1726 1631 1798 1658 quo-

95 1668 136 1700 ὡς
151 1666 201 1694 οὐκ
223 1667 313 1704 ἀγαπᾳ
339 1667 353 1694 ὁ
378 1666 460 1698 Θεός·
486 1665 639 1698 παιδεύσεις
664 1667 772 1697 πάντως
795 1666 828 1693 τὰ
849 1665 922 1694 ἄλλα

95 1712 193 1746 πάντα,
210 1711 283 1746 πλὴν
299 1713 348 1738 τοῦ
377 1712 502 1748 μονάζειν
519 1715 526 1728 ‘
547 1711 714 1749 καταρτίζεις
737 1711 782 1738 τὸν
799 1712 922 1747 μαθητὴν

97 1757 245 1784 ἀναπατεῖν
275 1756 361 1793 συχνὰ
383 1757 457 1793 παρὰ
481 1756 530 1787 τὰς
559 1756 728 1795 λεωφόρους,
757 1755 921 1793 προκύπτειν

97 1801 154 1829 ἕσω
183 1802 283 1838 θυρῶν,
313 1801 411 1828 ὁπόσαι
440 1799 615 1828 διαπῦτανται
647 1801 684 1832 εἰς
715 1799 828 1838 θεωρίαν
854 1799 923 1827 ἑτοί-

99 1856 168 1883 μην,
200 1844 355 1884 φιλίοῦσθαι
379 1846 616 1884 παρατυγχάνουσι
647 1844 754 1875 λαϊκοῗς
783 1844 820 1875 εἰς
837 1844 922 1880 ἐπιξε-

95 1899 202 1926 νωμα·
234 1886 408 1927 ἀκριϐοὖσθαι
444 1890 478 1917 τὰ
513 1894 563 1924 τῆς
602 1889 725 1927 ἀγορᾶςο
762 1888 923 1921 ἐνεοίαεσθαι

97 1934 236 1971 λοετροῖς,
264 1934 303 1964 οἷς
332 1934 394 1971 πρὶν
424 1935 474 1962 οὐκ
503 1934 637 1971 ἐθάμιζε·
668 1933 811 1971 διακρίνειν
838 1934 925 1970 οἴνου,

96 1977 143 2009 τίς
165 1978 212 2014 μὶν
240 1977 398 2016 εὐπρόσιτος
428 1978 466 2009 εἷς
492 1981 593 2016 γεῦσιν,
619 1978 661 2010 τίς
688 1977 716 2006 δὲ
731 1978 761 2006 οὐ
778 1979 900 2016 χρηστός
917 1989 923 1995 ·

95 2023 145 2050 xui.
161 2023 226 2050 αὐτὸ
245 2023 278 2050 τὰ
307 2021 399 2051 πολλὰ
429 2021 491 2050 οὐδὲ
518 2022 557 2054 εἷς
587 2023 737 2050 ἀπόλαυσιν
754 2023 804 2056 τὴν
820 2022 924 2058 ἁπλῶς,

97 2066 222 2095 ἀλλ’ἵνα
238 2067 251 2094 ὁ
281 2067 345 2105 πρὶν
372 2068 411 2104 μὴ
435 2067 634 2105 πεπειραμὶνος
663 2065 738 2094 οἶίνου
770 2065 840 2102 μηδὲ
859 2065 924 2104 ἄχρι

97 2114 163 2150 γοῦν
179 2110 268 2148 ὀδμῆς
284 2114 329 2139 νῦν
353 2111 506 2149 ἆρτιμαθὴς
533 2111 615 2139 αὐτοῦ
638 2112 746 2148 γενηται
763 2111 832 2149 πρὸς
848 2117 924 2148 θερα-

99 2155 179 2184 πείαν
206 2166 265 2192 σου,
293 2158 344 2184 τοῖν
382 2155 504 2193 μεγάλου
535 2156 639 2193 Πατρός
657 2165 663 2171 ·
691 2153 926 2193 προσεπιόιδάξιις

103 2200 133 2228 δὲ
162 2200 252 2235 αὐτὸν,
281 2201 324 2228 καὶ
350 2201 441 2232 ἀτενὲς
471 2200 592 2238 βλέπειν,
628 2201 671 2228 καὶ
696 2200 791 2238 τρανές
820 2199 926 2236 λαλεῖν,

101 2246 148 2273 καὶ
176 2245 343 2279 ἁντιλαλεῖν,
372 2245 416 2273 καί
444 2255 497 2272 που
511 2245 557 2272 καὶ
586 2245 770 2283 θρασύνεσθαι,
787 2245 832 2271 καὶ
846 2255 928 2272 κατα-

976 1668 1061 1696 modo
1084 1671 1163 1695 amat
1190 1669 1285 1702 Deus;
1315 1677 1382 1696 cum
1409 1669 1508 1696 omnia
1537 1670 1641 1696 caetera
1669 1667 1798 1700 docebis,

976 1721 1035 1740 non
1063 1715 1161 1740 autem
1189 1714 1400 1741 monasterium
1416 1713 1601 1741 servandum.
1619 1712 1801 1748 Discipulum

978 1757 1076 1785 erudis
1092 1757 1261 1793 frequenter
1275 1766 1371 1786 errare
1385 1767 1436 1794 per
1450 1758 1523 1793 vias,
1552 1757 1696 1793 inspicere
1726 1757 1803 1786 intra

979 1804 1080 1838 portas
1096 1810 1158 1838 qua:
1174 1805 1280 1838 apertae
1305 1805 1385 1836 sunt,
1416 1805 1445 1830 et
1473 1805 1579 1838 paratis
1607 1801 1801 1836 intuentibus,

980 1846 1118 1881 conjungi
1145 1846 1265 1874 cuilibet
1293 1847 1366 1874 laico
1385 1848 1412 1874 in
1432 1846 1670 1882 'iospitalitatem,
1688 1846 1804 1882 negotia

980 1891 1109 1919 forensia
1125 1892 1249 1926 perfecte
1265 1900 1394 1925 noscere,
1416 1900 1583 1919 assuescere
1607 1891 1719 1919 balneis
1742 1900 1804 1926 qua:

980 1935 1063 1971 prius
1089 1944 1147 1963 non
1176 1936 1381 1972 frequentabat
1411 1945 1418 1964 :
1447 1936 1514 1964 vina
1539 1936 1705 1972 degustare,
1723 1944 1805 1972 qua:-

980 1988 1049 2007 nam
1066 1979 1126 2008 sint
1136 1983 1225 2016 gustu
1241 1980 1351 2014 suavia,
1369 1989 1503 2016 quasnam
1531 1981 1694 2016 injucunda
1724 1988 1730 2008 :
1761 1980 1806 2008 id-

981 2032 1038 2059 que
1067 2032 1143 2059 saepe
1166 2033 1223 2051 non
1253 2025 1289 2051 ad
1319 2025 1476 2052 fruendum
1507 2025 1691 2060 simpliciter,
1707 2025 1758 2052 sed
1776 2027 1807 2052 ut

983 2068 1032 2104 qui
1050 2069 1190 2096 hactenus
1207 2069 1326 2104 ignarus
1342 2069 1400 2096 vini
1417 2069 1574 2104 odorisque
1601 2069 1665 2104 ejus
1690 2077 1805 2096 reman-

982 2115 1061 2139 serat
1089 2112 1161 2139 illud
1189 2120 1267 2140 nunc
1282 2116 1440 2148 cognoscat
1455 2114 1490 2140 ad
1508 2113 1737 2141 ministrantium
1753 2113 1806 2140 tibi

983 2165 1087 2191 magno
1118 2157 1193 2184 Patri
1211 2165 1217 2184 :
1234 2157 1318 2184 illum
1349 2159 1486 2192 praeterea
1514 2158 1618 2185 educes
1646 2157 1746 2185 oculos
1775 2157 1804 2184 in

982 2209 1043 2228 rem
1092 2201 1216 2236 deﬁgere
1238 2223 1245 2235 ,
1287 2201 1460 2229 ﬁducialiter
1505 2202 1615 2238 loqui,
1649 2201 1808 2230 contrudi-

982 2253 1058 2278 cere;
1073 2253 1224 2281 procacem
1240 2254 1314 2280 esse,
1340 2246 1456 2281 injuriis
1485 2247 1625 2274 dimicare
1651 2255 1685 2274 ea
1711 2247 1810 2274 omnia.

101 2288 219 2326 ψάλλειν
233 2288 353 2327 ὕϐρεσιν,
383 2289 541 2322 ἀπεναντίας
569 2292 653 2317 ταῦτα
678 2289 774 2323 πάντα,
792 2289 831 2320 οἶς
848 2289 920 2316 αὐτὸ(

982 2290 1129 2317 contraria
1144 2298 1177 2317 ac
1192 2290 1364 2326 promisisti.
1376 2291 1525 2318 Permittis
1543 2299 1662 2318 manum
1679 2290 1810 2318 attollere

102 2334 220 2369 ἐτάξω.’
242 2336 359 2373 Εφήσιις
387 2334 416 2362 δὲ
443 2335 487 2362 καί
525 2338 620 2372 χεῖρας
661 2332 746 2370 αἶ’ρειν
782 2333 821 2365 είς
848 2333 924 2361 οὐδὲν

102 2377 182 2414 ἅγιον
198 2386 204 2393 ⁸
222 2379 266 2405 καὶ
297 2379 431 2416 βακτηρίᾳ
457 2379 513 2415 μὲν,
530 2377 626 2406 οὔκουν
659 2376 752 2416 ῥάϐδῳ
777 2377 805 2405 δὲ
830 2377 929 2416 σιδηρᾷ

101 2425 267 2459 κεχρῆσθαι,
286 2423 340 2461 οὐχ
361 2423 397 2454 ὡς
424 2423 462 2455 εἷς
483 2423 628 2459 ποίμανσιν
652 2423 798 2458 πατρικήν,
815 2422 878 2450 ἀλλ’
893 2423 929 2453 ὡς

104 2467 145 2496 εἷς
160 2477 198 2502 πη
205 2467 289 2503 μονὴν
308 2468 466 2505 Λῃστρικήν.

146 2511 216 2550 ρκη’.
260 2513 375 2538 Τοιαῦτα
413 2511 444 2538 σὺ
472 2510 662 2546 ἀντιδιδάξεις,
695 2512 709 2539 ὁ
752 2512 930 2549 ἀγράμματος

110 2556 241 2596 μοναχὸς,
269 2556 374 2593 ἑτεροῖα
398 2553 477 2592 μόνα,
501 2556 568 2593 πρὸς
594 2555 661 2593 ἅπερ
678 2556 758 2587 αὐτὸς
774 2555 930 2593 παρηγγελ-

143 2649 166 2665 ²⁴
183 2646 258 2675 Psal.
276 2654 339 2680 Lxx,
356 2646 399 2674 16.

145 2736 202 2771 (14)
222 2736 424 2771 Lmtrygoner,
455 2734 580 2771 populus
607 2735 775 2770 Campunim
805 2734 937 2763 moribus

109 2772 210 2800 ferinis
225 2772 361 2805 infamis;
378 2780 494 2799 carnem
511 2771 671 2799 humanam
684 2772 808 2799 edebant
819 2773 932 2806 (Home-

110 2816 173 2841 rus,
190 2807 319 2841 Ovidius,
336 2811 364 2836 et
378 2808 524 2840 Horatus).

148 2843 205 2880 (15)
221 2843 358 2873 Homines
372 2844 414 2873 ﬁli
429 2846 457 2872 et
472 2851 542 2872 acus
559 2851 565 2871 :
582 2843 629 2871 bic
657 2842 830 2872 Eustathius
859 2841 934 2872 indit

982 2334 1017 2362 ad
1034 2334 1108 2362 nihil
1122 2338 1268 2367 sanctum,
1285 2337 1313 2362 ct
1327 2334 1442 2370 baculo,
1459 2334 1502 2363 vel
1521 2335 1615 2371 magis
1628 2335 1720 2362 ferrea
1734 2335 1812 2371 virga

983 2379 1026 2406 uti
1043 2387 1099 2406 non
1117 2379 1152 2406 ad
1168 2382 1322 2415 paternum
1340 2380 1491 2413 ducatum,
1517 2383 1567 2407 sed
1598 2379 1633 2408 ad
1663 2379 1797 2408 lalrocini

985 2423 1107 2450 malum.

1023 2511 1082 2539 128.
1101 2511 1164 2539 Haec
1180 2511 1309 2545 docebis,
1336 2520 1352 2539 ο
1382 2512 1522 2540 monache
1552 2511 1711 2545 illitterate,
1741 2521 1809 2541 σοι]-

987 2556 1078 2584 traria
1101 2556 1142 2584 eis
1158 2564 1222 2592 quae
1238 2556 1388 2592 pollicitus
1403 2565 1434 2584 es
1449 2559 1477 2585 et
1492 2557 1667 2593 spondidisti
1684 2566 1809 2585 servare.

991 2734 1167 2775 in_vocibus,
1183 2735 1316 2775 ἁμμάτων
1331 2734 1479 2775 βαμμάτων
1496 2735 1716 2775 οῤ-γραμμάτων.
1742 2736 1810 2775 Duae

988 2771 1088 2810 prima
1116 2780 1191 2806 saepe
1217 2771 1408 2807 copulantur,
1439 2771 1666 2810 signiﬁcantque
1695 2772 1811 2808 proprio

988 2807 1097 2835 nodum
1114 2810 1142 2835 et
1157 2809 1299 2835 saturam.
