2018 3158
89 171 146 201 837

594 164 645 194 DE
667 162 912 194 EMENDANDA
936 162 1029 192 Vl'l‘A
1052 163 1288 194 MONAClllCA.

1733 163 1792 194 838

89 233 162 262 ἄλλα
192 235 328 271 τεχνικῶς
343 230 466 265 ἷδιάζεις,
481 230 573 268 σαφῶς
587 226 615 255 δὲ
635 227 730 262 εἰπεῖν,
756 227 927 266 ἐργατικῶςλ

985 238 993 257 3
1009 237 1085 264 esse,
1105 230 1154 258 sed
1172 229 1206 257 de
1221 228 1366 257 industria
1391 229 1575 263 seccessisse,
1601 231 1640 263 et,
1658 233 1689 257 ut
1717 232 1795 258 recte

91 279 216 318 μοχθεῖς,
251 278 411 316 σαφέστερον
449 273 478 302 δὲ
506 274 597 313 φάναι,
626 273 751 310 τεχνίτου
778 272 912 310 βαναύσου

90 316 167 359 δίκήν
198 325 305 357 κοπιᾷς“
335 322 365 353 ’ὸς
393 319 419 348 έν
443 321 501 350 τοῖς
528 318 660 356 ἀγεννέσιν
674 316 777 354 ἔργοις,
793 316 827 344 δι’
845 316 881 344 ὧν
897 316 914 350 ἢ

91 368 244 407 ρυπαίνεται
260 367 278 401 ἢ
294 362 483 402 κατατρίϐεται
510 363 542 390 τὸ
565 361 648 390 καλὸν
675 361 791 400 ἄμφιον,
822 361 915 399 ῥακεν-

91 404 166 441 dare?
200 411 245 439 καὶ
261 410 332 438 οὕτω
348 407 566 447 κερδαλεώτερον
589 407 638 441 τὴν
668 407 768 444 τέχνην
785 404 918 444 διαχειρί-

93 461 175 493 ζεται.
198 457 351 493 Θεώρησον,
378 452 487 480 ταπεινὶ
512 451 610 488 ὕψηλέ·
640 450 666 478 τί
693 449 725 486 δή
756 450 821 478 ποτέ
849 450 919 477 ἐστιν

92 504 106 530 ὁ
122 500 242 538 μοναχός
258 509 264 534 ;
283 499 332 526 Καὶ
349 496 442 532 ἐπειδὴ
460 496 520 524 οὕτε
549 496 580 524 σὺ
595 495 755 532 αὐτομαϐὧς
767 496 812 523 τὸν
828 497 918 522 τοιοῦ-

91 557 138 574 τον
167 543 252 579 οἶδας,
283 541 344 571 οὔτε
373 543 427 579 μὴν
442 541 471 570 ἐκ
495 541 604 579 βιολίου
633 539 706 578 ἔχεις
735 540 827 577 μαθὼν
849 541 919 576 (πῶς

95 591 157 630 γὰρ,
174 589 240 627 ὅπερ
258 590 343 625 μῖσῶν
368 586 416 614 κᾶν
446 585 623 623 ἀνοιγόμενον
649 584 722 630 ἵδνῃς,
748 585 816 630 χάος
832 583 920 630 δοκεῖς

102 627 212 673 βλέπειν
229 633 297 661 κατὰ
311 634 358 660 σοῦ
383 632 502 670 χαῖνον),
527 631 642 657 ἄκουσον
668 629 719 656 ἀπὸ
749 627 845 660 λαλιᾶς
874 628 923 656 οὐκ

99 679 264 718 ἀσυμφώνου
279 679 338 708 ταῖς
354 677 439 714 ἱεραῖς
453 674 602 714 διφθέραις.

131 732 182 769 ρλ’.
212 732 344 768 Μοναχός
360 729 417 757 ἐστι
435 727 551 763 πολίτης
580 728 704 765 οὐρανοῦ·
724 728 761 764 μὴ
787 727 838 765 γὰρ
861 730 925 765 γῆς⁹

103 777 125 806 εἶ
152 777 197 804 καὶ
225 775 286 814 περὶ
315 778 365 813 γῆν
395 773 529 802 εἰλεῖται.
559 771 680 810 Αἷθέριος
708 772 758 806 τήν
783 770 923 799 πολιτείαν

101 823 258 860 ἄνθρωπος’
302 816 478 856 ἆεροϐάμων,
509 819 550 848 οἷς
579 817 612 844 τὰ
639 816 706 844 κατὰ
731 819 781 854 γῆν
810 816 925 853 ὑπερπέ-

98 877 184 894 τεταιε
219 866 269 903 γῆς
299 864 404 899 ἀπάσης
422 861 549 900 βασιλεὺς
564 860 608 889 διὰ
622 861 652 888 τὸ
677 861 734 888 κατ’
759 860 850 888 εἰκόνα
877 862 926 887 τοῦ

969 274 1083 310 loquar,
1100 275 1236 311 operibus
1252 273 1370 306 vilibus,
1387 282 1436 301 seu
1466 274 1582 308 melius,
1612 276 1645 301 ut
1673 274 1788 302 fabrum

972 319 1098 355 fatigari,
1124 319 1174 354 qui
1199 318 1275 346 inter
1297 318 1366 346 vilia
1392 327 1480 354 opera
1510 319 1618 354 quibus
1641 319 1791 347 sordesce-

973 366 1016 391 ret
1031 366 1082 392 aut
1105 365 1270 391 conteretur
1294 363 1450 399 pulchrum
1476 363 1694 397 indumentum,
1720 373 1792 400 pan-

973 410 1020 438 nis
1036 410 1178 443 induitur,
1195 414 1222 437 et
1236 409 1279 437 sic
1301 409 1394 444 magis
1417 408 1567 437 luciferam
1598 412 1689 437 artem
1714 418 1795 438 exer-

975 457 1029 487 cet,
1054 454 1157 481 Viden'
1181 463 1196 481 o
1225 462 1330 489 magne
1353 456 1382 481 et
1413 453 1541 487 humilis,
1576 454 1646 489 quid
1671 454 1709 481 sit
1731 463 1792 482 mo-

975 499 1110 527 nachus?
1127 501 1160 526 Et
1175 498 1315 535 quoniam
1335 506 1401 526 eum
1420 507 1476 526 non
1494 498 1609 533 novisti,
1636 506 1729 535 neque
1745 507 1796 526 ex-

977 543 1117 580 perientia
1134 543 1261 580 propria,
1278 551 1372 580 neque
1387 551 1421 570 ex
1436 543 1509 570 libro
1525 544 1683 580 (quomodo
1700 543 1789 577 enim,

977 588 1120 624 siquidem
1137 596 1214 622 eum,
1231 587 1280 615 ubi
1295 587 1400 615 videris
1415 590 1559 623 apertum,
1576 588 1705 621 odisti,et
1721 588 1797 616 arbi-

978 633 1064 661 traris
1079 633 1218 668 abyssum
1241 634 1308 660 ante
1332 635 1359 659 te
1384 632 1513 660 hiantem
1538 633 1713 668 inspicere);
1731 633 1798 660 audi

979 687 1047 714 ergo
1063 686 1097 706 ex
1111 685 1245 705 sermone
1264 677 1375 705 sanctis
1392 677 1538 713 tympanis
1566 685 1624 705 non
1650 677 1798 705 dissimili.

1016 732 1077 759 150.
1103 731 1263 759 Monachus
1279 730 1350 758 civis
1374 734 1420 758 est
1446 731 1519 763 ccsli.
1546 740 1602 758 non
1624 734 1716 765 terras,
1734 732 1802 759 licet

979 776 1093 803 habitet
1118 776 1147 803 in
1172 784 1215 803 ea.
1241 775 1393 803 [Ethereus
1426 778 1470 802 est
1503 776 1589 803 homo
1622 777 1726 811 agendi
1752 785 1800 804 ra-

980 821 1078 854 tione;
1096 828 1146 856 per
1161 828 1256 848 aerem
1272 819 1381 847 incedit
1397 821 1526 847 terrestri
1543 820 1652 853 volatu,
1670 829 1719 848 rex
1736 821 1801 848 uni-

981 874 1071 893 versae
1096 867 1189 897 terrea,
1220 864 1270 899 qui
1306 867 1350 891 est
1378 866 1412 892 ad
1441 864 1599 900 imaginem
1628 865 1677 892 Dei
1713 866 1800 901 Regis

95 908 294 948 παμϐασιλέως
326 910 404 942 Ωεοῦ,
420 908 435 935 ὃ
464 910 515 938 πᾶς
547 907 594 943 μὲν
619 904 759 944 ἅνθρωπος
781 904 923 944 φυλάττειν

985 918 1093 946 regum,
1119 917 1208 945 quam
1234 917 1348 936 servare
1373 909 1480 936 debent
1505 909 1632 936 universi
1655 909 1802 944 homines,

96 956 234 990 τέτακται,
264 953 350 984 αὐτὸς
366 951 395 979 δὲ
409 951 478 989 πρὸς
492 953 531 987 τῷ
555 953 640 986 κοινῷ
662 949 737 988 χρέει
763 950 808 977 καὶ
834 948 927 980 ἷδικῶς

98 999 253 1038 ἐποφείλει,
285 997 479 1034 μεμνημάνος,
511 995 553 1022 ὅτι
583 994 699 1030 ὁπηνίκα
728 996 745 1029 ἡ
776 994 861 1032 κουρᾶ
889 996 928 1031 τῷ

103 1047 163 1080 Θεῷ
196 1043 276 1070 αὐτὸν
293 1041 490 1079 παρεστήσατο,
520 1039 564 1067 καὶ
594 1039 658 1066 αὐτὸ
674 1038 813 1076 ἀπῃτήθη,
830 1039 866 1069 ὡς
883 1038 930 1074 δη-

99 1087 173 1122 λοόἠ
192 1086 324 1125 ἀπαλιφὲν
344 1086 485 1123 βιωτικοῖς
502 1084 592 1122 ὑγροῖς
606 1084 637 1110 τὸ
657 1084 715 1110 κατ’
740 1082 818 1110 αὑτὸν
846 1082 928 1120 ἀρχέ-

99 1142 185 1160 τυπον
231 1130 373 1166 εἰκόνισμα
425 1128 543 1160 εἴσαῦθις
597 1128 752 1155 ἀνανεώσων
804 1127 930 1163 πολιτείᾳ

103 1177 253 1214 μονα-χικῇ.
300 1175 361 1203 Ἔτι
405 1173 527 1210 μοναχός
565 1171 620 1199 ἐστι
658 1172 798 1210 ζωγράφος
823 1172 920 1208 ἀρετῆς

101 1218 346 1258 ἀπηκριϐωμένης,
376 1219 443 1255 πρὸς
471 1217 543 1252 ἢναὶ
571 1219 624 1244 τῶν
657 1216 813 1254 βΛεπόντων
836 1218 929 1253 ιίιυχοιι

100 1265 249 1304 γράφοι-πο
264 1265 303 1291 ἂν.
328 1263 431 1301 Γράφοι
457 1261 486 1289 δὲ
509 1259 538 1288 ἄν
556 1261 570 1288 ὁ
598 1262 723 1291 τοιαῦτος
748 1259 829 1291 αὐτὰς
858 1260 926 1296 πρὸς

104 1306 258 1347 ἀκρίὸειαν,
277 1307 319 1336 ἐὰν
347 1307 430 1345 σοφὸς
450 1305 552 1336 τέκειος
580 1305 690 1342 γένηται
715 1305 764 1339 τήν
794 1305 929 1343 γραφικὴν

100 1353 214 1388 ταύτην,
243 1353 280 1383 ὡς
309 1351 355 1378 καὶ
376 1347 480 1388 τρίϐειν
507 1350 677 1386 πνευματικὰ
705 1349 851 1386 χρώματα,
885 1349 928 1376 καὶ

103 1399 247 1435 ωγκιρνᾷν
272 1396 316 1423 καὶ
354 1394 485 1432 ἐμμελῶς
509 1393 683 1432 παρατιθέναι
711 1393 778 1430 πρὸς
807 1392 929 1428 ἄλληλα,

102 1442 149 1469 καὶ
185 1442 301 1478 μετρεῖν,
317 1440 355 1470 ὥς
384 1437 439 1466 οἶδε
461 1439 602 1476 ζωγράφος
628 1440 773 1476 τεχνᾶσθαι
800 1438 849 1472 τὴν
872 1437 931 1464 κατ’

103 1486 169 1514 αὐτὶ
192 1484 370 1522 συμμετρίαν.
394 1485 522 1514 Τοιοῦτος
547 1481 576 1510 δὲ
599 1482 706 1512 πάντως
729 1482 746 1516 ἢ
773 1482 787 1508 ὁ
816 1481 841 1517 ἐξ
869 1481 931 1509 ἀνα-

105 1531 243 1569 γνώσεως,
268 1529 285 1564 ἢ
309 1529 322 1556 ὁ
347 1528 371 1565 ἐξ
400 1526 610 1563 ἀποκαλύψεως,
628 1528 678 1559 τῆς
694 1525 739 1553 διὰ
767 1529 929 1563 πρακτικῆς-

108 1575 146 1603 ὧν
163 1575 193 1602 τὸ
210 1575 256 1611 μὲν
281 1572 338 1611 ἔχει
355 1572 399 1600 διὰ
414 1571 508 1610 σοφίαν
526 1572 540 1598 ὁ
555 1570 691 1608 μονάζων,
706 1570 736 1598 τὸ
761 1569 789 1598 δὲ
814 1569 859 1598 διὰ
881 1574 931 1605 τῆς

109 1617 197 1650 ὅντως
230 1618 360 1653 πεάξεως,
386 1616 420 1644 δι’
452 1618 484 1651 ἧς
509 1615 554 1643 καὶ
579 1615 662 1650 αὐτῆς
693 1614 930 1642 ἀποκαλύπτονται

110 1664 261 1693 Δαυϊτικῶς
275 1660 414 1701 ὀφθαλμοὶ
429 1661 468 1693 εἱς
480 1661 511 1688 τὸ
524 1663 661 1688 κατανοεῖν
677 1661 710 1687 τὰ
724 1662 772 1687 τοῦ
788 1662 854 1688 Θεοῦ
871 1665 934 1691 θαυ-

105 1708 201 1745 μάσια·
226 1706 251 1734 ἐν
276 1707 317 1737 οἷς
347 1706 391 1733 καὶ
420 1705 453 1733 τὰ
476 1708 525 1740 τῆς
541 1704 642 1732 ἐκείνου
659 1703 754 1744 σοφίας
770 1703 860 1740 ἄδηλα
887 1705 930 1731 καὶ

103 1752 218 1790 κρύφια.
236 1753 315 1778 Δοοῖν
341 1749 370 1778 δὲ
394 1751 509 1784 τούτων,
538 1750 660 1787 πράξεως
687 1749 731 1776 καὶ
763 1749 888 1786 θεωρίας,
920 1749 933 1775 ὁ

104 1796 193 1834 μέγας
210 1795 331 1833 μοναχὸς
347 1795 577 1831 ἀποπερημένος,
607 1792 669 1821 οὕτε
686 1793 826 1832 ζωγράφος
840 1792 871 1821 ἂν
887 1803 930 1828 ειη

97 1844 161 1878 Θεῷ
175 1841 299 1878 πρέπων,
315 1838 376 1867 οὔτε
389 1838 536 1875 ἀληθεύσω
551 1839 596 1866 τὸν
616 1839 747 1877 μοναχόν.

133 1893 206 1932 ρλα’.
224 1896 282 1921 Ἔτι
296 1894 392 1930 κριτὴς
414 1893 427 1920 ὁ
446 1892 578 1930 μοναχὸς,
608 1891 724 1926 δικάζων
753 1891 931 1923 ἀντιπάλοις·

92 1939 141 1968 καὶ
163 1940 181 1974 ἡ
207 1937 295 1976 κρίσις
324 1937 460 1975 διχασμὸς
490 1939 583 1974 ψυχῆς
614 1937 667 1964 ἀπὸ
696 1936 834 1973 σώματος,
867 1937 922 1964 «hac

94 1984 143 2012 καὶ
175 1985 262 2015 θανεῖν
287 1981 381 2018 ἐκρίθη
406 1982 438 2008 τὸ
462 1981 487 2008 ὲν
511 1981 645 2018 ἀνθρώπῳ
675 1981 811 2009 σύνθετον.
841 1982 878 2009 Τὸ
904 1980 933 2008 δὲ

97 2028 175 2057 οὕτω
190 2026 311 2065 διχάζειν
340 2025 503 2065 φιλοσοφίας
533 2023 608 2062 ἔργον
642 2024 823 2062 παραδέδοται
853 2025 931 2053 εἶναι,

98 2075 134 2108 ἧς
162 2072 193 2100 τὸ
221 2071 300 2102 τέλος
331 2071 444 2102 ἐνταῦθα
478 2070 617 2106 ἡνωμένος
655 2068 801 2107 διακρίνειν
840 2070 931 2107 ψυχὴν

101 2118 246 2153 σώματος.
275 2115 319 2144 καὶ
348 2114 380 2142 αὖ
408 2114 491 2142 πάλιν
518 2113 727 2151 διακεκριμένως
743 2114 828 2146 ἔνοῦν,
844 2113 862 2148 ἢ
887 2114 932 2141 καὶ

100 2161 211 2198 (ἄλλως
228 2161 321 2195 εἰπεῖν)
353 2161 464 2197 νεκροῦν
490 2159 538 2195 μὲν
564 2159 595 2186 τὸ
612 2160 664 2193 ζῶν
681 2159 718 2194 μὴ
750 2158 930 2195 ἓναρμονίως,

102 2209 252 2243 ζωογονεῖν
283 2204 311 2232 δὲ
338 2205 369 2232 τὸ
391 2203 602 2240 νενεκρωμένον.
631 2205 721 2230 Ταῦτα
745 2202 774 2230 δὲ
800 2203 930 2241 μοναχὸς,

101 2251 220 2286 ἰδιώτης
245 2250 310 2277 εἶναι
340 2249 433 2287 αὐχῶν
449 2248 475 2276 ἐν
495 2249 534 2284 τῷ
549 2249 586 2285 μὴ
605 2247 733 2284 μέλεσθαι
749 2247 931 2285 γραμμάτων,

100 2296 150 2324 καὶ
180 2294 250 2331 μηδὲ
274 2292 481 2331 ἀριστοπραξίας
511 2291 722 2328 ἐλλαμπόμενος
746 2292 853 2329 χάριτι,
882 2292 932 2319 οὐκ

101 2340 167 2368 οἶδα
195 2339 270 2377 εἰπερ
295 2338 396 2373 ἀνύσει,
426 2338 463 2370 ὡς
480 2338 516 2374 μή
533 2335 676 2374 ψεύδεσθαι
704 2337 750 2364 τὸν
771 2336 931 2375 φιλοσόφως

100 2386 179 2412 θεῖον
196 2382 336 2416 δικαστὴν,
366 2382 394 2412 ὃς
424 2380 454 2408 οὗ
467 2381 535 2408 κατὰ
549 2381 650 2417 νόμους
665 2379 728 2410 τοὺς
745 2380 834 2418 χαμαὶ
850 2390 929 2417 συρο-

104 2428 206 2466 μένους
221 2426 316 2463 κρίνει,
342 2425 413 2453 ἀλλὰ
434 2426 497 2456 τοὺς
521 2424 646 2461 δακτύλῳ
664 2427 730 2452 Θεοῦ
745 2425 931 2463 γραφομένους

103 2473 146 2503 εἲς
176 2470 288 2509 καρδίαν
320 2469 465 2505 σαρκίντιν,
495 2468 611 2497 εὕεικτον
641 2471 698 2505 Θεῴ
722 2470 761 2506 τῷ
790 2470 930 2508 γράφοντι⁸

105 2515 188 2547 Ἀλλ’
217 2515 330 2546 ἐνταῦθα
345 2530 378 2535 -
403 2513 425 2542 ὢ
449 2514 505 2541 οἶον
526 2514 610 2552 κρίμα
626 2513 725 2551 πάσχει
750 2515 763 2541 ὁ
778 2514 836 2541 καθ’
859 2515 933 2549 ἡμᾶς

103 2561 230 2599 κριτικὸς
258 2559 379 2596 ὁμιλοςί
414 2559 588 2589 Ἀκούσαντες
627 2558 689 2595 γὰρ,
727 2558 759 2585 οὐ
799 2558 852 2594 μὴν
885 2559 930 2586 καὶ

110 2605 312 2643 μεμαθηκότες,
328 2603 418 2641 κριταὶ
447 2603 524 2637 εἶναι,
539 2602 584 2629 καὶ
612 2601 782 2637 σπεύδοντες,
807 2605 855 2630 τοῦ
873 2603 932 2630 λοι-

107 2652 165 2679 ποῦ
194 2650 231 2687 μὴ
261 2649 312 2677 ὑπὸ
340 2650 444 2686 κριταῖς
474 2647 550 2680 εἶναι,
587 2647 609 2673 ο“
648 2646 740 2677 ἄλλως
777 2647 930 2685 ὑποκριταὶ,

110 2693 273 2732 μετάγουσιν
291 2693 400 2724 ἑαυτοὺς
414 2692 456 2720 καὶ
474 2692 511 2724 εἰς
539 2690 578 2728 (εἷ’
601 2701 626 2718 τι
643 2688 698 2728 χρῆ
716 2690 801 2722 οὕτως
831 2691 932 2729 ὁνομά‹

109 2740 166 2776 σαι)
193 2739 363 2775 κατακριτάς.
389 2736 491 2765 Οὕκοῦν
508 2736 615 2764 ὀκνοῦσι
630 2735 798 2773 κατακρίνειν
816 2736 865 2764 οὐκ
879 2736 932 2764 ἐσθ’

109 2782 205 2812 ὅντινα
219 2782 260 2817 οὕ,
290 2781 509 2821 παραζηλοῦντες
536 2780 647 2808 ἐνταῦθα
673 2779 737 2811 τοὺς
762 2780 933 2817 ἠξιωμένους

109 2831 203 2866 κρῖναι
218 2828 266 2859 τὰς
283 2825 388 2855 δώδεκα
402 2825 488 2866 φυλὰς
500 2827 548 2853 τοῦ
564 2823 684 2862 Ἰσραήλ.

984 955 1086 990 etipe
1101 954 1165 990 plus
1187 962 1276 989 quam
1291 953 1387 980 caeteri
1411 957 1440 981 et
1464 953 1592 989 amplius
1616 957 1740 987 tenetur,
1758 963 1803 982 re-

984 999 1121 1027 cordatus
1136 991 1311 1033 sefquando
1328 1000 1449 1025 tonsura
1464 1002 1654 1026 consecratus
1681 999 1746 1033 fuit,
1767 999 1802 1026 ad

985 1043 1039 1071 hoc
1050 1051 1114 1070 esse
1128 1042 1295 1076 invitatum,
1321 1044 1352 1069 ut
1374 1042 1509 1070 fmdatam
1536 1043 1693 1071 sudoribus
1720 1052 1804 1071 mun—

985 1088 1070 1115 danis
1086 1087 1311 1114 similitudinem
1327 1094 1411 1113 suam
1427 1087 1462 1114 ad
1479 1087 1570 1114 Deum
1591 1096 1695 1115 rursus
1719 1095 1805 1115 reno-

985 1135 1106 1160 vaturus
1141 1134 1216 1159 esset
1250 1131 1386 1166 operibus
1429 1131 1610 1159 monasticis.
1646 1132 1806 1160 Monachus

985 1177 1079 1213 pictor
1102 1178 1146 1204 est
1168 1175 1257 1203 etiam
1283 1175 1400 1202 virtutis
1423 1175 1566 1210 perfectae,
1591 1175 1627 1203 ad
1653 1181 1743 1211 quam
1760 1176 1806 1203 in-

985 1221 1144 1248 formandzs
1160 1223 1230 1248 sunt
1254 1221 1357 1247 animae
1374 1219 1562 1246 intuentium.
1587 1220 1665 1251 Quae
1689 1220 1724 1247 ad
1742 1229 1807 1255 per-

985 1265 1140 1293 fectionem
1165 1264 1220 1292 iste
1246 1264 1393 1300 depinget,
1410 1264 1434 1291 si
1460 1264 1534 1291 hanc
1556 1267 1649 1291 artem
1679 1265 1806 1300 perfecte

986 1309 1107 1337 edoctus
1122 1311 1175 1343 est,
1194 1309 1218 1336 si
1243 1308 1346 1335 didicit.
1369 1307 1539 1343 spirituales
1564 1308 1675 1336 colores
1704 1312 1807 1343 terere,

985 1353 1120 1387 miscere,
1156 1352 1344 1387 distinguere,
1377 1354 1477 1380 curate
1509 1353 1649 1388 conferre,
1669 1356 1697 1380 et
1730 1361 1808 1380 men-

985 1406 1097 1432 surare,
1124 1397 1201 1425 sicut
1226 1397 1307 1424 novit
1341 1396 1433 1432 pictor
1456 1405 1505 1424 eos
1525 1397 1597 1424 scite
1621 1404 1807 1432 componere.

985 1442 1065 1470 Talis
1080 1443 1124 1469 est
1138 1442 1225 1469 homo
1247 1441 1396 1473 doctrinae,
1418 1443 1468 1468 aut
1488 1441 1664 1469 inventionis
1679 1450 1730 1477 per
1745 1450 1811 1477 pra-

985 1487 1091 1514 cticam
1116 1495 1122 1514 :
1149 1494 1274 1522 quarum
1298 1494 1384 1513 unam
1408 1493 1459 1521 per
1483 1485 1670 1520 sapientiam,
1693 1489 1723 1513 et
1739 1485 1808 1513 alte-

984 1539 1048 1559 ram
1072 1539 1123 1566 per
1145 1538 1242 1558 veram
1278 1530 1391 1566 praxim
1416 1529 1578 1556 monachus
1611 1529 1734 1563 obtinet,
1759 1537 1810 1565 per

987 1583 1074 1610 quam
1090 1575 1262 1610 aperiuntur
1281 1573 1358 1602 oculi
1380 1573 1424 1609 (ut
1448 1573 1548 1601 Davidi
1574 1573 1690 1609 accidit)
1710 1574 1746 1601 ad
1763 1573 1808 1601 in-

987 1619 1147 1655 telligenda
1162 1618 1309 1646 mirabilia
1333 1618 1393 1651 Dei,
1417 1620 1446 1645 et
1470 1626 1504 1645 ex
1530 1618 1639 1653 quibus
1666 1620 1737 1645 sunt
1760 1626 1807 1646 sa-

989 1663 1106 1700 pientiae
1124 1664 1188 1699 ejus
1204 1663 1342 1699 mysteria
1360 1662 1679 1697 incomprehensibilia.
1696 1662 1809 1695 Quibus

989 1717 1115 1744 magnus
1131 1708 1293 1736 monachus
1307 1715 1400 1742 neque
1415 1707 1509 1742 pictor
1524 1710 1601 1734 esset
1617 1709 1674 1734 Deo
1694 1709 1809 1743 gratus,

989 1761 1083 1789 neque
1098 1761 1184 1781 verus
1200 1751 1374 1780 monachus.

1024 1895 1086 1922 131.
1101 1894 1194 1922 Judex
1208 1894 1298 1922 etiam
1315 1893 1490 1927 monachus,
1511 1894 1560 1930 qui
1573 1895 1625 1929 jus
1647 1894 1720 1922 dicit
1747 1902 1813 1929 par-

987 1939 1067 1967 tibus
1084 1939 1233 1972 adversis;
1249 1938 1434 1973 etjudicium
1451 1939 1598 1975 separatio
1613 1941 1658 1966 est
1669 1939 1773 1966 anima:
1785 1941 1815 1966 et

988 1984 1118 2018 corporis
1134 1983 1211 2011 sicut
1225 1983 1300 2010 mori
1313 1983 1480 2018 judicatum
1495 1985 1541 2010 est
1556 1984 1632 2018 quod
1647 1984 1675 2010 in
1693 1984 1812 2011 homine

988 2027 1182 2062 compositum
1210 2030 1265 2054 est.
1290 2027 1356 2058 Quae
1386 2027 1530 2062 separatio
1559 2027 1658 2054 habita
1673 2030 1717 2055 est
1739 2036 1814 2062 opus

988 2071 1179 2107 philosophice
1201 2079 1207 2097 :
1233 2071 1319 2105 cujus
1344 2079 1451 2106 scopus
1475 2073 1544 2098 tunc
1565 2074 1626 2098 erat
1649 2079 1756 2106 corpus
1787 2073 1816 2098 et

988 2116 1118 2143 animam
1134 2115 1218 2143 unita
1232 2115 1373 2149 dividere,
1390 2118 1418 2142 et
1439 2115 1546 2142 iterum
1571 2115 1666 2143 divisa
1690 2116 1814 2150 conjun-

987 2167 1076 2196 gere;
1092 2168 1154 2194 seu,
1180 2160 1256 2194 quod
1283 2160 1362 2186 idem
1386 2162 1440 2193 est,
1469 2160 1631 2187 interficere
1656 2160 1731 2195 quod
1760 2168 1814 2186 non

987 2206 1065 2232 recte
1080 2203 1204 2238 vivebat,
1221 2206 1250 2230 et
1265 2203 1395 2231 occisum
1420 2204 1608 2231 reviviiicare.
1633 2206 1691 2231 Ista
1718 2212 1818 2231 mona-

988 2249 1072 2280 chus,
1086 2248 1136 2283 qui
1152 2249 1188 2275 de
1204 2247 1394 2283 simplicitate
1408 2248 1551 2283 gloriatus
1563 2256 1596 2275 eo
1612 2248 1688 2283 quod
1704 2248 1818 2275 litteras

988 2301 1045 2320 non
1063 2294 1154 2327 curet,
1171 2300 1265 2327 neque
1280 2292 1384 2320 merito
1401 2301 1499 2320 rerum
1523 2292 1638 2328 egregie
1665 2293 1810 2320 factarum

986 2337 1142 2372 refulgeat.
1157 2336 1255 2364 nescio
1272 2338 1371 2364 utrum
1386 2337 1524 2372 perficiet,
1551 2337 1590 2364 ita
1616 2340 1647 2363 ut
1669 2336 1707 2364 sit
1726 2337 1817 2372 judex

988 2382 1105 2417 sapiens
1122 2384 1149 2408 et
1164 2384 1295 2414 sanctus,
1313 2390 1369 2408 non
1383 2382 1522 2416 judicans
1546 2382 1707 2408 secundum
1732 2381 1812 2417 leges

986 2425 1071 2453 humi
1087 2428 1232 2461 repentes,
1250 2425 1298 2453 scd
1326 2426 1489 2453 secundum
1513 2425 1637 2461 scriptas
1660 2426 1751 2461 digito
1768 2417 1820 2453 Dei

986 2470 1017 2497 in
1033 2471 1119 2498 corde
1135 2470 1256 2504 carnali,
1272 2473 1300 2497 et
1316 2470 1405 2498 simili
1421 2470 1478 2498 Deo
1495 2470 1645 2498 scribenti.
1662 2471 1745 2498 Tunc
1765 2479 1818 2498 au-

987 2516 1046 2542 tem
1058 2529 1092 2534 —
1103 2514 1190 2550 quato
1202 2514 1348 2549 judicium
1365 2514 1490 2550 proteret
1505 2515 1664 2542 multitudo
1677 2515 1814 2550 judicum

988 2559 1066 2595 apud
1082 2559 1153 2586 nos!
1172 2560 1225 2591 Qui
1242 2567 1308 2586 eum
1326 2560 1487 2593 audissent,
1514 2567 1576 2586 non
1602 2559 1769 2587 didicsrunt
1788 2568 1820 2586 se

985 2603 1102 2640 judices
1119 2612 1193 2638 esse,
1212 2606 1240 2631 et
1261 2604 1388 2630 nitentes
1413 2603 1467 2630 sub
1489 2604 1643 2638 judicibus
1668 2613 1726 2631 non
1751 2611 1816 2631 esse

987 2648 1127 2683 amplius,
1146 2649 1202 2683 ipsi
1218 2649 1303 2676 aliter
1319 2648 1487 2684 hypocrita,
1506 2649 1619 2683 seipsos
1636 2649 1664 2676 in
1681 2649 1817 2676 condem-

987 2696 1105 2720 natores
1127 2693 1166 2728 (si
1188 2693 1229 2720 ita
1259 2700 1363 2720 vocare
1389 2692 1467 2726 licet)
1502 2696 1681 2728 permutant.
1713 2693 1818 2724 Quem-

987 2737 1059 2765 libet
1074 2737 1269 2765 condemnare
1296 2746 1353 2764 non
1378 2740 1524 2771 verentur,
1549 2738 1584 2765 ad
1607 2737 1755 2773 exemplar
1770 2745 1817 2764 eo-

988 2790 1055 2810 rum
1082 2781 1132 2817 qui
1157 2781 1238 2817 digni
1260 2781 1354 2809 habiti
1378 2783 1450 2809 sunt
1485 2783 1516 2810 ut
1545 2782 1699 2810 duodecim
1726 2781 1821 2810 tribus

989 2825 1081 2855 Israel
1093 2825 1240 2862 judicent.
