  <div class='ocr_page' id='page_1' title='image "/cluster/home/n/w/nwhite01/storage/ocr_20150623/135/njp.32101077773107/435.png"; bbox 0 0 2018 3158; ppageno 0'>
   <div class='ocr_carea' id='block_1_1' title="bbox 210 141 270 172">
    <p class='ocr_par' dir='ltr' id='par_1_1' title="bbox 210 141 270 172">
     <span class='ocr_line' id='line_1_1' title="bbox 210 141 270 172; baseline -0.017 0"><span class='ocrx_word' id='word_1_1' title='bbox 210 141 270 172; x_wconf 85' lang='grc'><strong>839</strong></span> 
     </span>
    </p>
   </div>
   <div class='ocr_carea' id='block_1_2' title="bbox 245 204 1070 241">
    <p class='ocr_par' dir='ltr' id='par_1_2' title="bbox 245 204 1070 241">
     <span class='ocr_line' id='line_1_2' title="bbox 245 204 1070 241; baseline -0.002 -7"><span class='ocrx_word' id='word_1_2' title='bbox 245 206 305 234; x_wconf 85' lang='grc'><strong>132.</strong></span> <span class='ocrx_word' id='word_1_3' title='bbox 321 206 375 234; x_wconf 85' lang='lat' dir='ltr'><strong>Sed</strong></span> <span class='ocrx_word' id='word_1_4' title='bbox 391 206 445 233; x_wconf 90' lang='lat' dir='ltr'><strong>hoc</strong></span> <span class='ocrx_word' id='word_1_5' title='bbox 462 205 567 233; x_wconf 85' lang='lat' dir='ltr'><strong>melius</strong></span> <span class='ocrx_word' id='word_1_6' title='bbox 582 206 739 234; x_wconf 85' lang='lat' dir='ltr'><strong>ostendent</strong></span> <span class='ocrx_word' id='word_1_7' title='bbox 752 206 839 234; x_wconf 82' lang='lat' dir='ltr'><strong>verba</strong></span> <span class='ocrx_word' id='word_1_8' title='bbox 858 204 1023 241; x_wconf 74' lang='lat' dir='ltr'><strong>sequentia.</strong></span> <span class='ocrx_word' id='word_1_9' title='bbox 1043 205 1070 239; x_wconf 79' lang='grc' dir='ltr'><strong>Α</strong></span> 
     </span>
    </p>
   </div>
   <div class='ocr_carea' id='block_1_3' title="bbox 207 250 1030 287">
    <p class='ocr_par' dir='ltr' id='par_1_3' title="bbox 207 250 1030 287">
     <span class='ocr_line' id='line_1_3' title="bbox 207 250 1030 287; baseline -0.001 -9"><span class='ocrx_word' id='word_1_10' title='bbox 207 250 265 279; x_wconf 86' lang='lat' dir='ltr'><strong>Nos</strong></span> <span class='ocrx_word' id='word_1_11' title='bbox 281 253 378 278; x_wconf 87' lang='lat' dir='ltr'><strong>autem</strong></span> <span class='ocrx_word' id='word_1_12' title='bbox 393 259 497 278; x_wconf 78' lang='lat' dir='ltr'><strong>rursus</strong></span> <span class='ocrx_word' id='word_1_13' title='bbox 512 250 662 286; x_wconf 89' lang='lat' dir='ltr'><strong>proposita</strong></span> <span class='ocrx_word' id='word_1_14' title='bbox 679 250 780 287; x_wconf 88' lang='lat' dir='ltr'><strong>regula</strong></span> <span class='ocrx_word' id='word_1_15' title='bbox 796 250 978 284; x_wconf 88' lang='lat' dir='ltr'><strong>monachica,</strong></span> <span class='ocrx_word' id='word_1_16' title='bbox 994 250 1030 278; x_wconf 90' lang='lat' dir='ltr'><strong>de</strong></span> 
     </span>
    </p>
   </div>
   <div class='ocr_carea' id='block_1_4' title="bbox 208 295 1030 329">
    <p class='ocr_par' dir='ltr' id='par_1_4' title="bbox 208 295 1030 329">
     <span class='ocr_line' id='line_1_4' title="bbox 208 295 1030 329; baseline -0.002 -5"><span class='ocrx_word' id='word_1_17' title='bbox 208 296 317 324; x_wconf 89' lang='lat' dir='ltr'><strong>mundo</strong></span> <span class='ocrx_word' id='word_1_18' title='bbox 340 303 404 323; x_wconf 80' lang='lat' dir='ltr'><strong>esse</strong></span> <span class='ocrx_word' id='word_1_19' title='bbox 427 295 603 323; x_wconf 85' lang='lat' dir='ltr'><strong>monachum</strong></span> <span class='ocrx_word' id='word_1_20' title='bbox 638 295 775 329; x_wconf 81' lang='lat' dir='ltr'><strong>dicimus,</strong></span> <span class='ocrx_word' id='word_1_21' title='bbox 801 297 828 323; x_wconf 89' lang='lat' dir='ltr'><strong>et</strong></span> <span class='ocrx_word' id='word_1_22' title='bbox 851 295 916 322; x_wconf 87' lang='lat' dir='ltr'><strong>ideo</strong></span> <span class='ocrx_word' id='word_1_23' title='bbox 940 302 1030 329; x_wconf 83' lang='lat' dir='ltr'><strong>supra</strong></span> 
     </span>
    </p>
   </div>
   <div class='ocr_carea' id='block_1_5' title="bbox 208 339 1028 375">
    <p class='ocr_par' dir='ltr' id='par_1_5' title="bbox 208 339 1028 375">
     <span class='ocr_line' id='line_1_5' title="bbox 208 339 1028 375; baseline -0.002 -7"><span class='ocrx_word' id='word_1_24' title='bbox 208 341 365 369; x_wconf 88' lang='lat' dir='ltr'><strong>mundum.</strong></span> <span class='ocrx_word' id='word_1_25' title='bbox 383 340 411 367; x_wconf 91' lang='lat' dir='ltr'><strong>Si</strong></span> <span class='ocrx_word' id='word_1_26' title='bbox 428 342 525 367; x_wconf 85' lang='lat' dir='ltr'><strong>autem</strong></span> <span class='ocrx_word' id='word_1_27' title='bbox 542 340 629 368; x_wconf 83' lang='lat' dir='ltr'><strong>rebus</strong></span> <span class='ocrx_word' id='word_1_28' title='bbox 651 340 808 367; x_wconf 82' lang='lat' dir='ltr'><strong>mundanis</strong></span> <span class='ocrx_word' id='word_1_29' title='bbox 826 339 940 375; x_wconf 82' lang='lat' dir='ltr'><strong>proprie</strong></span> <span class='ocrx_word' id='word_1_30' title='bbox 955 339 1028 367; x_wconf 87' lang='lat' dir='ltr'><strong>assi-</strong></span> 
     </span>
    </p>
   </div>
   <div class='ocr_carea' id='block_1_6' title="bbox 208 382 1028 420">
    <p class='ocr_par' dir='ltr' id='par_1_6' title="bbox 208 382 1028 420">
     <span class='ocr_line' id='line_1_6' title="bbox 208 382 1028 420; baseline -0.002 -8"><span class='ocrx_word' id='word_1_31' title='bbox 208 385 340 414; x_wconf 86' lang='lat' dir='ltr'><strong>milatur.</strong></span> <span class='ocrx_word' id='word_1_32' title='bbox 357 393 414 420; x_wconf 93' lang='lat' dir='ltr'><strong>quo</strong></span> <span class='ocrx_word' id='word_1_33' title='bbox 431 384 516 412; x_wconf 90' lang='lat' dir='ltr'><strong>modo</strong></span> <span class='ocrx_word' id='word_1_34' title='bbox 531 393 596 412; x_wconf 84' lang='lat' dir='ltr'><strong>vere</strong></span> <span class='ocrx_word' id='word_1_35' title='bbox 612 393 702 420; x_wconf 92' lang='lat' dir='ltr'><strong>supra</strong></span> <span class='ocrx_word' id='word_1_36' title='bbox 727 384 868 412; x_wconf 90' lang='lat' dir='ltr'><strong>mundum</strong></span> <span class='ocrx_word' id='word_1_37' title='bbox 892 382 1028 411; x_wconf 84' lang='lat' dir='ltr'><strong>dicetur?</strong></span> 
     </span>
    </p>
   </div>
   <div class='ocr_carea' id='block_1_7' title="bbox 209 429 1026 466">
    <p class='ocr_par' dir='ltr' id='par_1_7' title="bbox 209 429 1026 466">
     <span class='ocr_line' id='line_1_7' title="bbox 209 429 1026 466; baseline -0.001 -9"><span class='ocrx_word' id='word_1_38' title='bbox 209 430 241 457; x_wconf 85' lang='lat' dir='ltr'><strong>Et</strong></span> <span class='ocrx_word' id='word_1_39' title='bbox 257 438 315 466; x_wconf 85' lang='lat' dir='ltr'><strong>qua</strong></span> <span class='ocrx_word' id='word_1_40' title='bbox 329 429 441 457; x_wconf 91' lang='lat' dir='ltr'><strong>ratione</strong></span> <span class='ocrx_word' id='word_1_41' title='bbox 457 429 506 464; x_wconf 88' lang='lat' dir='ltr'><strong>qui</strong></span> <span class='ocrx_word' id='word_1_42' title='bbox 523 437 612 465; x_wconf 80' lang='lat' dir='ltr'><strong>supra</strong></span> <span class='ocrx_word' id='word_1_43' title='bbox 638 430 780 457; x_wconf 86' lang='lat' dir='ltr'><strong>mundum</strong></span> <span class='ocrx_word' id='word_1_44' title='bbox 804 431 857 462; x_wconf 85' lang='lat' dir='ltr'><strong>est,</strong></span> <span class='ocrx_word' id='word_1_45' title='bbox 875 431 902 457; x_wconf 92' lang='lat' dir='ltr'><strong>et</strong></span> <span class='ocrx_word' id='word_1_46' title='bbox 919 429 1026 456; x_wconf 88' lang='lat' dir='ltr'><strong>mundo</strong></span> 
     </span>
    </p>
   </div>
   <div class='ocr_carea' id='block_1_8' title="bbox 204 473 1025 510">
    <p class='ocr_par' dir='ltr' id='par_1_8' title="bbox 204 473 1025 510">
     <span class='ocr_line' id='line_1_8' title="bbox 204 473 1025 510; baseline -0.002 -8"><span class='ocrx_word' id='word_1_47' title='bbox 204 475 302 502; x_wconf 84' lang='lat' dir='ltr'><strong>adhuc</strong></span> <span class='ocrx_word' id='word_1_48' title='bbox 318 474 438 510; x_wconf 80' lang='lat' dir='ltr'><strong>indiget,</strong></span> <span class='ocrx_word' id='word_1_49' title='bbox 457 474 518 509; x_wconf 87' lang='lat' dir='ltr'><strong>ipse</strong></span> <span class='ocrx_word' id='word_1_50' title='bbox 533 473 658 501; x_wconf 88' lang='lat' dir='ltr'><strong>ludibrio</strong></span> <span class='ocrx_word' id='word_1_51' title='bbox 675 483 732 501; x_wconf 88' lang='lat' dir='ltr'><strong>non</strong></span> <span class='ocrx_word' id='word_1_52' title='bbox 749 473 829 501; x_wconf 79' lang='lat' dir='ltr'><strong>crit?</strong></span> <span class='ocrx_word' id='word_1_53' title='bbox 845 473 914 501; x_wconf 84' lang='lat' dir='ltr'><strong>Tale</strong></span> <span class='ocrx_word' id='word_1_54' title='bbox 931 475 974 500; x_wconf 81' lang='lat' dir='ltr'><strong>est</strong></span> <span class='ocrx_word' id='word_1_55' title='bbox 989 473 1025 500; x_wconf 88' lang='lat' dir='ltr'><strong>ad</strong></span> 
     </span>
    </p>
   </div>
   <div class='ocr_carea' id='block_1_9' title="bbox 206 517 1024 555">
    <p class='ocr_par' dir='ltr' id='par_1_9' title="bbox 206 517 1024 555">
     <span class='ocr_line' id='line_1_9' title="bbox 206 517 1024 555; baseline -0.002 -8"><span class='ocrx_word' id='word_1_56' title='bbox 206 519 423 555; x_wconf 86' lang='lat' dir='ltr'><strong>corripiendum</strong></span> <span class='ocrx_word' id='word_1_57' title='bbox 442 518 489 545; x_wconf 92' lang='lat' dir='ltr'><strong>ubi</strong></span> <span class='ocrx_word' id='word_1_58' title='bbox 507 519 616 546; x_wconf 89' lang='lat' dir='ltr'><strong>mundo</strong></span> <span class='ocrx_word' id='word_1_59' title='bbox 633 519 800 546; x_wconf 83' lang='lat' dir='ltr'><strong>mundanus</strong></span> <span class='ocrx_word' id='word_1_60' title='bbox 816 517 1024 555; x_wconf 84' lang='lat' dir='ltr'><strong>indiget,quasi</strong></span> 
     </span>
    </p>
   </div>
   <div class='ocr_carea' id='block_1_10' title="bbox 204 562 1024 598">
    <p class='ocr_par' dir='ltr' id='par_1_10' title="bbox 204 562 1024 598">
     <span class='ocr_line' id='line_1_10' title="bbox 204 562 1024 598; baseline -0.001 -7"><span class='ocrx_word' id='word_1_61' title='bbox 204 563 246 591; x_wconf 86' lang='lat' dir='ltr'><strong>sal</strong></span> <span class='ocrx_word' id='word_1_62' title='bbox 263 563 322 590; x_wconf 82' lang='lat' dir='ltr'><strong>sale</strong></span> <span class='ocrx_word' id='word_1_63' title='bbox 341 563 480 590; x_wconf 78' lang='lat' dir='ltr'><strong>infatuato</strong></span> <span class='ocrx_word' id='word_1_64' title='bbox 498 562 642 598; x_wconf 83' lang='lat' dir='ltr'><strong>indigens.</strong></span> <span class='ocrx_word' id='word_1_65' title='bbox 669 562 843 590; x_wconf 82' lang='lat' dir='ltr'><strong>Monachum</strong></span> <span class='ocrx_word' id='word_1_66' title='bbox 866 565 974 596; x_wconf 88' lang='lat' dir='ltr'><strong>autem,</strong></span> <span class='ocrx_word' id='word_1_67' title='bbox 995 564 1024 589; x_wconf 90' lang='lat' dir='ltr'><strong>ut</strong></span> 
     </span>
    </p>
   </div>
   <div class='ocr_carea' id='block_1_11' title="bbox 202 607 1023 643">
    <p class='ocr_par' dir='ltr' id='par_1_11' title="bbox 202 607 1023 643">
     <span class='ocr_line' id='line_1_11' title="bbox 202 607 1023 643; baseline -0.001 -8"><span class='ocrx_word' id='word_1_68' title='bbox 202 616 319 635; x_wconf 89' lang='lat' dir='ltr'><strong>omnem</strong></span> <span class='ocrx_word' id='word_1_69' title='bbox 335 607 495 641; x_wconf 83' lang='lat' dir='ltr'><strong>hominem,</strong></span> <span class='ocrx_word' id='word_1_70' title='bbox 511 607 585 634; x_wconf 89' lang='lat' dir='ltr'><strong>ratio</strong></span> <span class='ocrx_word' id='word_1_71' title='bbox 600 610 737 641; x_wconf 82' lang='lat' dir='ltr'><strong>exornat;</strong></span> <span class='ocrx_word' id='word_1_72' title='bbox 754 608 909 643; x_wconf 63' lang='lat' dir='ltr'><strong>quaerenda</strong></span> <span class='ocrx_word' id='word_1_73' title='bbox 924 609 968 635; x_wconf 88' lang='lat' dir='ltr'><strong>est</strong></span> <span class='ocrx_word' id='word_1_74' title='bbox 978 615 1023 635; x_wconf 88' lang='lat' dir='ltr'><strong>er-</strong></span> 
     </span>
    </p>
   </div>
   <div class='ocr_carea' id='block_1_12' title="bbox 201 651 1023 688">
    <p class='ocr_par' dir='ltr' id='par_1_12' title="bbox 201 651 1023 688">
     <span class='ocr_line' id='line_1_12' title="bbox 201 651 1023 688; baseline -0.001 -9"><span class='ocrx_word' id='word_1_75' title='bbox 201 660 237 688; x_wconf 80' lang='lat' dir='ltr'><strong>go</strong></span> <span class='ocrx_word' id='word_1_76' title='bbox 253 652 304 679; x_wconf 89' lang='lat' dir='ltr'><strong>tibi</strong></span> <span class='ocrx_word' id='word_1_77' title='bbox 321 652 425 684; x_wconf 88' lang='lat' dir='ltr'><strong>ratio,o</strong></span> <span class='ocrx_word' id='word_1_78' title='bbox 438 651 731 688; x_wconf 81' lang='lat' dir='ltr'><strong>magniﬁcentissime</strong></span> <span class='ocrx_word' id='word_1_79' title='bbox 742 660 775 679; x_wconf 79' lang='lat' dir='ltr'><strong>ex</strong></span> <span class='ocrx_word' id='word_1_80' title='bbox 791 660 897 688; x_wconf 84' lang='lat' dir='ltr'><strong>magno</strong></span> <span class='ocrx_word' id='word_1_81' title='bbox 910 651 1023 684; x_wconf 88' lang='lat' dir='ltr'><strong>habitu,</strong></span> 
     </span>
    </p>
   </div>
   <div class='ocr_carea' id='block_1_13' title="bbox 200 695 1024 733">
    <p class='ocr_par' dir='ltr' id='par_1_13' title="bbox 200 695 1024 733">
     <span class='ocr_line' id='line_1_13' title="bbox 200 695 1024 733; baseline -0.002 -9"><span class='ocrx_word' id='word_1_82' title='bbox 200 698 233 725; x_wconf 83' lang='lat' dir='ltr'><strong>ut</strong></span> <span class='ocrx_word' id='word_1_83' title='bbox 249 705 300 733; x_wconf 88' lang='lat' dir='ltr'><strong>per</strong></span> <span class='ocrx_word' id='word_1_84' title='bbox 315 705 378 724; x_wconf 87' lang='lat' dir='ltr'><strong>eam</strong></span> <span class='ocrx_word' id='word_1_85' title='bbox 396 697 449 724; x_wconf 82' lang='lat' dir='ltr'><strong>ﬁas</strong></span> <span class='ocrx_word' id='word_1_86' title='bbox 462 696 856 728; x_wconf 83' lang='lat' dir='ltr'><strong>ornatior.0uemadmodum</strong></span> <span class='ocrx_word' id='word_1_87' title='bbox 873 697 950 724; x_wconf 89' lang='lat' dir='ltr'><strong>enim</strong></span> <span class='ocrx_word' id='word_1_88' title='bbox 967 695 1024 723; x_wconf 86' lang='lat' dir='ltr'><strong>alia</strong></span> 
     </span>
    </p>
   </div>
   <div class='ocr_carea' id='block_1_14' title="bbox 200 740 1023 777">
    <p class='ocr_par' dir='ltr' id='par_1_14' title="bbox 200 740 1023 777">
     <span class='ocr_line' id='line_1_14' title="bbox 200 740 1023 777; baseline -0.001 -8"><span class='ocrx_word' id='word_1_89' title='bbox 200 742 334 777; x_wconf 63' lang='lat' dir='ltr'><strong>quaedam</strong></span> <span class='ocrx_word' id='word_1_90' title='bbox 351 741 417 769; x_wconf 88' lang='lat' dir='ltr'><strong>aliis</strong></span> <span class='ocrx_word' id='word_1_91' title='bbox 443 741 615 777; x_wconf 76' lang='lat' dir='ltr'><strong>corporibus</strong></span> <span class='ocrx_word' id='word_1_92' title='bbox 635 743 665 768; x_wconf 86' lang='lat' dir='ltr'><strong>et</strong></span> <span class='ocrx_word' id='word_1_93' title='bbox 679 741 778 774; x_wconf 86' lang='lat' dir='ltr'><strong>rebus,</strong></span> <span class='ocrx_word' id='word_1_94' title='bbox 795 740 837 768; x_wconf 88' lang='lat' dir='ltr'><strong>sic</strong></span> <span class='ocrx_word' id='word_1_95' title='bbox 861 741 930 768; x_wconf 85' lang='lat' dir='ltr'><strong>ordo</strong></span> <span class='ocrx_word' id='word_1_96' title='bbox 953 740 1023 768; x_wconf 86' lang='lat' dir='ltr'><strong>viris</strong></span> 
     </span>
    </p>
   </div>
   <div class='ocr_carea' id='block_1_15' title="bbox 197 784 1021 821">
    <p class='ocr_par' dir='ltr' id='par_1_15' title="bbox 197 784 1021 821">
     <span class='ocr_line' id='line_1_15' title="bbox 197 784 1021 821; baseline -0.001 -9"><span class='ocrx_word' id='word_1_97' title='bbox 197 784 285 820; x_wconf 83' lang='lat' dir='ltr'><strong>veris,</strong></span> <span class='ocrx_word' id='word_1_98' title='bbox 301 785 377 812; x_wconf 85' lang='lat' dir='ltr'><strong>inter</strong></span> <span class='ocrx_word' id='word_1_99' title='bbox 393 793 466 821; x_wconf 90' lang='lat' dir='ltr'><strong>quos</strong></span> <span class='ocrx_word' id='word_1_100' title='bbox 481 787 525 813; x_wconf 91' lang='lat' dir='ltr'><strong>est</strong></span> <span class='ocrx_word' id='word_1_101' title='bbox 540 793 624 813; x_wconf 88' lang='lat' dir='ltr'><strong>verus</strong></span> <span class='ocrx_word' id='word_1_102' title='bbox 649 785 824 819; x_wconf 74' lang='lat' dir='ltr'><strong>monachus,</strong></span> <span class='ocrx_word' id='word_1_103' title='bbox 852 784 924 812; x_wconf 90' lang='lat' dir='ltr'><strong>nihil</strong></span> <span class='ocrx_word' id='word_1_104' title='bbox 942 784 1021 812; x_wconf 80' lang='lat' dir='ltr'><strong>aliud</strong></span> 
     </span>
    </p>
   </div>
   <div class='ocr_carea' id='block_1_16' title="bbox 198 829 1020 865">
    <p class='ocr_par' dir='ltr' id='par_1_16' title="bbox 198 829 1020 865">
     <span class='ocr_line' id='line_1_16' title="bbox 198 829 1020 865; baseline -0.001 -8"><span class='ocrx_word' id='word_1_105' title='bbox 198 832 243 858; x_wconf 88' lang='lat' dir='ltr'><strong>est</strong></span> <span class='ocrx_word' id='word_1_106' title='bbox 259 832 346 865; x_wconf 83' lang='lat' dir='ltr'><strong>atque</strong></span> <span class='ocrx_word' id='word_1_107' title='bbox 362 829 434 857; x_wconf 86' lang='lat' dir='ltr'><strong>ratio</strong></span> <span class='ocrx_word' id='word_1_108' title='bbox 448 838 515 857; x_wconf 91' lang='lat' dir='ltr'><strong>cum</strong></span> <span class='ocrx_word' id='word_1_109' title='bbox 532 830 638 857; x_wconf 86' lang='lat' dir='ltr'><strong>virtute</strong></span> <span class='ocrx_word' id='word_1_110' title='bbox 654 829 755 864; x_wconf 81' lang='lat' dir='ltr'><strong>activa,</strong></span> <span class='ocrx_word' id='word_1_111' title='bbox 777 837 792 857; x_wconf 90' lang='lat' dir='ltr'><strong>e</strong></span> <span class='ocrx_word' id='word_1_112' title='bbox 808 837 864 865; x_wconf 87' lang='lat' dir='ltr'><strong>qua</strong></span> <span class='ocrx_word' id='word_1_113' title='bbox 880 829 929 865; x_wconf 92' lang='lat' dir='ltr'><strong>qui</strong></span> <span class='ocrx_word' id='word_1_114' title='bbox 947 829 1020 856; x_wconf 76' lang='lat' dir='ltr'><strong>exci-</strong></span> 
     </span>
    </p>
   </div>
   <div class='ocr_carea' id='block_1_17' title="bbox 197 873 1059 927">
    <p class='ocr_par' dir='ltr' id='par_1_17' title="bbox 197 873 1059 927">
     <span class='ocr_line' id='line_1_17' title="bbox 197 873 1059 927; baseline -0.001 -26"><span class='ocrx_word' id='word_1_115' title='bbox 197 874 265 902; x_wconf 87' lang='lat' dir='ltr'><strong>disti</strong></span> <span class='ocrx_word' id='word_1_116' title='bbox 282 883 298 902; x_wconf 84' lang='lat' dir='ltr'><strong>a</strong></span> <span class='ocrx_word' id='word_1_117' title='bbox 314 874 471 910; x_wconf 85' lang='lat' dir='ltr'><strong>principio,</strong></span> <span class='ocrx_word' id='word_1_118' title='bbox 488 874 538 911; x_wconf 78' lang='lat' dir='ltr'><strong>qui</strong></span> <span class='ocrx_word' id='word_1_119' title='bbox 555 874 666 902; x_wconf 91' lang='lat' dir='ltr'><strong>litteras</strong></span> <span class='ocrx_word' id='word_1_120' title='bbox 683 876 710 902; x_wconf 85' lang='lat' dir='ltr'><strong>et</strong></span> <span class='ocrx_word' id='word_1_121' title='bbox 727 874 870 902; x_wconf 89' lang='lat' dir='ltr'><strong>actionem</strong></span> <span class='ocrx_word' id='word_1_122' title='bbox 892 873 1018 909; x_wconf 81' lang='lat' dir='ltr'><strong>ignoras,</strong></span> <span class='ocrx_word' id='word_1_123' title='bbox 1035 894 1059 927; x_wconf 83' lang='lat' dir='ltr'><strong>B</strong></span> 
     </span>
    </p>
   </div>
   <div class='ocr_carea' id='block_1_18' title="bbox 197 917 1021 947">
    <p class='ocr_par' dir='ltr' id='par_1_18' title="bbox 197 917 1021 947">
     <span class='ocr_line' id='line_1_18' title="bbox 197 917 1021 947; baseline 0 -1"><span class='ocrx_word' id='word_1_124' title='bbox 197 927 264 947; x_wconf 87' lang='lat' dir='ltr'><strong>ama</strong></span> <span class='ocrx_word' id='word_1_125' title='bbox 281 919 410 946; x_wconf 88' lang='lat' dir='ltr'><strong>secundo</strong></span> <span class='ocrx_word' id='word_1_126' title='bbox 426 918 489 946; x_wconf 91' lang='lat' dir='ltr'><strong>loco</strong></span> <span class='ocrx_word' id='word_1_127' title='bbox 505 918 639 946; x_wconf 77' lang='lat' dir='ltr'><strong>homines</strong></span> <span class='ocrx_word' id='word_1_128' title='bbox 655 918 707 946; x_wconf 85' lang='lat' dir='ltr'><strong>tibi</strong></span> <span class='ocrx_word' id='word_1_129' title='bbox 741 917 911 946; x_wconf 84' lang='lat' dir='ltr'><strong>dissimiles.</strong></span> <span class='ocrx_word' id='word_1_130' title='bbox 931 919 964 945; x_wconf 88' lang='lat' dir='ltr'><strong>Et</strong></span> <span class='ocrx_word' id='word_1_131' title='bbox 979 918 1021 946; x_wconf 87' lang='lat' dir='ltr'><strong>sic</strong></span> 
     </span>
    </p>
   </div>
   <div class='ocr_carea' id='block_1_19' title="bbox 196 962 1021 999">
    <p class='ocr_par' dir='ltr' id='par_1_19' title="bbox 196 962 1021 999">
     <span class='ocr_line' id='line_1_19' title="bbox 196 962 1021 999; baseline -0.001 -8"><span class='ocrx_word' id='word_1_132' title='bbox 196 966 258 991; x_wconf 82' lang='lat' dir='ltr'><strong>esto</strong></span> <span class='ocrx_word' id='word_1_133' title='bbox 277 963 375 999; x_wconf 83' lang='lat' dir='ltr'><strong>aliquo</strong></span> <span class='ocrx_word' id='word_1_134' title='bbox 392 963 476 990; x_wconf 90' lang='lat' dir='ltr'><strong>modo</strong></span> <span class='ocrx_word' id='word_1_135' title='bbox 494 963 556 999; x_wconf 73' lang='lat' dir='ltr'><strong>ipsc</strong></span> <span class='ocrx_word' id='word_1_136' title='bbox 573 962 691 999; x_wconf 85' lang='lat' dir='ltr'><strong>sapiens</strong></span> <span class='ocrx_word' id='word_1_137' title='bbox 711 963 856 998; x_wconf 58' lang='lat' dir='ltr'><strong>(quadam</strong></span> <span class='ocrx_word' id='word_1_138' title='bbox 876 962 1021 998; x_wconf 82' lang='lat' dir='ltr'><strong>sapientia</strong></span> 
     </span>
    </p>
   </div>
   <div class='ocr_carea' id='block_1_20' title="bbox 196 1007 1020 1044">
    <p class='ocr_par' dir='ltr' id='par_1_20' title="bbox 196 1007 1020 1044">
     <span class='ocr_line' id='line_1_20' title="bbox 196 1007 1020 1044; baseline -0.001 -8"><span class='ocrx_word' id='word_1_139' title='bbox 196 1010 241 1036; x_wconf 84' lang='lat' dir='ltr'><strong>est</strong></span> <span class='ocrx_word' id='word_1_140' title='bbox 256 1008 334 1036; x_wconf 87' lang='lat' dir='ltr'><strong>enim</strong></span> <span class='ocrx_word' id='word_1_141' title='bbox 348 1007 494 1044; x_wconf 84' lang='lat' dir='ltr'><strong>sapientes</strong></span> <span class='ocrx_word' id='word_1_142' title='bbox 509 1007 764 1044; x_wconf 82' lang='lat' dir='ltr'><strong>diligere),eosque</strong></span> <span class='ocrx_word' id='word_1_143' title='bbox 780 1007 903 1035; x_wconf 88' lang='lat' dir='ltr'><strong>nimium</strong></span> <span class='ocrx_word' id='word_1_144' title='bbox 920 1010 948 1035; x_wconf 88' lang='lat' dir='ltr'><strong>et</strong></span> <span class='ocrx_word' id='word_1_145' title='bbox 962 1007 1020 1035; x_wconf 92' lang='lat' dir='ltr'><strong>im-</strong></span> 
     </span>
    </p>
   </div>
   <div class='ocr_carea' id='block_1_21' title="bbox 195 1052 1019 1089">
    <p class='ocr_par' dir='ltr' id='par_1_21' title="bbox 195 1052 1019 1089">
     <span class='ocr_line' id='line_1_21' title="bbox 195 1052 1019 1089; baseline -0.001 -9"><span class='ocrx_word' id='word_1_146' title='bbox 195 1054 338 1089; x_wconf 85' lang='lat' dir='ltr'><strong>pudenter</strong></span> <span class='ocrx_word' id='word_1_147' title='bbox 350 1061 384 1080; x_wconf 90' lang='lat' dir='ltr'><strong>ne</strong></span> <span class='ocrx_word' id='word_1_148' title='bbox 394 1055 630 1087; x_wconf 82' lang='lat' dir='ltr'><strong>contemnas,pro</strong></span> <span class='ocrx_word' id='word_1_149' title='bbox 644 1052 771 1080; x_wconf 87' lang='lat' dir='ltr'><strong>maxima</strong></span> <span class='ocrx_word' id='word_1_150' title='bbox 782 1053 891 1088; x_wconf 81' lang='lat' dir='ltr'><strong>injuria</strong></span> <span class='ocrx_word' id='word_1_151' title='bbox 903 1053 1019 1080; x_wconf 87' lang='lat' dir='ltr'><strong>nomine</strong></span> 
     </span>
    </p>
   </div>
   <div class='ocr_carea' id='block_1_22' title="bbox 194 1097 1016 1133">
    <p class='ocr_par' dir='ltr' id='par_1_22' title="bbox 194 1097 1016 1133">
     <span class='ocr_line' id='line_1_22' title="bbox 194 1097 1016 1133; baseline -0.001 -8"><span class='ocrx_word' id='word_1_152' title='bbox 194 1097 314 1125; x_wconf 85' lang='lat' dir='ltr'><strong>litterati</strong></span> <span class='ocrx_word' id='word_1_153' title='bbox 331 1099 460 1133; x_wconf 85' lang='lat' dir='ltr'><strong>accepto.</strong></span> <span class='ocrx_word' id='word_1_154' title='bbox 477 1099 517 1124; x_wconf 91' lang='lat' dir='ltr'><strong>Tu</strong></span> <span class='ocrx_word' id='word_1_155' title='bbox 534 1105 600 1124; x_wconf 89' lang='lat' dir='ltr'><strong>vero</strong></span> <span class='ocrx_word' id='word_1_156' title='bbox 616 1097 641 1124; x_wconf 88' lang='lat' dir='ltr'><strong>si</strong></span> <span class='ocrx_word' id='word_1_157' title='bbox 663 1097 750 1124; x_wconf 85' lang='lat' dir='ltr'><strong>homo</strong></span> <span class='ocrx_word' id='word_1_158' title='bbox 767 1097 877 1133; x_wconf 82' lang='lat' dir='ltr'><strong>peritus</strong></span> <span class='ocrx_word' id='word_1_159' title='bbox 902 1105 960 1124; x_wconf 92' lang='lat' dir='ltr'><strong>non</strong></span> <span class='ocrx_word' id='word_1_160' title='bbox 976 1105 1016 1131; x_wconf 85' lang='lat' dir='ltr'><strong>es,</strong></span> 
     </span>
    </p>
   </div>
   <div class='ocr_carea' id='block_1_23' title="bbox 198 1141 1018 1178">
    <p class='ocr_par' dir='ltr' id='par_1_23' title="bbox 198 1141 1018 1178">
     <span class='ocr_line' id='line_1_23' title="bbox 198 1141 1018 1178; baseline -0.001 -8"><span class='ocrx_word' id='word_1_161' title='bbox 198 1151 293 1178; x_wconf 76' lang='lat' dir='ltr'><strong>neque</strong></span> <span class='ocrx_word' id='word_1_162' title='bbox 308 1141 382 1170; x_wconf 84' lang='lat' dir='ltr'><strong>tales</strong></span> <span class='ocrx_word' id='word_1_163' title='bbox 398 1150 491 1177; x_wconf 84' lang='lat' dir='ltr'><strong>amas,</strong></span> <span class='ocrx_word' id='word_1_164' title='bbox 508 1142 550 1169; x_wconf 88' lang='lat' dir='ltr'><strong>sic</strong></span> <span class='ocrx_word' id='word_1_165' title='bbox 567 1149 618 1168; x_wconf 88' lang='lat' dir='ltr'><strong>nec</strong></span> <span class='ocrx_word' id='word_1_166' title='bbox 635 1141 758 1177; x_wconf 83' lang='lat' dir='ltr'><strong>gloriam</strong></span> <span class='ocrx_word' id='word_1_167' title='bbox 779 1150 812 1169; x_wconf 86' lang='lat' dir='ltr'><strong>ex</strong></span> <span class='ocrx_word' id='word_1_168' title='bbox 834 1142 950 1170; x_wconf 83' lang='lat' dir='ltr'><strong>actibus</strong></span> <span class='ocrx_word' id='word_1_169' title='bbox 974 1150 1018 1169; x_wconf 87' lang='lat' dir='ltr'><strong>ac-</strong></span> 
     </span>
    </p>
   </div>
   <div class='ocr_carea' id='block_1_24' title="bbox 196 1185 1018 1222">
    <p class='ocr_par' dir='ltr' id='par_1_24' title="bbox 196 1185 1018 1222">
     <span class='ocr_line' id='line_1_24' title="bbox 196 1185 1018 1222; baseline 0 -8"><span class='ocrx_word' id='word_1_170' title='bbox 196 1186 298 1222; x_wconf 84' lang='lat' dir='ltr'><strong>cepisti</strong></span> <span class='ocrx_word' id='word_1_171' title='bbox 316 1195 321 1213; x_wconf 93' lang='lat'>:</span> <span class='ocrx_word' id='word_1_172' title='bbox 339 1186 435 1222; x_wconf 85' lang='lat' dir='ltr'><strong>cogita</strong></span> <span class='ocrx_word' id='word_1_173' title='bbox 449 1194 575 1222; x_wconf 86' lang='lat' dir='ltr'><strong>quonam</strong></span> <span class='ocrx_word' id='word_1_174' title='bbox 590 1186 619 1213; x_wconf 89' lang='lat' dir='ltr'><strong>in</strong></span> <span class='ocrx_word' id='word_1_175' title='bbox 635 1185 697 1213; x_wconf 90' lang='lat' dir='ltr'><strong>loco</strong></span> <span class='ocrx_word' id='word_1_176' title='bbox 711 1186 787 1213; x_wconf 87' lang='lat' dir='ltr'><strong>inter</strong></span> <span class='ocrx_word' id='word_1_177' title='bbox 795 1186 929 1214; x_wconf 86' lang='lat' dir='ltr'><strong>homines</strong></span> <span class='ocrx_word' id='word_1_178' title='bbox 944 1186 1018 1214; x_wconf 89' lang='lat' dir='ltr'><strong>ordi-</strong></span> 
     </span>
    </p>
   </div>
   <div class='ocr_carea' id='block_1_25' title="bbox 196 1230 1016 1266">
    <p class='ocr_par' dir='ltr' id='par_1_25' title="bbox 196 1230 1016 1266">
     <span class='ocr_line' id='line_1_25' title="bbox 196 1230 1016 1266; baseline 0 -8"><span class='ocrx_word' id='word_1_179' title='bbox 196 1234 283 1258; x_wconf 84' lang='lat' dir='ltr'><strong>natus</strong></span> <span class='ocrx_word' id='word_1_180' title='bbox 299 1230 350 1257; x_wconf 86' lang='lat' dir='ltr'><strong>sis.</strong></span> <span class='ocrx_word' id='word_1_181' title='bbox 372 1230 434 1257; x_wconf 85' lang='lat' dir='ltr'><strong>Non</strong></span> <span class='ocrx_word' id='word_1_182' title='bbox 461 1230 591 1266; x_wconf 85' lang='lat' dir='ltr'><strong>profecto</strong></span> <span class='ocrx_word' id='word_1_183' title='bbox 611 1230 687 1257; x_wconf 89' lang='lat' dir='ltr'><strong>inter</strong></span> <span class='ocrx_word' id='word_1_184' title='bbox 702 1230 864 1258; x_wconf 88' lang='lat' dir='ltr'><strong>laudabiles</strong></span> <span class='ocrx_word' id='word_1_185' title='bbox 886 1230 933 1266; x_wconf 87' lang='lat' dir='ltr'><strong>(ne</strong></span> <span class='ocrx_word' id='word_1_186' title='bbox 948 1231 1016 1266; x_wconf 82' lang='lat' dir='ltr'><strong>quid</strong></span> 
     </span>
    </p>
   </div>
   <div class='ocr_carea' id='block_1_26' title="bbox 195 1273 1016 1308">
    <p class='ocr_par' dir='ltr' id='par_1_26' title="bbox 195 1273 1016 1308">
     <span class='ocr_line' id='line_1_26' title="bbox 195 1273 1016 1308; baseline 0 -6"><span class='ocrx_word' id='word_1_187' title='bbox 195 1274 329 1302; x_wconf 84' lang='lat' dir='ltr'><strong>acerbius</strong></span> <span class='ocrx_word' id='word_1_188' title='bbox 345 1273 462 1308; x_wconf 86' lang='lat' dir='ltr'><strong>dicam),</strong></span> <span class='ocrx_word' id='word_1_189' title='bbox 479 1273 532 1302; x_wconf 81' lang='lat' dir='ltr'><strong>hoc</strong></span> <span class='ocrx_word' id='word_1_190' title='bbox 557 1276 654 1301; x_wconf 87' lang='lat' dir='ltr'><strong>autem</strong></span> <span class='ocrx_word' id='word_1_191' title='bbox 681 1283 739 1302; x_wconf 88' lang='lat' dir='ltr'><strong>non</strong></span> <span class='ocrx_word' id='word_1_192' title='bbox 763 1282 869 1302; x_wconf 89' lang='lat' dir='ltr'><strong>novum</strong></span> <span class='ocrx_word' id='word_1_193' title='bbox 894 1277 938 1302; x_wconf 86' lang='lat' dir='ltr'><strong>est</strong></span> <span class='ocrx_word' id='word_1_194' title='bbox 953 1283 1016 1302; x_wconf 91' lang='lat' dir='ltr'><strong>om-</strong></span> 
     </span>
    </p>
   </div>
   <div class='ocr_carea' id='block_1_27' title="bbox 194 1318 1015 1355">
    <p class='ocr_par' dir='ltr' id='par_1_27' title="bbox 194 1318 1015 1355">
     <span class='ocr_line' id='line_1_27' title="bbox 194 1318 1015 1355; baseline 0 -9"><span class='ocrx_word' id='word_1_195' title='bbox 194 1319 265 1346; x_wconf 87' lang='lat' dir='ltr'><strong>nino</strong></span> <span class='ocrx_word' id='word_1_196' title='bbox 299 1318 447 1346; x_wconf 87' lang='lat' dir='ltr'><strong>hominem</strong></span> <span class='ocrx_word' id='word_1_197' title='bbox 475 1318 548 1345; x_wconf 87' lang='lat' dir='ltr'><strong>nihil</strong></span> <span class='ocrx_word' id='word_1_198' title='bbox 574 1318 725 1354; x_wconf 84' lang='lat' dir='ltr'><strong>superbire</strong></span> <span class='ocrx_word' id='word_1_199' title='bbox 748 1319 865 1355; x_wconf 88' lang='lat' dir='ltr'><strong>pr’opter</strong></span> <span class='ocrx_word' id='word_1_200' title='bbox 888 1327 1015 1347; x_wconf 89' lang='lat' dir='ltr'><strong>amorem</strong></span> 
     </span>
    </p>
   </div>
   <div class='ocr_carea' id='block_1_28' title="bbox 195 1362 1017 1400">
    <p class='ocr_par' dir='ltr' id='par_1_28' title="bbox 195 1362 1017 1400">
     <span class='ocr_line' id='line_1_28' title="bbox 195 1362 1017 1400; baseline -0.001 -8"><span class='ocrx_word' id='word_1_201' title='bbox 195 1363 241 1392; x_wconf 86' lang='lat' dir='ltr'><strong>sui</strong></span> <span class='ocrx_word' id='word_1_202' title='bbox 272 1363 379 1399; x_wconf 82' lang='lat' dir='ltr'><strong>ipsius,</strong></span> <span class='ocrx_word' id='word_1_203' title='bbox 413 1371 498 1399; x_wconf 92' lang='lat' dir='ltr'><strong>quem</strong></span> <span class='ocrx_word' id='word_1_204' title='bbox 535 1362 684 1400; x_wconf 85' lang='lat' dir='ltr'><strong>plerisque</strong></span> <span class='ocrx_word' id='word_1_205' title='bbox 727 1363 880 1391; x_wconf 87' lang='lat' dir='ltr'><strong>hominum</strong></span> <span class='ocrx_word' id='word_1_206' title='bbox 913 1366 1017 1392; x_wconf 85' lang='lat' dir='ltr'><strong>natura</strong></span> 
     </span>
    </p>
   </div>
   <div class='ocr_carea' id='block_1_29' title="bbox 194 1407 311 1436">
    <p class='ocr_par' dir='ltr' id='par_1_29' title="bbox 194 1407 311 1436">
     <span class='ocr_line' id='line_1_29' title="bbox 194 1407 311 1436; baseline -0.009 0"><span class='ocrx_word' id='word_1_207' title='bbox 194 1407 311 1436; x_wconf 81' lang='lat' dir='ltr'><strong>indidit.</strong></span> 
     </span>
    </p>
   </div>
   <div class='ocr_carea' id='block_1_30' title="bbox 231 1518 1015 1554">
    <p class='ocr_par' dir='ltr' id='par_1_30' title="bbox 231 1518 1015 1554">
     <span class='ocr_line' id='line_1_30' title="bbox 231 1518 1015 1554; baseline 0 -8"><span class='ocrx_word' id='word_1_208' title='bbox 231 1518 291 1546; x_wconf 83' lang='lat'><strong>133.</strong></span> <span class='ocrx_word' id='word_1_209' title='bbox 308 1518 428 1546; x_wconf 84' lang='lat' dir='ltr'><strong>Credere</strong></span> <span class='ocrx_word' id='word_1_210' title='bbox 444 1527 529 1554; x_wconf 90' lang='lat' dir='ltr'><strong>porro</strong></span> <span class='ocrx_word' id='word_1_211' title='bbox 545 1527 577 1546; x_wconf 79' lang='lat' dir='ltr'><strong>ac</strong></span> <span class='ocrx_word' id='word_1_212' title='bbox 592 1527 765 1554; x_wconf 82' lang='lat' dir='ltr'><strong>persuasum</strong></span> <span class='ocrx_word' id='word_1_213' title='bbox 782 1519 888 1546; x_wconf 85' lang='lat' dir='ltr'><strong>habere</strong></span> <span class='ocrx_word' id='word_1_214' title='bbox 901 1518 1015 1546; x_wconf 89' lang='lat' dir='ltr'><strong>nullum</strong></span> 
     </span>
    </p>
   </div>
   <div class='ocr_carea' id='block_1_31' title="bbox 195 1562 1013 1599">
    <p class='ocr_par' dir='ltr' id='par_1_31' title="bbox 195 1562 1013 1599">
     <span class='ocr_line' id='line_1_31' title="bbox 195 1562 1013 1599; baseline 0 -9"><span class='ocrx_word' id='word_1_215' title='bbox 195 1562 285 1590; x_wconf 86' lang='lat' dir='ltr'><strong>alium</strong></span> <span class='ocrx_word' id='word_1_216' title='bbox 294 1563 346 1590; x_wconf 90' lang='lat' dir='ltr'><strong>tibi</strong></span> <span class='ocrx_word' id='word_1_217' title='bbox 355 1564 556 1598; x_wconf 65' lang='lat' dir='ltr'><strong>priestare,sed</strong></span> <span class='ocrx_word' id='word_1_218' title='bbox 565 1563 616 1590; x_wconf 91' lang='lat' dir='ltr'><strong>tibi</strong></span> <span class='ocrx_word' id='word_1_219' title='bbox 627 1563 720 1599; x_wconf 91' lang='lat' dir='ltr'><strong>primo</strong></span> <span class='ocrx_word' id='word_1_220' title='bbox 730 1562 842 1591; x_wconf 89' lang='lat' dir='ltr'><strong>nullum</strong></span> <span class='ocrx_word' id='word_1_221' title='bbox 851 1563 1013 1591; x_wconf 84' lang='lat' dir='ltr'><strong>secundum</strong></span> 
     </span>
    </p>
   </div>
   <div class='ocr_carea' id='block_1_32' title="bbox 194 1607 1016 1643">
    <p class='ocr_par' dir='ltr' id='par_1_32' title="bbox 194 1607 1016 1643">
     <span class='ocr_line' id='line_1_32' title="bbox 194 1607 1016 1643; baseline -0.001 -8"><span class='ocrx_word' id='word_1_222' title='bbox 194 1615 268 1642; x_wconf 87' lang='lat' dir='ltr'><strong>esse,</strong></span> <span class='ocrx_word' id='word_1_223' title='bbox 285 1607 363 1635; x_wconf 87' lang='lat' dir='ltr'><strong>istud</strong></span> <span class='ocrx_word' id='word_1_224' title='bbox 380 1608 552 1643; x_wconf 58' lang='lat' dir='ltr'><strong>arrogantiae</strong></span> <span class='ocrx_word' id='word_1_225' title='bbox 568 1607 613 1634; x_wconf 90' lang='lat' dir='ltr'><strong>cui</strong></span> <span class='ocrx_word' id='word_1_226' title='bbox 630 1608 750 1635; x_wconf 79' lang='lat' dir='ltr'><strong>insanias</strong></span> <span class='ocrx_word' id='word_1_227' title='bbox 771 1607 929 1635; x_wconf 88' lang='lat' dir='ltr'><strong>attribuam</strong></span> <span class='ocrx_word' id='word_1_228' title='bbox 941 1607 1016 1634; x_wconf 80' lang='lat' dir='ltr'><strong>7Vir</strong></span> 
     </span>
    </p>
   </div>
   <div class='ocr_carea' id='block_1_33' title="bbox 194 1652 1013 1686">
    <p class='ocr_par' dir='ltr' id='par_1_33' title="bbox 194 1652 1013 1686">
     <span class='ocr_line' id='line_1_33' title="bbox 194 1652 1013 1686; baseline -0.001 -7"><span class='ocrx_word' id='word_1_229' title='bbox 194 1653 271 1679; x_wconf 82' lang='lat' dir='ltr'><strong>enim</strong></span> <span class='ocrx_word' id='word_1_230' title='bbox 289 1655 377 1679; x_wconf 75' lang='lat' dir='ltr'><strong>nauta</strong></span> <span class='ocrx_word' id='word_1_231' title='bbox 389 1653 482 1679; x_wconf 86' lang='lat' dir='ltr'><strong>solum</strong></span> <span class='ocrx_word' id='word_1_232' title='bbox 489 1652 799 1686; x_wconf 83' lang='lat' dir='ltr'><strong>modo,ordinationem</strong></span> <span class='ocrx_word' id='word_1_233' title='bbox 807 1652 950 1680; x_wconf 82' lang='lat' dir='ltr'><strong>exercitus</strong></span> <span class='ocrx_word' id='word_1_234' title='bbox 957 1660 1013 1679; x_wconf 89' lang='lat' dir='ltr'><strong>non</strong></span> 
     </span>
    </p>
   </div>
   <div class='ocr_carea' id='block_1_34' title="bbox 193 1696 1016 1732">
    <p class='ocr_par' dir='ltr' id='par_1_34' title="bbox 193 1696 1016 1732">
     <span class='ocr_line' id='line_1_34' title="bbox 193 1696 1016 1732; baseline -0.001 -8"><span class='ocrx_word' id='word_1_235' title='bbox 193 1697 356 1732; x_wconf 73' lang='lat' dir='ltr'><strong>praesumit,</strong></span> <span class='ocrx_word' id='word_1_236' title='bbox 364 1699 393 1724; x_wconf 89' lang='lat' dir='ltr'><strong>et</strong></span> <span class='ocrx_word' id='word_1_237' title='bbox 403 1697 446 1724; x_wconf 88' lang='lat' dir='ltr'><strong>vir</strong></span> <span class='ocrx_word' id='word_1_238' title='bbox 454 1705 602 1724; x_wconf 88' lang='lat' dir='ltr'><strong>armorum</strong></span> <span class='ocrx_word' id='word_1_239' title='bbox 612 1697 749 1724; x_wconf 87' lang='lat' dir='ltr'><strong>nauticus</strong></span> <span class='ocrx_word' id='word_1_240' title='bbox 764 1696 820 1724; x_wconf 89' lang='lat' dir='ltr'><strong>dici</strong></span> <span class='ocrx_word' id='word_1_241' title='bbox 836 1696 1016 1731; x_wconf 82' lang='lat' dir='ltr'><strong>veretur;qui</strong></span> 
     </span>
    </p>
   </div>
   <div class='ocr_carea' id='block_1_35' title="bbox 193 1741 1014 1777">
    <p class='ocr_par' dir='ltr' id='par_1_35' title="bbox 193 1741 1014 1777">
     <span class='ocr_line' id='line_1_35' title="bbox 193 1741 1014 1777; baseline -0.001 -9"><span class='ocrx_word' id='word_1_242' title='bbox 193 1741 269 1777; x_wconf 79' lang='lat' dir='ltr'><strong>agris</strong></span> <span class='ocrx_word' id='word_1_243' title='bbox 282 1741 447 1768; x_wconf 86' lang='lat' dir='ltr'><strong>excolendis</strong></span> <span class='ocrx_word' id='word_1_244' title='bbox 463 1743 508 1768; x_wconf 84' lang='lat' dir='ltr'><strong>est</strong></span> <span class='ocrx_word' id='word_1_245' title='bbox 523 1741 766 1774; x_wconf 84' lang='lat' dir='ltr'><strong>addictus,artem</strong></span> <span class='ocrx_word' id='word_1_246' title='bbox 783 1741 944 1768; x_wconf 72' lang='lat' dir='ltr'><strong>aediﬁcandi</strong></span> <span class='ocrx_word' id='word_1_247' title='bbox 957 1749 1014 1768; x_wconf 91' lang='lat' dir='ltr'><strong>non</strong></span> 
     </span>
    </p>
   </div>
   <div class='ocr_carea' id='block_1_36' title="bbox 189 1785 1015 1821">
    <p class='ocr_par' dir='ltr' id='par_1_36' title="bbox 189 1785 1015 1821">
     <span class='ocr_line' id='line_1_36' title="bbox 189 1785 1015 1821; baseline -0.001 -9"><span class='ocrx_word' id='word_1_248' title='bbox 189 1786 299 1820; x_wconf 83' lang='lat' dir='ltr'><strong>jactat;</strong></span> <span class='ocrx_word' id='word_1_249' title='bbox 316 1785 425 1821; x_wconf 89' lang='lat' dir='ltr'><strong>quique</strong></span> <span class='ocrx_word' id='word_1_250' title='bbox 449 1785 584 1820; x_wconf 62' lang='lat' dir='ltr'><strong>aedificat,</strong></span> <span class='ocrx_word' id='word_1_251' title='bbox 610 1785 745 1818; x_wconf 74' lang='lat' dir='ltr'><strong>ignarum</strong></span> <span class='ocrx_word' id='word_1_252' title='bbox 777 1785 960 1820; x_wconf 64' lang='lat' dir='ltr'><strong>agriculturae</strong></span> <span class='ocrx_word' id='word_1_253' title='bbox 984 1793 1015 1812; x_wconf 87' lang='lat' dir='ltr'><strong>se</strong></span> 
     </span>
    </p>
   </div>
   <div class='ocr_carea' id='block_1_37' title="bbox 192 1828 1016 1864">
    <p class='ocr_par' dir='ltr' id='par_1_37' title="bbox 192 1828 1016 1864">
     <span class='ocr_line' id='line_1_37' title="bbox 192 1828 1016 1864; baseline 0 -8"><span class='ocrx_word' id='word_1_254' title='bbox 192 1829 354 1864; x_wconf 79' lang='lat' dir='ltr'><strong>proﬁtetur.</strong></span> <span class='ocrx_word' id='word_1_255' title='bbox 369 1829 403 1856; x_wconf 86' lang='lat' dir='ltr'><strong>Et</strong></span> <span class='ocrx_word' id='word_1_256' title='bbox 414 1828 479 1863; x_wconf 89' lang='lat' dir='ltr'><strong>quis</strong></span> <span class='ocrx_word' id='word_1_257' title='bbox 502 1836 629 1863; x_wconf 85' lang='lat' dir='ltr'><strong>unquam</strong></span> <span class='ocrx_word' id='word_1_258' title='bbox 647 1837 677 1856; x_wconf 88' lang='lat' dir='ltr'><strong>se</strong></span> <span class='ocrx_word' id='word_1_259' title='bbox 699 1829 874 1864; x_wconf 85' lang='lat' dir='ltr'><strong>magistrum</strong></span> <span class='ocrx_word' id='word_1_260' title='bbox 897 1829 1016 1864; x_wconf 84' lang='lat' dir='ltr'><strong>jactitat</strong></span> 
     </span>
    </p>
   </div>
   <div class='ocr_carea' id='block_1_38' title="bbox 193 1872 1013 1907">
    <p class='ocr_par' dir='ltr' id='par_1_38' title="bbox 193 1872 1013 1907">
     <span class='ocr_line' id='line_1_38' title="bbox 193 1872 1013 1907; baseline 0 -7"><span class='ocrx_word' id='word_1_261' title='bbox 193 1881 294 1900; x_wconf 83' lang='lat' dir='ltr'><strong>earum</strong></span> <span class='ocrx_word' id='word_1_262' title='bbox 314 1881 411 1900; x_wconf 89' lang='lat' dir='ltr'><strong>rerum</strong></span> <span class='ocrx_word' id='word_1_263' title='bbox 435 1880 508 1907; x_wconf 86' lang='lat' dir='ltr'><strong>quas</strong></span> <span class='ocrx_word' id='word_1_264' title='bbox 532 1881 587 1899; x_wconf 88' lang='lat' dir='ltr'><strong>non</strong></span> <span class='ocrx_word' id='word_1_265' title='bbox 613 1872 737 1904; x_wconf 79' lang='lat' dir='ltr'><strong>didicit?</strong></span> <span class='ocrx_word' id='word_1_266' title='bbox 753 1873 815 1901; x_wconf 91' lang='lat' dir='ltr'><strong>Non</strong></span> <span class='ocrx_word' id='word_1_267' title='bbox 840 1873 930 1907; x_wconf 83' lang='lat' dir='ltr'><strong>faber,</strong></span> <span class='ocrx_word' id='word_1_268' title='bbox 956 1881 1013 1900; x_wconf 91' lang='lat' dir='ltr'><strong>non</strong></span> 
     </span>
    </p>
   </div>
   <div class='ocr_carea' id='block_1_39' title="bbox 193 1916 1015 1953">
    <p class='ocr_par' dir='ltr' id='par_1_39' title="bbox 193 1916 1015 1953">
     <span class='ocr_line' id='line_1_39' title="bbox 193 1916 1015 1953; baseline 0.001 -10"><span class='ocrx_word' id='word_1_269' title='bbox 193 1917 298 1953; x_wconf 86' lang='lat' dir='ltr'><strong>pictor,</strong></span> <span class='ocrx_word' id='word_1_270' title='bbox 316 1925 370 1944; x_wconf 88' lang='lat' dir='ltr'><strong>non</strong></span> <span class='ocrx_word' id='word_1_271' title='bbox 388 1916 577 1950; x_wconf 81' lang='lat' dir='ltr'><strong>citharoedus,</strong></span> <span class='ocrx_word' id='word_1_272' title='bbox 602 1925 659 1944; x_wconf 92' lang='lat' dir='ltr'><strong>non</strong></span> <span class='ocrx_word' id='word_1_273' title='bbox 684 1917 780 1951; x_wconf 86' lang='lat' dir='ltr'><strong>quivis</strong></span> <span class='ocrx_word' id='word_1_274' title='bbox 805 1917 891 1946; x_wconf 86' lang='lat' dir='ltr'><strong>alius.</strong></span> <span class='ocrx_word' id='word_1_275' title='bbox 914 1917 1015 1952; x_wconf 84' lang='lat' dir='ltr'><strong>Neque</strong></span> 
     </span>
    </p>
   </div>
   <div class='ocr_carea' id='block_1_40' title="bbox 193 1961 1015 1994">
    <p class='ocr_par' dir='ltr' id='par_1_40' title="bbox 193 1961 1015 1994">
     <span class='ocr_line' id='line_1_40' title="bbox 193 1961 1015 1994; baseline 0 -5"><span class='ocrx_word' id='word_1_276' title='bbox 193 1961 247 1990; x_wconf 88' lang='lat' dir='ltr'><strong>hoc</strong></span> <span class='ocrx_word' id='word_1_277' title='bbox 261 1961 334 1989; x_wconf 80' lang='lat' dir='ltr'><strong>satis</strong></span> <span class='ocrx_word' id='word_1_278' title='bbox 349 1964 392 1989; x_wconf 90' lang='lat' dir='ltr'><strong>est</strong></span> <span class='ocrx_word' id='word_1_279' title='bbox 406 1969 412 1994; x_wconf 73' lang='grc' dir='ltr'><strong>ς</strong></span> <span class='ocrx_word' id='word_1_280' title='bbox 428 1961 478 1988; x_wconf 86' lang='lat' dir='ltr'><strong>sed</strong></span> <span class='ocrx_word' id='word_1_281' title='bbox 495 1961 622 1989; x_wconf 78' lang='lat' dir='ltr'><strong>artifices</strong></span> <span class='ocrx_word' id='word_1_282' title='bbox 633 1961 801 1989; x_wconf 84' lang='lat' dir='ltr'><strong>consimiles</strong></span> <span class='ocrx_word' id='word_1_283' title='bbox 814 1962 860 1989; x_wconf 91' lang='lat' dir='ltr'><strong>sui</strong></span> <span class='ocrx_word' id='word_1_284' title='bbox 870 1962 1015 1989; x_wconf 86' lang='lat' dir='ltr'><strong>mirantur</strong></span> 
     </span>
    </p>
   </div>
   <div class='ocr_carea' id='block_1_41' title="bbox 192 2006 1014 2041">
    <p class='ocr_par' dir='ltr' id='par_1_41' title="bbox 192 2006 1014 2041">
     <span class='ocr_line' id='line_1_41' title="bbox 192 2006 1014 2041; baseline 0 -7"><span class='ocrx_word' id='word_1_285' title='bbox 192 2006 222 2034; x_wconf 95' lang='lat' dir='ltr'><strong>hi</strong></span> <span class='ocrx_word' id='word_1_286' title='bbox 233 2006 429 2038; x_wconf 81' lang='lat' dir='ltr'><strong>homines,ubi</strong></span> <span class='ocrx_word' id='word_1_287' title='bbox 443 2009 557 2041; x_wconf 85' lang='lat' dir='ltr'><strong>tempus</strong></span> <span class='ocrx_word' id='word_1_288' title='bbox 568 2006 694 2038; x_wconf 85' lang='lat' dir='ltr'><strong>est,licet</strong></span> <span class='ocrx_word' id='word_1_289' title='bbox 705 2014 762 2033; x_wconf 86' lang='lat' dir='ltr'><strong>non</strong></span> <span class='ocrx_word' id='word_1_290' title='bbox 774 2006 859 2041; x_wconf 89' lang='lat' dir='ltr'><strong>plane</strong></span> <span class='ocrx_word' id='word_1_291' title='bbox 866 2007 1014 2034; x_wconf 85' lang='lat' dir='ltr'><strong>studiosos</strong></span> 
     </span>
    </p>
   </div>
   <div class='ocr_carea' id='block_1_42' title="bbox 192 2050 1014 2087">
    <p class='ocr_par' dir='ltr' id='par_1_42' title="bbox 192 2050 1014 2087">
     <span class='ocr_line' id='line_1_42' title="bbox 192 2050 1014 2087; baseline -0.002 -7"><span class='ocrx_word' id='word_1_292' title='bbox 192 2052 223 2080; x_wconf 88' lang='lat' dir='ltr'><strong>in</strong></span> <span class='ocrx_word' id='word_1_293' title='bbox 239 2051 354 2087; x_wconf 86' lang='lat' dir='ltr'><strong>magnis</strong></span> <span class='ocrx_word' id='word_1_294' title='bbox 369 2051 467 2078; x_wconf 86' lang='lat' dir='ltr'><strong>rebus.</strong></span> <span class='ocrx_word' id='word_1_295' title='bbox 483 2050 526 2078; x_wconf 89' lang='lat' dir='ltr'><strong>Tu</strong></span> <span class='ocrx_word' id='word_1_296' title='bbox 543 2053 651 2082; x_wconf 84' lang='lat' dir='ltr'><strong>autem.</strong></span> <span class='ocrx_word' id='word_1_297' title='bbox 669 2058 721 2077; x_wconf 87' lang='lat' dir='ltr'><strong>nec</strong></span> <span class='ocrx_word' id='word_1_298' title='bbox 733 2051 882 2086; x_wconf 85' lang='lat' dir='ltr'><strong>operibus,</strong></span> <span class='ocrx_word' id='word_1_299' title='bbox 893 2059 946 2078; x_wconf 83' lang='lat' dir='ltr'><strong>nec</strong></span> <span class='ocrx_word' id='word_1_300' title='bbox 956 2059 1014 2078; x_wconf 85' lang='lat' dir='ltr'><strong>ser-</strong></span> 
     </span>
    </p>
   </div>
   <div class='ocr_carea' id='block_1_43' title="bbox 193 2093 1014 2131">
    <p class='ocr_par' dir='ltr' id='par_1_43' title="bbox 193 2093 1014 2131">
     <span class='ocr_line' id='line_1_43' title="bbox 193 2093 1014 2131; baseline -0.002 -7"><span class='ocrx_word' id='word_1_301' title='bbox 193 2096 330 2124; x_wconf 90' lang='lat' dir='ltr'><strong>monibus</strong></span> <span class='ocrx_word' id='word_1_302' title='bbox 345 2095 542 2131; x_wconf 54' lang='lat' dir='ltr'><strong>iconspicuus,</strong></span> <span class='ocrx_word' id='word_1_303' title='bbox 568 2093 704 2122; x_wconf 89' lang='lat' dir='ltr'><strong>omnibus</strong></span> <span class='ocrx_word' id='word_1_304' title='bbox 728 2095 865 2130; x_wconf 82' lang='lat' dir='ltr'><strong>anteponi</strong></span> <span class='ocrx_word' id='word_1_305' title='bbox 893 2094 955 2129; x_wconf 83' lang='lat' dir='ltr'><strong>vis;</strong></span> <span class='ocrx_word' id='word_1_306' title='bbox 972 2099 1014 2122; x_wconf 92' lang='lat' dir='ltr'><strong>tu-</strong></span> 
     </span>
    </p>
   </div>
   <div class='ocr_carea' id='block_1_44' title="bbox 193 2138 1015 2176">
    <p class='ocr_par' dir='ltr' id='par_1_44' title="bbox 193 2138 1015 2176">
     <span class='ocr_line' id='line_1_44' title="bbox 193 2138 1015 2176; baseline -0.002 -7"><span class='ocrx_word' id='word_1_307' title='bbox 193 2148 278 2176; x_wconf 78' lang='lat' dir='ltr'><strong>agere</strong></span> <span class='ocrx_word' id='word_1_308' title='bbox 294 2140 388 2175; x_wconf 85' lang='lat' dir='ltr'><strong>eligis,</strong></span> <span class='ocrx_word' id='word_1_309' title='bbox 410 2140 439 2167; x_wconf 88' lang='lat' dir='ltr'><strong>id</strong></span> <span class='ocrx_word' id='word_1_310' title='bbox 463 2147 530 2166; x_wconf 90' lang='lat' dir='ltr'><strong>vero</strong></span> <span class='ocrx_word' id='word_1_311' title='bbox 557 2147 614 2166; x_wconf 91' lang='lat' dir='ltr'><strong>non</strong></span> <span class='ocrx_word' id='word_1_312' title='bbox 640 2138 728 2170; x_wconf 87' lang='lat' dir='ltr'><strong>vales.</strong></span> <span class='ocrx_word' id='word_1_313' title='bbox 753 2148 787 2166; x_wconf 82' lang='lat' dir='ltr'><strong>ex</strong></span> <span class='ocrx_word' id='word_1_314' title='bbox 811 2139 866 2167; x_wconf 91' lang='lat' dir='ltr'><strong>hoc</strong></span> <span class='ocrx_word' id='word_1_315' title='bbox 888 2139 1015 2167; x_wconf 87' lang='lat' dir='ltr'><strong>totaliter</strong></span> 
     </span>
    </p>
   </div>
   <div class='ocr_carea' id='block_1_45' title="bbox 193 2182 1015 2221">
    <p class='ocr_par' dir='ltr' id='par_1_45' title="bbox 193 2182 1015 2221">
     <span class='ocr_line' id='line_1_45' title="bbox 193 2182 1015 2221; baseline -0.002 -8"><span class='ocrx_word' id='word_1_316' title='bbox 193 2185 305 2221; x_wconf 84' lang='lat' dir='ltr'><strong>lapsus,</strong></span> <span class='ocrx_word' id='word_1_317' title='bbox 319 2186 380 2220; x_wconf 84' lang='lat' dir='ltr'><strong>jam</strong></span> <span class='ocrx_word' id='word_1_318' title='bbox 396 2192 560 2211; x_wconf 86' lang='lat' dir='ltr'><strong>sermonem</strong></span> <span class='ocrx_word' id='word_1_319' title='bbox 577 2182 660 2210; x_wconf 84' lang='lat' dir='ltr'><strong>nihili</strong></span> <span class='ocrx_word' id='word_1_320' title='bbox 678 2183 826 2216; x_wconf 83' lang='lat' dir='ltr'><strong>facis,imo</strong></span> <span class='ocrx_word' id='word_1_321' title='bbox 842 2192 909 2212; x_wconf 87' lang='lat' dir='ltr'><strong>eum</strong></span> <span class='ocrx_word' id='word_1_322' title='bbox 925 2193 942 2211; x_wconf 90' lang='lat' dir='ltr'><strong>a</strong></span> <span class='ocrx_word' id='word_1_323' title='bbox 956 2184 1015 2211; x_wconf 86' lang='lat' dir='ltr'><strong>vita</strong></span> 
     </span>
    </p>
   </div>
   <div class='ocr_carea' id='block_1_46' title="bbox 192 2227 1013 2263">
    <p class='ocr_par' dir='ltr' id='par_1_46' title="bbox 192 2227 1013 2263">
     <span class='ocr_line' id='line_1_46' title="bbox 192 2227 1013 2263; baseline -0.002 -5"><span class='ocrx_word' id='word_1_324' title='bbox 192 2233 252 2263; x_wconf 85' lang='lat' dir='ltr'><strong>tua,</strong></span> <span class='ocrx_word' id='word_1_325' title='bbox 269 2229 349 2257; x_wconf 84' lang='lat' dir='ltr'><strong>velut</strong></span> <span class='ocrx_word' id='word_1_326' title='bbox 360 2231 487 2256; x_wconf 87' lang='lat' dir='ltr'><strong>stercora</strong></span> <span class='ocrx_word' id='word_1_327' title='bbox 501 2235 516 2254; x_wconf 90' lang='lat' dir='ltr'><strong>e</strong></span> <span class='ocrx_word' id='word_1_328' title='bbox 532 2228 618 2254; x_wconf 87' lang='lat' dir='ltr'><strong>domo</strong></span> <span class='ocrx_word' id='word_1_329' title='bbox 635 2227 789 2262; x_wconf 86' lang='lat' dir='ltr'><strong>splendida</strong></span> <span class='ocrx_word' id='word_1_330' title='bbox 804 2228 894 2263; x_wconf 87' lang='lat' dir='ltr'><strong>ejicis.</strong></span> <span class='ocrx_word' id='word_1_331' title='bbox 905 2228 1013 2256; x_wconf 87' lang='lat' dir='ltr'><strong>Idcirco</strong></span> 
     </span>
    </p>
   </div>
   <div class='ocr_carea' id='block_1_47' title="bbox 193 2271 1014 2308">
    <p class='ocr_par' dir='ltr' id='par_1_47' title="bbox 193 2271 1014 2308">
     <span class='ocr_line' id='line_1_47' title="bbox 193 2271 1014 2308; baseline -0.001 -7"><span class='ocrx_word' id='word_1_332' title='bbox 193 2282 296 2301; x_wconf 85' lang='lat' dir='ltr'><strong>omnes</strong></span> <span class='ocrx_word' id='word_1_333' title='bbox 312 2273 452 2300; x_wconf 86' lang='lat' dir='ltr'><strong>litteratos</strong></span> <span class='ocrx_word' id='word_1_334' title='bbox 479 2271 634 2306; x_wconf 84' lang='lat' dir='ltr'><strong>repellens,</strong></span> <span class='ocrx_word' id='word_1_335' title='bbox 659 2274 687 2298; x_wconf 88' lang='lat' dir='ltr'><strong>et</strong></span> <span class='ocrx_word' id='word_1_336' title='bbox 711 2271 805 2307; x_wconf 82' lang='lat' dir='ltr'><strong>ipsam</strong></span> <span class='ocrx_word' id='word_1_337' title='bbox 830 2273 1014 2308; x_wconf 83' lang='lat' dir='ltr'><strong>sapientiam,</strong></span> 
     </span>
    </p>
   </div>
   <div class='ocr_carea' id='block_1_48' title="bbox 191 2316 1012 2353">
    <p class='ocr_par' dir='ltr' id='par_1_48' title="bbox 191 2316 1012 2353">
     <span class='ocr_line' id='line_1_48' title="bbox 191 2316 1012 2353; baseline -0.001 -8"><span class='ocrx_word' id='word_1_338' title='bbox 191 2321 333 2353; x_wconf 82' lang='lat' dir='ltr'><strong>tanquam</strong></span> <span class='ocrx_word' id='word_1_339' title='bbox 349 2316 507 2352; x_wconf 86' lang='lat' dir='ltr'><strong>superbam</strong></span> <span class='ocrx_word' id='word_1_340' title='bbox 530 2317 559 2342; x_wconf 83' lang='lat' dir='ltr'><strong>et</strong></span> <span class='ocrx_word' id='word_1_341' title='bbox 584 2319 782 2351; x_wconf 82' lang='lat' dir='ltr'><strong>arrogantem,</strong></span> <span class='ocrx_word' id='word_1_342' title='bbox 811 2320 1012 2349; x_wconf 87' lang='lat' dir='ltr'><strong>contemnens,</strong></span> 
     </span>
    </p>
   </div>
   <div class='ocr_carea' id='block_1_49' title="bbox 192 2359 1014 2397">
    <p class='ocr_par' dir='ltr' id='par_1_49' title="bbox 192 2359 1014 2397">
     <span class='ocr_line' id='line_1_49' title="bbox 192 2359 1014 2397; baseline -0.001 -8"><span class='ocrx_word' id='word_1_343' title='bbox 192 2362 273 2397; x_wconf 82' lang='lat' dir='ltr'><strong>ipsos</strong></span> <span class='ocrx_word' id='word_1_344' title='bbox 289 2368 421 2388; x_wconf 88' lang='lat' dir='ltr'><strong>summos</strong></span> <span class='ocrx_word' id='word_1_345' title='bbox 437 2359 591 2395; x_wconf 80' lang='lat' dir='ltr'><strong>pontiﬁces</strong></span> <span class='ocrx_word' id='word_1_346' title='bbox 607 2359 734 2395; x_wconf 87' lang='lat' dir='ltr'><strong>repellis.</strong></span> <span class='ocrx_word' id='word_1_347' title='bbox 756 2360 809 2387; x_wconf 85' lang='lat' dir='ltr'><strong>Vix</strong></span> <span class='ocrx_word' id='word_1_348' title='bbox 832 2363 952 2388; x_wconf 89' lang='lat' dir='ltr'><strong>tonsura</strong></span> <span class='ocrx_word' id='word_1_349' title='bbox 968 2361 1014 2388; x_wconf 92' lang='lat' dir='ltr'><strong>in-</strong></span> 
     </span>
    </p>
   </div>
   <div class='ocr_carea' id='block_1_50' title="bbox 193 2403 1013 2441">
    <p class='ocr_par' dir='ltr' id='par_1_50' title="bbox 193 2403 1013 2441">
     <span class='ocr_line' id='line_1_50' title="bbox 193 2403 1013 2441; baseline -0.001 -8"><span class='ocrx_word' id='word_1_350' title='bbox 193 2405 331 2441; x_wconf 86' lang='lat' dir='ltr'><strong>signitus,</strong></span> <span class='ocrx_word' id='word_1_351' title='bbox 348 2407 381 2432; x_wconf 84' lang='lat' dir='ltr'><strong>ut</strong></span> <span class='ocrx_word' id='word_1_352' title='bbox 404 2405 465 2432; x_wconf 89' lang='lat' dir='ltr'><strong>ovis</strong></span> <span class='ocrx_word' id='word_1_353' title='bbox 491 2403 542 2431; x_wconf 89' lang='lat' dir='ltr'><strong>Dei</strong></span> <span class='ocrx_word' id='word_1_354' title='bbox 566 2404 688 2431; x_wconf 63' lang='lat' dir='ltr'><strong>dexterae</strong></span> <span class='ocrx_word' id='word_1_355' title='bbox 714 2405 789 2440; x_wconf 86' lang='lat' dir='ltr'><strong>parti</strong></span> <span class='ocrx_word' id='word_1_356' title='bbox 813 2405 939 2438; x_wconf 85' lang='lat' dir='ltr'><strong>addicta,</strong></span> <span class='ocrx_word' id='word_1_357' title='bbox 956 2414 1013 2432; x_wconf 90' lang='lat' dir='ltr'><strong>non</strong></span> 
     </span>
    </p>
   </div>
   <div class='ocr_carea' id='block_1_51' title="bbox 191 2448 1013 2485">
    <p class='ocr_par' dir='ltr' id='par_1_51' title="bbox 191 2448 1013 2485">
     <span class='ocr_line' id='line_1_51' title="bbox 191 2448 1013 2485; baseline -0.001 -8"><span class='ocrx_word' id='word_1_358' title='bbox 191 2450 275 2485; x_wconf 86' lang='lat' dir='ltr'><strong>juxta</strong></span> <span class='ocrx_word' id='word_1_359' title='bbox 291 2449 398 2484; x_wconf 63' lang='lat' dir='ltr'><strong>haedos,</strong></span> <span class='ocrx_word' id='word_1_360' title='bbox 416 2456 482 2476; x_wconf 86' lang='lat' dir='ltr'><strong>mox</strong></span> <span class='ocrx_word' id='word_1_361' title='bbox 495 2448 670 2475; x_wconf 85' lang='lat' dir='ltr'><strong>cornibusin</strong></span> <span class='ocrx_word' id='word_1_362' title='bbox 681 2456 730 2476; x_wconf 89' lang='lat' dir='ltr'><strong>eos</strong></span> <span class='ocrx_word' id='word_1_363' title='bbox 746 2449 944 2485; x_wconf 85' lang='lat' dir='ltr'><strong>insurgisjam</strong></span> <span class='ocrx_word' id='word_1_364' title='bbox 956 2458 1013 2476; x_wconf 90' lang='lat' dir='ltr'><strong>non</strong></span> 
     </span>
    </p>
   </div>
   <div class='ocr_carea' id='block_1_52' title="bbox 193 2492 1015 2530">
    <p class='ocr_par' dir='ltr' id='par_1_52' title="bbox 193 2492 1015 2530">
     <span class='ocr_line' id='line_1_52' title="bbox 193 2492 1015 2530; baseline 0 -8"><span class='ocrx_word' id='word_1_365' title='bbox 193 2494 287 2522; x_wconf 90' lang='lat' dir='ltr'><strong>ovinis</strong></span> <span class='ocrx_word' id='word_1_366' title='bbox 294 2493 432 2521; x_wconf 90' lang='lat' dir='ltr'><strong>cornibus</strong></span> <span class='ocrx_word' id='word_1_367' title='bbox 444 2492 599 2526; x_wconf 83' lang='lat' dir='ltr'><strong>uteris,sed</strong></span> <span class='ocrx_word' id='word_1_368' title='bbox 608 2492 693 2528; x_wconf 86' lang='lat' dir='ltr'><strong>quasi</strong></span> <span class='ocrx_word' id='word_1_369' title='bbox 704 2492 823 2529; x_wconf 84' lang='lat' dir='ltr'><strong>elephas</strong></span> <span class='ocrx_word' id='word_1_370' title='bbox 833 2494 917 2529; x_wconf 85' lang='lat' dir='ltr'><strong>nigra</strong></span> <span class='ocrx_word' id='word_1_371' title='bbox 940 2493 1015 2530; x_wconf 84' lang='lat' dir='ltr'><strong>pelle</strong></span> 
     </span>
    </p>
   </div>
   <div class='ocr_carea' id='block_1_53' title="bbox 193 2537 1015 2574">
    <p class='ocr_par' dir='ltr' id='par_1_53' title="bbox 193 2537 1015 2574">
     <span class='ocr_line' id='line_1_53' title="bbox 193 2537 1015 2574; baseline -0.001 -7"><span class='ocrx_word' id='word_1_372' title='bbox 193 2538 296 2568; x_wconf 84' lang='lat' dir='ltr'><strong>niteris</strong></span> <span class='ocrx_word' id='word_1_373' title='bbox 311 2541 378 2566; x_wconf 83' lang='lat' dir='ltr'><strong>ante</strong></span> <span class='ocrx_word' id='word_1_374' title='bbox 390 2538 490 2565; x_wconf 84' lang='lat' dir='ltr'><strong>omnia</strong></span> <span class='ocrx_word' id='word_1_375' title='bbox 514 2545 619 2564; x_wconf 85' lang='lat' dir='ltr'><strong>vanam</strong></span> <span class='ocrx_word' id='word_1_376' title='bbox 641 2537 792 2565; x_wconf 86' lang='lat' dir='ltr'><strong>victoriam</strong></span> <span class='ocrx_word' id='word_1_377' title='bbox 818 2541 965 2574; x_wconf 81' lang='lat' dir='ltr'><strong>reportare</strong></span> <span class='ocrx_word' id='word_1_378' title='bbox 980 2539 1015 2566; x_wconf 84' lang='lat' dir='ltr'><strong>de</strong></span> 
     </span>
    </p>
   </div>
   <div class='ocr_carea' id='block_1_54' title="bbox 193 2582 1015 2620">
    <p class='ocr_par' dir='ltr' id='par_1_54' title="bbox 193 2582 1015 2620">
     <span class='ocr_line' id='line_1_54' title="bbox 193 2582 1015 2620; baseline -0.002 -8"><span class='ocrx_word' id='word_1_379' title='bbox 193 2583 335 2620; x_wconf 87' lang='lat' dir='ltr'><strong>superiori</strong></span> <span class='ocrx_word' id='word_1_380' title='bbox 351 2583 504 2610; x_wconf 85' lang='lat' dir='ltr'><strong>hominum</strong></span> <span class='ocrx_word' id='word_1_381' title='bbox 530 2582 644 2615; x_wconf 87' lang='lat' dir='ltr'><strong>ordine,</strong></span> <span class='ocrx_word' id='word_1_382' title='bbox 669 2585 702 2609; x_wconf 86' lang='lat' dir='ltr'><strong>ut</strong></span> <span class='ocrx_word' id='word_1_383' title='bbox 726 2590 784 2610; x_wconf 91' lang='lat' dir='ltr'><strong>uno</strong></span> <span class='ocrx_word' id='word_1_384' title='bbox 809 2583 885 2611; x_wconf 85' lang='lat' dir='ltr'><strong>saltu</strong></span> <span class='ocrx_word' id='word_1_385' title='bbox 902 2583 1015 2618; x_wconf 85' lang='lat' dir='ltr'><strong>absque</strong></span> 
     </span>
    </p>
   </div>
   <div class='ocr_carea' id='block_1_55' title="bbox 191 2625 1016 2664">
    <p class='ocr_par' dir='ltr' id='par_1_55' title="bbox 191 2625 1016 2664">
     <span class='ocr_line' id='line_1_55' title="bbox 191 2625 1016 2664; baseline -0.004 -7"><span class='ocrx_word' id='word_1_386' title='bbox 191 2629 301 2664; x_wconf 78' lang='lat' dir='ltr'><strong>labore,</strong></span> <span class='ocrx_word' id='word_1_387' title='bbox 317 2627 428 2655; x_wconf 65' lang='lat' dir='ltr'><strong>ceteris</strong></span> <span class='ocrx_word' id='word_1_388' title='bbox 444 2625 610 2654; x_wconf 86' lang='lat' dir='ltr'><strong>antecedas.</strong></span> <span class='ocrx_word' id='word_1_389' title='bbox 625 2625 695 2660; x_wconf 69' lang='lat' dir='ltr'><strong>:Nec</strong></span> <span class='ocrx_word' id='word_1_390' title='bbox 717 2635 815 2655; x_wconf 88' lang='lat' dir='ltr'><strong>cessas</strong></span> <span class='ocrx_word' id='word_1_391' title='bbox 837 2635 920 2655; x_wconf 85' lang='lat' dir='ltr'><strong>arma</strong></span> <span class='ocrx_word' id='word_1_392' title='bbox 942 2628 1016 2655; x_wconf 80' lang='lat' dir='ltr'><strong>ferre</strong></span> 
     </span>
    </p>
   </div>
   <div class='ocr_carea' id='block_1_56' title="bbox 191 2669 1014 2707">
    <p class='ocr_par' dir='ltr' id='par_1_56' title="bbox 191 2669 1014 2707">
     <span class='ocr_line' id='line_1_56' title="bbox 191 2669 1014 2707; baseline -0.005 -5"><span class='ocrx_word' id='word_1_393' title='bbox 191 2675 222 2702; x_wconf 90' lang='lat' dir='ltr'><strong>in</strong></span> <span class='ocrx_word' id='word_1_394' title='bbox 247 2672 356 2701; x_wconf 88' lang='lat' dir='ltr'><strong>summi</strong></span> <span class='ocrx_word' id='word_1_395' title='bbox 378 2670 566 2707; x_wconf 79' lang='lat' dir='ltr'><strong>pontiﬁcatus</strong></span> <span class='ocrx_word' id='word_1_396' title='bbox 592 2669 801 2705; x_wconf 86' lang='lat' dir='ltr'><strong>ministerium,</strong></span> <span class='ocrx_word' id='word_1_397' title='bbox 827 2671 939 2699; x_wconf 87' lang='lat' dir='ltr'><strong>scilicet</strong></span> <span class='ocrx_word' id='word_1_398' title='bbox 965 2671 1014 2707; x_wconf 92' lang='lat' dir='ltr'><strong>qui</strong></span> 
     </span>
    </p>
   </div>
   <div class='ocr_carea' id='block_1_57' title="bbox 191 2714 1015 2751">
    <p class='ocr_par' dir='ltr' id='par_1_57' title="bbox 191 2714 1015 2751">
     <span class='ocr_line' id='line_1_57' title="bbox 191 2714 1015 2751; baseline -0.005 -5"><span class='ocrx_word' id='word_1_399' title='bbox 191 2719 249 2746; x_wconf 88' lang='lat' dir='ltr'><strong>Deo</strong></span> <span class='ocrx_word' id='word_1_400' title='bbox 265 2717 391 2745; x_wconf 86' lang='lat' dir='ltr'><strong>similem</strong></span> <span class='ocrx_word' id='word_1_401' title='bbox 408 2714 541 2749; x_wconf 81' lang='lat' dir='ltr'><strong>facit,qui</strong></span> <span class='ocrx_word' id='word_1_402' title='bbox 557 2722 658 2741; x_wconf 84' lang='lat' dir='ltr'><strong>omnes</strong></span> <span class='ocrx_word' id='word_1_403' title='bbox 672 2714 699 2741; x_wconf 91' lang='lat' dir='ltr'><strong>in</strong></span> <span class='ocrx_word' id='word_1_404' title='bbox 719 2716 774 2742; x_wconf 90' lang='lat' dir='ltr'><strong>Deo</strong></span> <span class='ocrx_word' id='word_1_405' title='bbox 787 2715 1015 2751; x_wconf 77' lang='lat' dir='ltr'><strong>sanctiﬁcat,qui</strong></span> 
     </span>
    </p>
   </div>
   <div class='ocr_carea' id='block_1_58' title="bbox 193 2758 1014 2796">
    <p class='ocr_par' dir='ltr' id='par_1_58' title="bbox 193 2758 1014 2796">
     <span class='ocr_line' id='line_1_58' title="bbox 193 2758 1014 2796; baseline -0.004 -7"><span class='ocrx_word' id='word_1_406' title='bbox 193 2763 222 2789; x_wconf 91' lang='lat' dir='ltr'><strong>in</strong></span> <span class='ocrx_word' id='word_1_407' title='bbox 238 2763 296 2789; x_wconf 81' lang='lat' dir='ltr'><strong>Dso</strong></span> <span class='ocrx_word' id='word_1_408' title='bbox 312 2764 366 2794; x_wconf 86' lang='lat' dir='ltr'><strong>est,</strong></span> <span class='ocrx_word' id='word_1_409' title='bbox 381 2760 428 2796; x_wconf 88' lang='lat' dir='ltr'><strong>qui</strong></span> <span class='ocrx_word' id='word_1_410' title='bbox 447 2758 546 2786; x_wconf 79' lang='lat' dir='ltr'><strong>statim</strong></span> <span class='ocrx_word' id='word_1_411' title='bbox 564 2761 630 2794; x_wconf 77' lang='lat' dir='ltr'><strong>post</strong></span> <span class='ocrx_word' id='word_1_412' title='bbox 646 2758 736 2786; x_wconf 84' lang='lat' dir='ltr'><strong>Deum</strong></span> <span class='ocrx_word' id='word_1_413' title='bbox 755 2759 902 2787; x_wconf 81' lang='lat' dir='ltr'><strong>maximus</strong></span> <span class='ocrx_word' id='word_1_414' title='bbox 926 2762 970 2787; x_wconf 79' lang='lat' dir='ltr'><strong>est</strong></span> <span class='ocrx_word' id='word_1_415' title='bbox 985 2759 1014 2786; x_wconf 89' lang='lat' dir='ltr'><strong>in</strong></span> 
     </span>
    </p>
   </div>
   <div class='ocr_carea' id='block_1_59' title="bbox 195 2802 1015 2840">
    <p class='ocr_par' dir='ltr' id='par_1_59' title="bbox 195 2802 1015 2840">
     <span class='ocr_line' id='line_1_59' title="bbox 195 2802 1015 2840; baseline 0 -7"><span class='ocrx_word' id='word_1_416' title='bbox 195 2806 380 2833; x_wconf 77' lang='lat' dir='ltr'><strong>tnundo.Non</strong></span> <span class='ocrx_word' id='word_1_417' title='bbox 396 2804 474 2832; x_wconf 90' lang='lat' dir='ltr'><strong>enim</strong></span> <span class='ocrx_word' id='word_1_418' title='bbox 486 2802 604 2839; x_wconf 79' lang='lat' dir='ltr'><strong>ignoras</strong></span> <span class='ocrx_word' id='word_1_419' title='bbox 621 2802 725 2830; x_wconf 86' lang='lat' dir='ltr'><strong>salutis</strong></span> <span class='ocrx_word' id='word_1_420' title='bbox 742 2806 845 2832; x_wconf 66' lang='lat' dir='ltr'><strong>nostra:</strong></span> <span class='ocrx_word' id='word_1_421' title='bbox 860 2804 1015 2840; x_wconf 81' lang='lat' dir='ltr'><strong>poniﬁcem</strong></span> 
     </span>
    </p>
   </div>
   <div class='ocr_carea' id='block_1_60' title="bbox 594 139 1529 173">
    <p class='ocr_par' dir='ltr' id='par_1_60' title="bbox 594 139 1529 173">
     <span class='ocr_line' id='line_1_60' title="bbox 594 139 1529 173; baseline 0 -2"><span class='ocrx_word' id='word_1_422' title='bbox 594 141 807 173; x_wconf 82' lang='lat' dir='ltr'><strong>EUSTATHH</strong></span> <span class='ocrx_word' id='word_1_423' title='bbox 828 139 1212 171; x_wconf 76' lang='lat' dir='ltr'><strong>THESSALONIGENSIS</strong></span> <span class='ocrx_word' id='word_1_424' title='bbox 1235 139 1529 171; x_wconf 65' lang='lat' dir='ltr'><strong>METROPOLITJE</strong></span> 
     </span>
    </p>
   </div>
   <div class='ocr_carea' id='block_1_61' title="bbox 1857 143 1918 175">
    <p class='ocr_par' dir='ltr' id='par_1_61' title="bbox 1857 143 1918 175">
     <span class='ocr_line' id='line_1_61' title="bbox 1857 143 1918 175; baseline 0 0"><span class='ocrx_word' id='word_1_425' title='bbox 1857 143 1918 175; x_wconf 66' lang='lat'><strong>840</strong></span> 
     </span>
    </p>
   </div>
   <div class='ocr_carea' id='block_1_62' title="bbox 1121 201 1918 246">
    <p class='ocr_par' dir='ltr' id='par_1_62' title="bbox 1121 201 1918 246">
     <span class='ocr_line' id='line_1_62' title="bbox 1121 201 1918 246; baseline 0.003 -14"><span class='ocrx_word' id='word_1_426' title='bbox 1121 203 1191 241; x_wconf 85' lang='grc' dir='ltr'>ρλβ’.</span> <span class='ocrx_word' id='word_1_427' title='bbox 1207 201 1296 232; x_wconf 82' lang='grc' dir='ltr'>’Λλλά</span> <span class='ocrx_word' id='word_1_428' title='bbox 1310 205 1390 231; x_wconf 78' lang='grc' dir='ltr'>τοῦτο</span> <span class='ocrx_word' id='word_1_429' title='bbox 1407 203 1455 240; x_wconf 77' lang='grc' dir='ltr'>μὶν</span> <span class='ocrx_word' id='word_1_430' title='bbox 1470 203 1485 231; x_wconf 78' lang='grc' dir='ltr'>ὁ</span> <span class='ocrx_word' id='word_1_431' title='bbox 1499 203 1583 242; x_wconf 80' lang='grc' dir='ltr'><strong>λόγος</strong></span> <span class='ocrx_word' id='word_1_432' title='bbox 1606 204 1779 238; x_wconf 68' lang='grc' dir='ltr'>ὑποκαταϐὰς</span> <span class='ocrx_word' id='word_1_433' title='bbox 1807 205 1918 246; x_wconf 68' lang='grc' dir='ltr'>ἐκφανεῖ</span> 
     </span>
    </p>
   </div>
   <div class='ocr_carea' id='block_1_63' title="bbox 1084 246 1916 287">
    <p class='ocr_par' dir='ltr' id='par_1_63' title="bbox 1084 246 1916 287">
     <span class='ocr_line' id='line_1_63' title="bbox 1084 246 1916 287; baseline 0.006 -12"><span class='ocrx_word' id='word_1_434' title='bbox 1084 249 1257 286; x_wconf 72' lang='grc' dir='ltr'>σαφέστερον·</span> <span class='ocrx_word' id='word_1_435' title='bbox 1274 249 1356 284; x_wconf 73' lang='grc' dir='ltr'>ἡμεῖς</span> <span class='ocrx_word' id='word_1_436' title='bbox 1386 246 1414 276; x_wconf 74' lang='grc' dir='ltr'>δὲ</span> <span class='ocrx_word' id='word_1_437' title='bbox 1441 250 1490 276; x_wconf 82' lang='grc' dir='ltr'><strong>τοῦ</strong></span> <span class='ocrx_word' id='word_1_438' title='bbox 1521 252 1674 286; x_wconf 75' lang='grc' dir='ltr'>μοναχικοῦ</span> <span class='ocrx_word' id='word_1_439' title='bbox 1691 251 1836 287; x_wconf 79' lang='grc' dir='ltr'>γενόμενοι</span> <span class='ocrx_word' id='word_1_440' title='bbox 1864 252 1916 279; x_wconf 72' lang='grc' dir='ltr'>πά-</span> 
     </span>
    </p>
   </div>
   <div class='ocr_carea' id='block_1_64' title="bbox 1084 291 1913 335">
    <p class='ocr_par' dir='ltr' id='par_1_64' title="bbox 1084 291 1913 335">
     <span class='ocr_line' id='line_1_64' title="bbox 1084 291 1913 335; baseline 0.006 -16"><span class='ocrx_word' id='word_1_441' title='bbox 1084 291 1127 320; x_wconf 83' lang='grc' dir='ltr'><strong>λιν</strong></span> <span class='ocrx_word' id='word_1_442' title='bbox 1155 293 1331 332; x_wconf 70' lang='grc' dir='ltr'>8ρου,φαμέν</span> <span class='ocrx_word' id='word_1_443' title='bbox 1357 292 1404 320; x_wconf 78' lang='grc' dir='ltr'>καὶ</span> <span class='ocrx_word' id='word_1_444' title='bbox 1434 293 1475 320; x_wconf 76' lang='grc' dir='ltr'><strong>ὅτι</strong></span> <span class='ocrx_word' id='word_1_445' title='bbox 1503 293 1609 330; x_wconf 79' lang='grc' dir='ltr'><strong>κόσμου</strong></span> <span class='ocrx_word' id='word_1_446' title='bbox 1637 294 1708 322; x_wconf 70' lang='grc' dir='ltr'>εει-εἶν</span> <span class='ocrx_word' id='word_1_447' title='bbox 1737 296 1751 322; x_wconf 83' lang='grc' dir='ltr'>ὁ</span> <span class='ocrx_word' id='word_1_448' title='bbox 1780 297 1913 335; x_wconf 77' lang='grc' dir='ltr'>μοναχός·</span> 
     </span>
    </p>
   </div>
   <div class='ocr_carea' id='block_1_65' title="bbox 1083 336 1913 376">
    <p class='ocr_par' dir='ltr' id='par_1_65' title="bbox 1083 336 1913 376">
     <span class='ocr_line' id='line_1_65' title="bbox 1083 336 1913 376; baseline 0.005 -12"><span class='ocrx_word' id='word_1_449' title='bbox 1083 336 1125 364; x_wconf 87' lang='grc' dir='ltr'><strong>διὸ</strong></span> <span class='ocrx_word' id='word_1_450' title='bbox 1140 337 1184 364; x_wconf 77' lang='grc' dir='ltr'><strong>καὶ</strong></span> <span class='ocrx_word' id='word_1_451' title='bbox 1201 337 1393 375; x_wconf 77' lang='grc' dir='ltr'>ὑπερκόσμιος.</span> <span class='ocrx_word' id='word_1_452' title='bbox 1411 337 1443 364; x_wconf 70' lang='lat' dir='ltr'><strong>Ei</strong></span> <span class='ocrx_word' id='word_1_453' title='bbox 1471 337 1498 365; x_wconf 70' lang='grc' dir='ltr'>δὲ</span> <span class='ocrx_word' id='word_1_454' title='bbox 1522 341 1579 370; x_wconf 73' lang='grc' dir='ltr'>τοῖς</span> <span class='ocrx_word' id='word_1_455' title='bbox 1605 341 1654 366; x_wconf 69' lang='grc' dir='ltr'><strong>τοῦ</strong></span> <span class='ocrx_word' id='word_1_456' title='bbox 1678 339 1786 376; x_wconf 82' lang='grc' dir='ltr'>κόσμου</span> <span class='ocrx_word' id='word_1_457' title='bbox 1803 351 1913 368; x_wconf 79' lang='grc' dir='ltr'>συνανα-</span> 
     </span>
    </p>
   </div>
   <div class='ocr_carea' id='block_1_66' title="bbox 1081 381 1913 422">
    <p class='ocr_par' dir='ltr' id='par_1_66' title="bbox 1081 381 1913 422">
     <span class='ocr_line' id='line_1_66' title="bbox 1081 381 1913 422; baseline 0.006 -14"><span class='ocrx_word' id='word_1_458' title='bbox 1081 383 1233 420; x_wconf 85' lang='grc' dir='ltr'>χρώννυται</span> <span class='ocrx_word' id='word_1_459' title='bbox 1255 381 1412 415; x_wconf 75' lang='grc' dir='ltr'><strong>ἰδιωτικῶς,</strong></span> <span class='ocrx_word' id='word_1_460' title='bbox 1429 384 1487 414; x_wconf 82' lang='grc' dir='ltr'>πῶς</span> <span class='ocrx_word' id='word_1_461' title='bbox 1513 382 1542 410; x_wconf 71' lang='grc' dir='ltr'><strong>ἂν</strong></span> <span class='ocrx_word' id='word_1_462' title='bbox 1567 383 1600 410; x_wconf 85' lang='grc' dir='ltr'>τὸ</span> <span class='ocrx_word' id='word_1_463' title='bbox 1629 384 1815 422; x_wconf 78' lang='grc' dir='ltr'>ὑπερκόσμιον</span> <span class='ocrx_word' id='word_1_464' title='bbox 1849 386 1913 413; x_wconf 76' lang='grc' dir='ltr'>ἐπα-</span> 
     </span>
    </p>
   </div>
   <div class='ocr_carea' id='block_1_67' title="bbox 1081 425 1915 466">
    <p class='ocr_par' dir='ltr' id='par_1_67' title="bbox 1081 425 1915 466">
     <span class='ocr_line' id='line_1_67' title="bbox 1081 425 1915 466; baseline 0.005 -12"><span class='ocrx_word' id='word_1_465' title='bbox 1081 426 1210 461; x_wconf 68' lang='grc' dir='ltr'>ληθεύσοι</span> <span class='ocrx_word' id='word_1_466' title='bbox 1227 427 1316 462; x_wconf 56' lang='lat' dir='ltr'><strong>adu-ii;</strong></span> <span class='ocrx_word' id='word_1_467' title='bbox 1336 428 1398 458; x_wconf 80' lang='grc' dir='ltr'><strong>ΙΙῶς</strong></span> <span class='ocrx_word' id='word_1_468' title='bbox 1422 425 1449 454; x_wconf 69' lang='grc' dir='ltr'>δὲ</span> <span class='ocrx_word' id='word_1_469' title='bbox 1477 428 1491 454; x_wconf 87' lang='grc' dir='ltr'>ὁ</span> <span class='ocrx_word' id='word_1_470' title='bbox 1521 428 1586 466; x_wconf 71' lang='grc' dir='ltr'>ὑπὲρ</span> <span class='ocrx_word' id='word_1_471' title='bbox 1616 429 1661 455; x_wconf 85' lang='grc' dir='ltr'><strong>τὸν</strong></span> <span class='ocrx_word' id='word_1_472' title='bbox 1690 429 1794 466; x_wconf 79' lang='grc' dir='ltr'><strong>κόσμον</strong></span> <span class='ocrx_word' id='word_1_473' title='bbox 1824 429 1915 465; x_wconf 64' lang='lat'><strong>35357,-</strong></span> 
     </span>
    </p>
   </div>
   <div class='ocr_carea' id='block_1_68' title="bbox 1082 471 1913 512">
    <p class='ocr_par' dir='ltr' id='par_1_68' title="bbox 1082 471 1913 512">
     <span class='ocr_line' id='line_1_68' title="bbox 1082 471 1913 512; baseline 0.004 -14"><span class='ocrx_word' id='word_1_474' title='bbox 1082 471 1161 507; x_wconf 73' lang='grc' dir='ltr'>μένος</span> <span class='ocrx_word' id='word_1_475' title='bbox 1189 472 1294 508; x_wconf 76' lang='grc' dir='ltr'>κόσμου</span> <span class='ocrx_word' id='word_1_476' title='bbox 1319 472 1364 499; x_wconf 84' lang='grc' dir='ltr'>καὶ</span> <span class='ocrx_word' id='word_1_477' title='bbox 1394 471 1472 502; x_wconf 65' lang='grc' dir='ltr'>αὐτὸς</span> <span class='ocrx_word' id='word_1_478' title='bbox 1502 472 1550 499; x_wconf 76' lang='grc' dir='ltr'>οὒκ</span> <span class='ocrx_word' id='word_1_479' title='bbox 1578 472 1610 499; x_wconf 76' lang='grc' dir='ltr'><strong>ἂν</strong></span> <span class='ocrx_word' id='word_1_480' title='bbox 1650 473 1760 512; x_wconf 72' lang='grc' dir='ltr'>όφλήσῃ</span> <span class='ocrx_word' id='word_1_481' title='bbox 1801 474 1913 512; x_wconf 75' lang='grc' dir='ltr'>γὲλων;</span> 
     </span>
    </p>
   </div>
   <div class='ocr_carea' id='block_1_69' title="bbox 1079 516 1913 556">
    <p class='ocr_par' dir='ltr' id='par_1_69' title="bbox 1079 516 1913 556">
     <span class='ocr_line' id='line_1_69' title="bbox 1079 516 1913 556; baseline 0.006 -14"><span class='ocrx_word' id='word_1_482' title='bbox 1079 517 1195 552; x_wconf 71' lang='grc' dir='ltr'>’Ὁμοιον</span> <span class='ocrx_word' id='word_1_483' title='bbox 1224 516 1274 554; x_wconf 76' lang='grc' dir='ltr'><strong>γάρ</strong></span> <span class='ocrx_word' id='word_1_484' title='bbox 1297 527 1323 543; x_wconf 93' lang='grc' dir='ltr'><strong>τι</strong></span> <span class='ocrx_word' id='word_1_485' title='bbox 1346 517 1414 552; x_wconf 85' lang='grc' dir='ltr'>πρὸς</span> <span class='ocrx_word' id='word_1_486' title='bbox 1440 516 1553 553; x_wconf 64' lang='grc' dir='ltr'>μέμψιν,</span> <span class='ocrx_word' id='word_1_487' title='bbox 1571 516 1593 544; x_wconf 89' lang='grc' dir='ltr'>εἷ</span> <span class='ocrx_word' id='word_1_488' title='bbox 1617 517 1723 554; x_wconf 79' lang='grc' dir='ltr'>κόσμου</span> <span class='ocrx_word' id='word_1_489' title='bbox 1749 518 1913 556; x_wconf 74' lang='grc' dir='ltr'>προαδὲεται</span> 
     </span>
    </p>
   </div>
   <div class='ocr_carea' id='block_1_70' title="bbox 1080 560 1910 599">
    <p class='ocr_par' dir='ltr' id='par_1_70' title="bbox 1080 560 1910 599">
     <span class='ocr_line' id='line_1_70' title="bbox 1080 560 1910 599; baseline 0.005 -11"><span class='ocrx_word' id='word_1_490' title='bbox 1080 561 1093 588; x_wconf 84' lang='grc' dir='ltr'>ὁ</span> <span class='ocrx_word' id='word_1_491' title='bbox 1126 560 1254 597; x_wconf 85' lang='grc' dir='ltr'>κόσμιος,</span> <span class='ocrx_word' id='word_1_492' title='bbox 1286 561 1323 593; x_wconf 86' lang='grc' dir='ltr'>ὡς</span> <span class='ocrx_word' id='word_1_493' title='bbox 1353 561 1375 588; x_wconf 76' lang='grc' dir='ltr'><strong>εί</strong></span> <span class='ocrx_word' id='word_1_494' title='bbox 1403 561 1446 588; x_wconf 85' lang='grc' dir='ltr'><strong>καὶ</strong></span> <span class='ocrx_word' id='word_1_495' title='bbox 1476 562 1507 588; x_wconf 89' lang='grc' dir='ltr'><strong>τὸ</strong></span> <span class='ocrx_word' id='word_1_496' title='bbox 1534 561 1602 592; x_wconf 78' lang='grc' dir='ltr'>ἅλας</span> <span class='ocrx_word' id='word_1_497' title='bbox 1633 562 1766 599; x_wconf 75' lang='grc' dir='ltr'>νοστίμου</span> <span class='ocrx_word' id='word_1_498' title='bbox 1797 563 1910 595; x_wconf 70' lang='grc' dir='ltr'>ἅλατος.</span> 
     </span>
    </p>
   </div>
   <div class='ocr_carea' id='block_1_71' title="bbox 1078 604 1912 646">
    <p class='ocr_par' dir='ltr' id='par_1_71' title="bbox 1078 604 1912 646">
     <span class='ocr_line' id='line_1_71' title="bbox 1078 604 1912 646; baseline 0.005 -14"><span class='ocrx_word' id='word_1_499' title='bbox 1078 608 1182 642; x_wconf 78' lang='grc' dir='ltr'><strong>Κοσμεῖ</strong></span> <span class='ocrx_word' id='word_1_500' title='bbox 1210 604 1238 632; x_wconf 79' lang='grc' dir='ltr'>δὲ</span> <span class='ocrx_word' id='word_1_501' title='bbox 1266 605 1399 643; x_wconf 77' lang='grc' dir='ltr'>μοναχὸν,</span> <span class='ocrx_word' id='word_1_502' title='bbox 1416 604 1506 643; x_wconf 75' lang='grc' dir='ltr'>ὥσπερ</span> <span class='ocrx_word' id='word_1_503' title='bbox 1536 605 1580 632; x_wconf 81' lang='grc' dir='ltr'>καὶ</span> <span class='ocrx_word' id='word_1_504' title='bbox 1609 607 1694 634; x_wconf 73' lang='grc' dir='ltr'>πάντα</span> <span class='ocrx_word' id='word_1_505' title='bbox 1723 607 1880 646; x_wconf 73' lang='grc' dir='ltr'>ἄνθρωπον,</span> <span class='ocrx_word' id='word_1_506' title='bbox 1897 610 1912 636; x_wconf 79' lang='grc' dir='ltr'><strong>ὸ</strong></span> 
     </span>
    </p>
   </div>
   <div class='ocr_carea' id='block_1_72' title="bbox 1079 649 1910 687">
    <p class='ocr_par' dir='ltr' id='par_1_72' title="bbox 1079 649 1910 687">
     <span class='ocr_line' id='line_1_72' title="bbox 1079 649 1910 687; baseline 0.004 -10"><span class='ocrx_word' id='word_1_507' title='bbox 1079 649 1171 687; x_wconf 84' lang='grc' dir='ltr'>λόγος.</span> <span class='ocrx_word' id='word_1_508' title='bbox 1188 649 1383 677; x_wconf 77' lang='grc' dir='ltr'>Μετελευστὲον</span> <span class='ocrx_word' id='word_1_509' title='bbox 1414 660 1457 677; x_wconf 87' lang='grc' dir='ltr'>σοι</span> <span class='ocrx_word' id='word_1_510' title='bbox 1485 649 1536 685; x_wconf 73' lang='grc' dir='ltr'><strong>ἄρα</strong></span> <span class='ocrx_word' id='word_1_511' title='bbox 1564 649 1610 677; x_wconf 85' lang='grc' dir='ltr'><strong>τὸν</strong></span> <span class='ocrx_word' id='word_1_512' title='bbox 1641 650 1733 687; x_wconf 74' lang='grc' dir='ltr'>λόγον,</span> <span class='ocrx_word' id='word_1_513' title='bbox 1758 653 1780 679; x_wconf 84' lang='grc' dir='ltr'><strong>ὦ</strong></span> <span class='ocrx_word' id='word_1_514' title='bbox 1805 651 1852 680; x_wconf 70' lang='grc' dir='ltr'>διὰ</span> <span class='ocrx_word' id='word_1_515' title='bbox 1879 654 1910 680; x_wconf 81' lang='grc' dir='ltr'>τὸ</span> 
     </span>
    </p>
   </div>
   <div class='ocr_carea' id='block_1_73' title="bbox 1078 692 1910 732">
    <p class='ocr_par' dir='ltr' id='par_1_73' title="bbox 1078 692 1910 732">
     <span class='ocr_line' id='line_1_73' title="bbox 1078 692 1910 732; baseline 0.005 -11"><span class='ocrx_word' id='word_1_516' title='bbox 1078 692 1295 732; x_wconf 75' lang='grc' dir='ltr'>μεγαλόσχημδν</span> <span class='ocrx_word' id='word_1_517' title='bbox 1320 694 1567 732; x_wconf 74' lang='grc' dir='ltr'>εὖσχημονὲατατε,</span> <span class='ocrx_word' id='word_1_518' title='bbox 1594 694 1640 722; x_wconf 74' lang='grc' dir='ltr'>’ίνα</span> <span class='ocrx_word' id='word_1_519' title='bbox 1680 694 1715 722; x_wconf 80' lang='grc' dir='ltr'>δι’</span> <span class='ocrx_word' id='word_1_520' title='bbox 1743 696 1825 724; x_wconf 73' lang='grc' dir='ltr'>αὐιοῧ</span> <span class='ocrx_word' id='word_1_521' title='bbox 1867 697 1910 725; x_wconf 69' lang='grc' dir='ltr'>ἐπὶ</span> 
     </span>
    </p>
   </div>
   <div class='ocr_carea' id='block_1_74' title="bbox 1076 737 1909 779">
    <p class='ocr_par' dir='ltr' id='par_1_74' title="bbox 1076 737 1909 779">
     <span class='ocr_line' id='line_1_74' title="bbox 1076 737 1909 779; baseline 0.005 -13"><span class='ocrx_word' id='word_1_522' title='bbox 1076 738 1159 766; x_wconf 64' lang='grc' dir='ltr'>πλέον</span> <span class='ocrx_word' id='word_1_523' title='bbox 1176 737 1236 774; x_wconf 79' lang='grc' dir='ltr'><strong>εἷής</strong></span> <span class='ocrx_word' id='word_1_524' title='bbox 1251 739 1464 776; x_wconf 83' lang='grc' dir='ltr'>κοσμικώτερος.</span> <span class='ocrx_word' id='word_1_525' title='bbox 1483 739 1589 775; x_wconf 83' lang='grc' dir='ltr'>Κόσμος</span> <span class='ocrx_word' id='word_1_526' title='bbox 1606 740 1658 778; x_wconf 73' lang='grc' dir='ltr'><strong>γὰρ</strong></span> <span class='ocrx_word' id='word_1_527' title='bbox 1688 740 1780 779; x_wconf 75' lang='grc' dir='ltr'>ὥσπερ</span> <span class='ocrx_word' id='word_1_528' title='bbox 1812 741 1909 773; x_wconf 75' lang='grc' dir='ltr'>ἄλλοις</span> 
     </span>
    </p>
   </div>
   <div class='ocr_carea' id='block_1_75' title="bbox 1075 783 1909 822">
    <p class='ocr_par' dir='ltr' id='par_1_75' title="bbox 1075 783 1909 822">
     <span class='ocr_line' id='line_1_75' title="bbox 1075 783 1909 822; baseline 0.005 -12"><span class='ocrx_word' id='word_1_529' title='bbox 1075 785 1128 810; x_wconf 81' lang='grc' dir='ltr'>τῶν</span> <span class='ocrx_word' id='word_1_530' title='bbox 1159 784 1293 819; x_wconf 77' lang='grc' dir='ltr'>σωμάτων</span> <span class='ocrx_word' id='word_1_531' title='bbox 1317 784 1362 810; x_wconf 74' lang='grc' dir='ltr'><strong>καὶ</strong></span> <span class='ocrx_word' id='word_1_532' title='bbox 1389 785 1442 811; x_wconf 78' lang='grc' dir='ltr'>τῶν</span> <span class='ocrx_word' id='word_1_533' title='bbox 1471 783 1639 822; x_wconf 74' lang='grc' dir='ltr'>πραγμάτων</span> <span class='ocrx_word' id='word_1_534' title='bbox 1657 784 1729 812; x_wconf 73' lang='grc' dir='ltr'>ἄλλα</span> <span class='ocrx_word' id='word_1_535' title='bbox 1745 787 1820 821; x_wconf 71' lang='grc' dir='ltr'>τινὰ,</span> <span class='ocrx_word' id='word_1_536' title='bbox 1838 787 1909 814; x_wconf 65' lang='grc' dir='ltr'>οὕτω</span> 
     </span>
    </p>
   </div>
   <div class='ocr_carea' id='block_1_76' title="bbox 1075 827 1907 866">
    <p class='ocr_par' dir='ltr' id='par_1_76' title="bbox 1075 827 1907 866">
     <span class='ocr_line' id='line_1_76' title="bbox 1075 827 1907 866; baseline 0.005 -12"><span class='ocrx_word' id='word_1_537' title='bbox 1075 828 1119 855; x_wconf 78' lang='grc' dir='ltr'><strong>καὶ</strong></span> <span class='ocrx_word' id='word_1_538' title='bbox 1151 828 1285 865; x_wconf 75' lang='grc' dir='ltr'>ἀνθρώπῳ</span> <span class='ocrx_word' id='word_1_539' title='bbox 1307 830 1346 864; x_wconf 79' lang='grc' dir='ltr'>τῷ</span> <span class='ocrx_word' id='word_1_540' title='bbox 1372 827 1482 864; x_wconf 81' lang='grc' dir='ltr'>κυρίως,</span> <span class='ocrx_word' id='word_1_541' title='bbox 1501 828 1531 855; x_wconf 80' lang='grc' dir='ltr'><strong>οὗ</strong></span> <span class='ocrx_word' id='word_1_542' title='bbox 1557 828 1639 866; x_wconf 73' lang='grc' dir='ltr'>μέρος</span> <span class='ocrx_word' id='word_1_543' title='bbox 1662 829 1708 856; x_wconf 83' lang='grc' dir='ltr'><strong>καὶ</strong></span> <span class='ocrx_word' id='word_1_544' title='bbox 1730 830 1746 857; x_wconf 79' lang='grc' dir='ltr'>ὁ</span> <span class='ocrx_word' id='word_1_545' title='bbox 1762 833 1823 858; x_wconf 84' lang='grc' dir='ltr'>κατ’</span> <span class='ocrx_word' id='word_1_546' title='bbox 1839 830 1907 866; x_wconf 80' lang='grc' dir='ltr'><strong>ἆλῆ-</strong></span> 
     </span>
    </p>
   </div>
   <div class='ocr_carea' id='block_1_77' title="bbox 1076 870 1907 911">
    <p class='ocr_par' dir='ltr' id='par_1_77' title="bbox 1076 870 1907 911">
     <span class='ocr_line' id='line_1_77' title="bbox 1076 870 1907 911; baseline 0.006 -12"><span class='ocrx_word' id='word_1_547' title='bbox 1076 873 1148 900; x_wconf 81' lang='grc' dir='ltr'>θειαν</span> <span class='ocrx_word' id='word_1_548' title='bbox 1164 873 1295 910; x_wconf 73' lang='grc' dir='ltr'>μοναχὸς,</span> <span class='ocrx_word' id='word_1_549' title='bbox 1313 871 1393 900; x_wconf 73' lang='grc' dir='ltr'>οὐδὲν</span> <span class='ocrx_word' id='word_1_550' title='bbox 1410 871 1481 900; x_wconf 81' lang='grc' dir='ltr'>ἄλλο</span> <span class='ocrx_word' id='word_1_551' title='bbox 1494 872 1512 907; x_wconf 72' lang='grc' dir='ltr'>ἦ</span> <span class='ocrx_word' id='word_1_552' title='bbox 1529 870 1623 910; x_wconf 81' lang='grc' dir='ltr'>λόγος,</span> <span class='ocrx_word' id='word_1_553' title='bbox 1637 873 1651 900; x_wconf 77' lang='grc' dir='ltr'>ὁ</span> <span class='ocrx_word' id='word_1_554' title='bbox 1664 874 1732 910; x_wconf 74' lang='grc' dir='ltr'>μετὰ</span> <span class='ocrx_word' id='word_1_555' title='bbox 1747 874 1907 911; x_wconf 73' lang='grc' dir='ltr'>ἐμπράκτου</span> 
     </span>
    </p>
   </div>
   <div class='ocr_carea' id='block_1_78' title="bbox 1075 916 1906 958">
    <p class='ocr_par' dir='ltr' id='par_1_78' title="bbox 1075 916 1906 958">
     <span class='ocr_line' id='line_1_78' title="bbox 1075 916 1906 958; baseline 0.004 -14"><span class='ocrx_word' id='word_1_556' title='bbox 1075 917 1182 954; x_wconf 80' lang='grc' dir='ltr'>ἀρετῆς·</span> <span class='ocrx_word' id='word_1_557' title='bbox 1200 917 1282 955; x_wconf 75' lang='grc' dir='ltr'>οὗπερ</span> <span class='ocrx_word' id='word_1_558' title='bbox 1298 916 1435 944; x_wconf 79' lang='grc' dir='ltr'><strong>ἐκπίπτων</strong></span> <span class='ocrx_word' id='word_1_559' title='bbox 1454 916 1484 944; x_wconf 71' lang='grc' dir='ltr'><strong>σὺ</strong></span> <span class='ocrx_word' id='word_1_560' title='bbox 1497 918 1547 951; x_wconf 78' lang='grc' dir='ltr'><strong>τήν</strong></span> <span class='ocrx_word' id='word_1_561' title='bbox 1564 917 1666 956; x_wconf 68' lang='grc' dir='ltr'>ἀρχὴν,</span> <span class='ocrx_word' id='word_1_562' title='bbox 1683 918 1697 946; x_wconf 85' lang='grc' dir='ltr'>ὁ</span> <span class='ocrx_word' id='word_1_563' title='bbox 1722 919 1769 946; x_wconf 76' lang='grc' dir='ltr'><strong>καὶ</strong></span> <span class='ocrx_word' id='word_1_564' title='bbox 1796 919 1906 958; x_wconf 65' lang='grc' dir='ltr'>ἆγρέμ-</span> 
     </span>
    </p>
   </div>
   <div class='ocr_carea' id='block_1_79' title="bbox 1077 960 1907 1002">
    <p class='ocr_par' dir='ltr' id='par_1_79' title="bbox 1077 960 1907 1002">
     <span class='ocr_line' id='line_1_79' title="bbox 1077 960 1907 1002; baseline 0.004 -13"><span class='ocrx_word' id='word_1_565' title='bbox 1077 972 1160 998; x_wconf 80' lang='grc' dir='ltr'>ματος</span> <span class='ocrx_word' id='word_1_566' title='bbox 1188 962 1232 989; x_wconf 79' lang='grc' dir='ltr'><strong>καὶ</strong></span> <span class='ocrx_word' id='word_1_567' title='bbox 1274 960 1335 989; x_wconf 72' lang='grc' dir='ltr'>οὐδὲ</span> <span class='ocrx_word' id='word_1_568' title='bbox 1373 961 1530 1000; x_wconf 79' lang='grc' dir='ltr'>πρακτικὸς,</span> <span class='ocrx_word' id='word_1_569' title='bbox 1561 962 1650 1000; x_wconf 75' lang='grc' dir='ltr'>ἀγάπα</span> <span class='ocrx_word' id='word_1_570' title='bbox 1680 961 1801 1001; x_wconf 75' lang='grc' dir='ltr'><strong>δευτέρῳ</strong></span> <span class='ocrx_word' id='word_1_571' title='bbox 1833 964 1907 1002; x_wconf 71' lang='grc' dir='ltr'>λόγῳ</span> 
     </span>
    </p>
   </div>
   <div class='ocr_carea' id='block_1_80' title="bbox 1073 1006 1907 1049">
    <p class='ocr_par' dir='ltr' id='par_1_80' title="bbox 1073 1006 1907 1049">
     <span class='ocr_line' id='line_1_80' title="bbox 1073 1006 1907 1049; baseline 0.005 -15"><span class='ocrx_word' id='word_1_572' title='bbox 1073 1006 1136 1038; x_wconf 69' lang='grc' dir='ltr'>τοὺς</span> <span class='ocrx_word' id='word_1_573' title='bbox 1154 1008 1192 1044; x_wconf 88' lang='grc' dir='ltr'><strong>μή</strong></span> <span class='ocrx_word' id='word_1_574' title='bbox 1209 1007 1275 1034; x_wconf 82' lang='grc' dir='ltr'>κατᾶ</span> <span class='ocrx_word' id='word_1_575' title='bbox 1291 1007 1329 1035; x_wconf 69' lang='grc' dir='ltr'><strong>σε.</strong></span> <span class='ocrx_word' id='word_1_576' title='bbox 1347 1007 1398 1035; x_wconf 80' lang='grc' dir='ltr'><strong>Καῖ</strong></span> <span class='ocrx_word' id='word_1_577' title='bbox 1414 1006 1486 1034; x_wconf 72' lang='grc' dir='ltr'>οὕτω</span> <span class='ocrx_word' id='word_1_578' title='bbox 1501 1006 1579 1044; x_wconf 86' lang='grc' dir='ltr'>γίνου</span> <span class='ocrx_word' id='word_1_579' title='bbox 1603 1007 1704 1045; x_wconf 81' lang='grc' dir='ltr'>τρόπον</span> <span class='ocrx_word' id='word_1_580' title='bbox 1731 1009 1794 1036; x_wconf 70' lang='grc' dir='ltr'>τινὰ</span> <span class='ocrx_word' id='word_1_581' title='bbox 1826 1011 1907 1049; x_wconf 54' lang='grc' dir='ltr'>σοφὸς</span> 
     </span>
    </p>
   </div>
   <div class='ocr_carea' id='block_1_81' title="bbox 1073 1051 1906 1093">
    <p class='ocr_par' dir='ltr' id='par_1_81' title="bbox 1073 1051 1906 1093">
     <span class='ocr_line' id='line_1_81' title="bbox 1073 1051 1906 1093; baseline 0.001 -13"><span class='ocrx_word' id='word_1_582' title='bbox 1073 1052 1116 1080; x_wconf 78' lang='grc' dir='ltr'><strong>καὶ</strong></span> <span class='ocrx_word' id='word_1_583' title='bbox 1134 1051 1214 1083; x_wconf 79' lang='grc' dir='ltr'>αὐτός</span> <span class='ocrx_word' id='word_1_584' title='bbox 1231 1051 1323 1091; x_wconf 72' lang='grc' dir='ltr'>(σοφία</span> <span class='ocrx_word' id='word_1_585' title='bbox 1335 1051 1385 1090; x_wconf 72' lang='grc' dir='ltr'><strong>γάρ</strong></span> <span class='ocrx_word' id='word_1_586' title='bbox 1401 1062 1442 1083; x_wconf 89' lang='grc' dir='ltr'><strong>τις</strong></span> <span class='ocrx_word' id='word_1_587' title='bbox 1457 1051 1501 1078; x_wconf 81' lang='grc' dir='ltr'><strong>καὶ</strong></span> <span class='ocrx_word' id='word_1_588' title='bbox 1521 1051 1552 1078; x_wconf 87' lang='grc' dir='ltr'><strong>τὸ</strong></span> <span class='ocrx_word' id='word_1_589' title='bbox 1574 1051 1663 1090; x_wconf 75' lang='grc' dir='ltr'>φιλεῖν</span> <span class='ocrx_word' id='word_1_590' title='bbox 1688 1052 1754 1084; x_wconf 69' lang='grc' dir='ltr'>τοὺς</span> <span class='ocrx_word' id='word_1_591' title='bbox 1783 1054 1906 1093; x_wconf 63' lang='grc' dir='ltr'>σοφοὺς),</span> 
     </span>
    </p>
   </div>
   <div class='ocr_carea' id='block_1_82' title="bbox 1073 1094 1905 1134">
    <p class='ocr_par' dir='ltr' id='par_1_82' title="bbox 1073 1094 1905 1134">
     <span class='ocr_line' id='line_1_82' title="bbox 1073 1094 1905 1134; baseline 0.002 -10"><span class='ocrx_word' id='word_1_592' title='bbox 1073 1096 1117 1124; x_wconf 82' lang='grc' dir='ltr'><strong>καὶ</strong></span> <span class='ocrx_word' id='word_1_593' title='bbox 1162 1097 1198 1133; x_wconf 80' lang='grc' dir='ltr'>μή</span> <span class='ocrx_word' id='word_1_594' title='bbox 1239 1096 1366 1131; x_wconf 74' lang='grc' dir='ltr'>ἐξουθὲνει</span> <span class='ocrx_word' id='word_1_595' title='bbox 1397 1094 1493 1131; x_wconf 68' lang='grc' dir='ltr'>ἀνέδην</span> <span class='ocrx_word' id='word_1_596' title='bbox 1521 1095 1566 1123; x_wconf 84' lang='grc' dir='ltr'><strong>καὶ</strong></span> <span class='ocrx_word' id='word_1_597' title='bbox 1602 1096 1858 1134; x_wconf 66' lang='grc' dir='ltr'><strong>ἀπαρακαλύπτως,</strong></span> <span class='ocrx_word' id='word_1_598' title='bbox 1882 1099 1905 1126; x_wconf 71' lang='grc' dir='ltr'>ἐν</span> 
     </span>
    </p>
   </div>
   <div class='ocr_carea' id='block_1_83' title="bbox 1073 1138 1907 1179">
    <p class='ocr_par' dir='ltr' id='par_1_83' title="bbox 1073 1138 1907 1179">
     <span class='ocr_line' id='line_1_83' title="bbox 1073 1138 1907 1179; baseline 0.002 -11"><span class='ocrx_word' id='word_1_599' title='bbox 1073 1138 1148 1179; x_wconf 77' lang='grc' dir='ltr'>ὕϐρει</span> <span class='ocrx_word' id='word_1_600' title='bbox 1164 1141 1277 1179; x_wconf 70' lang='grc' dir='ltr'>μεγίστῃ</span> <span class='ocrx_word' id='word_1_601' title='bbox 1292 1141 1375 1172; x_wconf 58' lang='grc' dir='ltr'>τιθείς</span> <span class='ocrx_word' id='word_1_602' title='bbox 1389 1140 1420 1167; x_wconf 84' lang='grc' dir='ltr'>τὸ</span> <span class='ocrx_word' id='word_1_603' title='bbox 1439 1153 1449 1165; x_wconf 80' lang='grc' dir='ltr'><strong>ι</strong></span> <span class='ocrx_word' id='word_1_604' title='bbox 1467 1141 1652 1178; x_wconf 77' lang='grc' dir='ltr'>γραμματικέ.</span> <span class='ocrx_word' id='word_1_605' title='bbox 1672 1153 1685 1167; x_wconf 79' lang='grc' dir='ltr'>›ι</span> <span class='ocrx_word' id='word_1_606' title='bbox 1717 1141 1751 1170; x_wconf 83' lang='grc' dir='ltr'><strong>Εἰ</strong></span> <span class='ocrx_word' id='word_1_607' title='bbox 1780 1141 1810 1170; x_wconf 77' lang='grc' dir='ltr'>δὲ</span> <span class='ocrx_word' id='word_1_608' title='bbox 1841 1145 1907 1179; x_wconf 77' lang='grc' dir='ltr'>μήτε</span> 
     </span>
    </p>
   </div>
   <div class='ocr_carea' id='block_1_84' title="bbox 1072 1185 1907 1223">
    <p class='ocr_par' dir='ltr' id='par_1_84' title="bbox 1072 1185 1907 1223">
     <span class='ocr_line' id='line_1_84' title="bbox 1072 1185 1907 1223; baseline 0.001 -10"><span class='ocrx_word' id='word_1_609' title='bbox 1072 1185 1104 1213; x_wconf 76' lang='grc' dir='ltr'><strong>σὺ</strong></span> <span class='ocrx_word' id='word_1_610' title='bbox 1120 1185 1249 1222; x_wconf 45' lang='lat' dir='ltr'><strong>inm-mg</strong></span> <span class='ocrx_word' id='word_1_611' title='bbox 1275 1186 1416 1223; x_wconf 81' lang='grc' dir='ltr'>ἅνθρωπος</span> <span class='ocrx_word' id='word_1_612' title='bbox 1438 1185 1470 1219; x_wconf 68' lang='lat' dir='ltr'><strong>ei,</strong></span> <span class='ocrx_word' id='word_1_613' title='bbox 1489 1185 1559 1222; x_wconf 73' lang='grc' dir='ltr'>μήτε</span> <span class='ocrx_word' id='word_1_614' title='bbox 1580 1186 1687 1222; x_wconf 78' lang='grc' dir='ltr'>ἀγαπᾷς</span> <span class='ocrx_word' id='word_1_615' title='bbox 1715 1186 1783 1217; x_wconf 63' lang='grc' dir='ltr'>τοὺς</span> <span class='ocrx_word' id='word_1_616' title='bbox 1814 1188 1907 1214; x_wconf 77' lang='grc' dir='ltr'>τοιοῦ-</span> 
     </span>
    </p>
   </div>
   <div class='ocr_carea' id='block_1_85' title="bbox 1071 1228 1906 1268">
    <p class='ocr_par' dir='ltr' id='par_1_85' title="bbox 1071 1228 1906 1268">
     <span class='ocr_line' id='line_1_85' title="bbox 1071 1228 1906 1268; baseline 0.002 -11"><span class='ocrx_word' id='word_1_617' title='bbox 1071 1240 1145 1263; x_wconf 85' lang='grc' dir='ltr'>τους,</span> <span class='ocrx_word' id='word_1_618' title='bbox 1161 1230 1206 1257; x_wconf 82' lang='grc' dir='ltr'><strong>καὶ</strong></span> <span class='ocrx_word' id='word_1_619' title='bbox 1223 1228 1328 1258; x_wconf 77' lang='grc' dir='ltr'>οὐδὲτὸ</span> <span class='ocrx_word' id='word_1_620' title='bbox 1342 1229 1372 1257; x_wconf 76' lang='grc' dir='ltr'>ἐκ</span> <span class='ocrx_word' id='word_1_621' title='bbox 1384 1232 1439 1257; x_wconf 84' lang='grc' dir='ltr'>τῶν</span> <span class='ocrx_word' id='word_1_622' title='bbox 1463 1229 1584 1267; x_wconf 74' lang='grc' dir='ltr'>πράξεων</span> <span class='ocrx_word' id='word_1_623' title='bbox 1609 1228 1684 1268; x_wconf 79' lang='grc' dir='ltr'>ἔχεις</span> <span class='ocrx_word' id='word_1_624' title='bbox 1710 1230 1906 1268; x_wconf 73' lang='grc' dir='ltr'>ἐπικόσμημα·</span> 
     </span>
    </p>
   </div>
   <div class='ocr_carea' id='block_1_86' title="bbox 1072 1273 1908 1312">
    <p class='ocr_par' dir='ltr' id='par_1_86' title="bbox 1072 1273 1908 1312">
     <span class='ocr_line' id='line_1_86' title="bbox 1072 1273 1908 1312; baseline 0.001 -10"><span class='ocrx_word' id='word_1_625' title='bbox 1072 1274 1103 1302; x_wconf 80' lang='grc' dir='ltr'><strong>σὺ</strong></span> <span class='ocrx_word' id='word_1_626' title='bbox 1125 1273 1204 1306; x_wconf 70' lang='grc' dir='ltr'>αὐτὸς</span> <span class='ocrx_word' id='word_1_627' title='bbox 1229 1274 1348 1312; x_wconf 75' lang='grc' dir='ltr'>λόγισαι,</span> <span class='ocrx_word' id='word_1_628' title='bbox 1374 1273 1456 1306; x_wconf 87' lang='grc' dir='ltr'>ποίας</span> <span class='ocrx_word' id='word_1_629' title='bbox 1478 1275 1577 1311; x_wconf 79' lang='grc' dir='ltr'>τάξεως</span> <span class='ocrx_word' id='word_1_630' title='bbox 1602 1273 1628 1302; x_wconf 73' lang='grc' dir='ltr'>ἐν</span> <span class='ocrx_word' id='word_1_631' title='bbox 1655 1275 1815 1312; x_wconf 81' lang='grc' dir='ltr'>ἀνθρώποις</span> <span class='ocrx_word' id='word_1_632' title='bbox 1841 1277 1908 1303; x_wconf 72' lang='grc' dir='ltr'>εἶναι</span> 
     </span>
    </p>
   </div>
   <div class='ocr_carea' id='block_1_87' title="bbox 1070 1317 1906 1357">
    <p class='ocr_par' dir='ltr' id='par_1_87' title="bbox 1070 1317 1906 1357">
     <span class='ocr_line' id='line_1_87' title="bbox 1070 1317 1906 1357; baseline 0.001 -10"><span class='ocrx_word' id='word_1_633' title='bbox 1070 1318 1233 1356; x_wconf 74' lang='grc' dir='ltr'>τετύχηκας.</span> <span class='ocrx_word' id='word_1_634' title='bbox 1250 1321 1314 1347; x_wconf 87' lang='grc' dir='ltr'>’Ότι</span> <span class='ocrx_word' id='word_1_635' title='bbox 1342 1317 1450 1354; x_wconf 83' lang='grc' dir='ltr'>δηλαδὴ</span> <span class='ocrx_word' id='word_1_636' title='bbox 1482 1318 1512 1346; x_wconf 83' lang='grc' dir='ltr'>οὐ</span> <span class='ocrx_word' id='word_1_637' title='bbox 1542 1320 1594 1354; x_wconf 77' lang='grc' dir='ltr'>τὴς</span> <span class='ocrx_word' id='word_1_638' title='bbox 1621 1319 1826 1356; x_wconf 63' lang='grc' dir='ltr'>ἐπαινουμένης</span> <span class='ocrx_word' id='word_1_639' title='bbox 1852 1319 1906 1357; x_wconf 65' lang='grc' dir='ltr'>(ἵνα</span> 
     </span>
    </p>
   </div>
   <div class='ocr_carea' id='block_1_88' title="bbox 1072 1362 1905 1401">
    <p class='ocr_par' dir='ltr' id='par_1_88' title="bbox 1072 1362 1905 1401">
     <span class='ocr_line' id='line_1_88' title="bbox 1072 1362 1905 1401; baseline 0.001 -11"><span class='ocrx_word' id='word_1_640' title='bbox 1072 1365 1109 1400; x_wconf 73' lang='grc' dir='ltr'><strong>μή</strong></span> <span class='ocrx_word' id='word_1_641' title='bbox 1135 1374 1161 1391; x_wconf 91' lang='grc' dir='ltr'><strong>τι</strong></span> <span class='ocrx_word' id='word_1_642' title='bbox 1190 1363 1356 1401; x_wconf 76' lang='grc' dir='ltr'>τραχύτερον</span> <span class='ocrx_word' id='word_1_643' title='bbox 1384 1362 1475 1400; x_wconf 76' lang='grc' dir='ltr'>ε’ίπω),</span> <span class='ocrx_word' id='word_1_644' title='bbox 1493 1362 1566 1391; x_wconf 79' lang='grc' dir='ltr'>ἀλλὰ</span> <span class='ocrx_word' id='word_1_645' title='bbox 1588 1366 1668 1391; x_wconf 78' lang='grc' dir='ltr'>τοῦτο</span> <span class='ocrx_word' id='word_1_646' title='bbox 1697 1365 1744 1400; x_wconf 74' lang='grc' dir='ltr'>μὲν</span> <span class='ocrx_word' id='word_1_647' title='bbox 1775 1364 1809 1392; x_wconf 75' lang='grc' dir='ltr'>οὗ</span> <span class='ocrx_word' id='word_1_648' title='bbox 1845 1365 1905 1393; x_wconf 62' lang='lat' dir='ltr'><strong>Nm</strong></span> 
     </span>
    </p>
   </div>
   <div class='ocr_carea' id='block_1_89' title="bbox 1070 1407 1905 1447">
    <p class='ocr_par' dir='ltr' id='par_1_89' title="bbox 1070 1407 1905 1447">
     <span class='ocr_line' id='line_1_89' title="bbox 1070 1407 1905 1447; baseline 0.001 -11"><span class='ocrx_word' id='word_1_649' title='bbox 1070 1409 1140 1436; x_wconf 88' lang='grc' dir='ltr'>πάνυ</span> <span class='ocrx_word' id='word_1_650' title='bbox 1155 1409 1259 1442; x_wconf 84' lang='grc' dir='ltr'>καινὸν,</span> <span class='ocrx_word' id='word_1_651' title='bbox 1275 1408 1300 1435; x_wconf 77' lang='grc' dir='ltr'>ιῗ</span> <span class='ocrx_word' id='word_1_652' title='bbox 1317 1407 1400 1444; x_wconf 74' lang='grc' dir='ltr'>μηδὲν</span> <span class='ocrx_word' id='word_1_653' title='bbox 1418 1407 1454 1435; x_wconf 85' lang='grc' dir='ltr'>ὢν</span> <span class='ocrx_word' id='word_1_654' title='bbox 1472 1407 1619 1445; x_wconf 77' lang='grc' dir='ltr'>ἀλαζονεύῃ</span> <span class='ocrx_word' id='word_1_655' title='bbox 1632 1407 1677 1435; x_wconf 77' lang='grc' dir='ltr'>διὰ</span> <span class='ocrx_word' id='word_1_656' title='bbox 1700 1408 1732 1436; x_wconf 83' lang='grc' dir='ltr'><strong>τὸ</strong></span> <span class='ocrx_word' id='word_1_657' title='bbox 1758 1408 1905 1447; x_wconf 76' lang='grc' dir='ltr'>φίλαυτον,</span> 
     </span>
    </p>
   </div>
   <div class='ocr_carea' id='block_1_90' title="bbox 1071 1452 1710 1492">
    <p class='ocr_par' dir='ltr' id='par_1_90' title="bbox 1071 1452 1710 1492">
     <span class='ocr_line' id='line_1_90' title="bbox 1071 1452 1710 1492; baseline 0 -12"><span class='ocrx_word' id='word_1_658' title='bbox 1071 1454 1085 1480; x_wconf 78' lang='lat'><strong>&#39;6</strong></span> <span class='ocrx_word' id='word_1_659' title='bbox 1099 1455 1156 1484; x_wconf 88' lang='grc' dir='ltr'>τοῖς</span> <span class='ocrx_word' id='word_1_660' title='bbox 1169 1452 1277 1480; x_wconf 80' lang='grc' dir='ltr'>πλείοσι</span> <span class='ocrx_word' id='word_1_661' title='bbox 1291 1455 1344 1480; x_wconf 82' lang='grc' dir='ltr'>τῶν</span> <span class='ocrx_word' id='word_1_662' title='bbox 1358 1452 1508 1490; x_wconf 80' lang='grc' dir='ltr'>ἀνθρώπων</span> <span class='ocrx_word' id='word_1_663' title='bbox 1524 1453 1710 1492; x_wconf 72' lang='grc' dir='ltr'><strong>παραπέφυκε.</strong></span> 
     </span>
    </p>
   </div>
   <div class='ocr_carea' id='block_1_91' title="bbox 1107 1514 1904 1554">
    <p class='ocr_par' dir='ltr' id='par_1_91' title="bbox 1107 1514 1904 1554">
     <span class='ocr_line' id='line_1_91' title="bbox 1107 1514 1904 1554; baseline 0 -10"><span class='ocrx_word' id='word_1_664' title='bbox 1107 1515 1174 1554; x_wconf 83' lang='grc' dir='ltr'>ρλγ’.</span> <span class='ocrx_word' id='word_1_665' title='bbox 1191 1516 1229 1544; x_wconf 85' lang='grc' dir='ltr'>Τὸ</span> <span class='ocrx_word' id='word_1_666' title='bbox 1254 1515 1282 1543; x_wconf 73' lang='grc' dir='ltr'>δὲ</span> <span class='ocrx_word' id='word_1_667' title='bbox 1304 1515 1349 1542; x_wconf 86' lang='grc' dir='ltr'><strong>καὶ</strong></span> <span class='ocrx_word' id='word_1_668' title='bbox 1377 1516 1414 1551; x_wconf 86' lang='grc' dir='ltr'>μή</span> <span class='ocrx_word' id='word_1_669' title='bbox 1441 1516 1575 1551; x_wconf 84' lang='grc' dir='ltr'>νομίζειν,</span> <span class='ocrx_word' id='word_1_670' title='bbox 1589 1514 1662 1542; x_wconf 79' lang='grc' dir='ltr'>ἀλλὰ</span> <span class='ocrx_word' id='word_1_671' title='bbox 1685 1514 1787 1552; x_wconf 84' lang='grc' dir='ltr'>κρίνειν</span> <span class='ocrx_word' id='word_1_672' title='bbox 1811 1516 1850 1547; x_wconf 80' lang='grc' dir='ltr'>ὡς</span> <span class='ocrx_word' id='word_1_673' title='bbox 1878 1516 1904 1544; x_wconf 66' lang='grc' dir='ltr'>ὗν</span> 
     </span>
    </p>
   </div>
   <div class='ocr_carea' id='block_1_92' title="bbox 1071 1557 1904 1599">
    <p class='ocr_par' dir='ltr' id='par_1_92' title="bbox 1071 1557 1904 1599">
     <span class='ocr_line' id='line_1_92' title="bbox 1071 1557 1904 1599; baseline 0.001 -12"><span class='ocrx_word' id='word_1_674' title='bbox 1071 1559 1257 1599; x_wconf 72' lang='grc' dir='ltr'>πληροφορίᾳ,</span> <span class='ocrx_word' id='word_1_675' title='bbox 1273 1559 1314 1587; x_wconf 78' lang='grc' dir='ltr'><strong>ὅτι</strong></span> <span class='ocrx_word' id='word_1_676' title='bbox 1343 1557 1432 1590; x_wconf 74' lang='grc' dir='ltr'>οὐδεὶς</span> <span class='ocrx_word' id='word_1_677' title='bbox 1461 1558 1553 1597; x_wconf 70' lang='grc' dir='ltr'>ἕτερος</span> <span class='ocrx_word' id='word_1_678' title='bbox 1582 1559 1646 1597; x_wconf 72' lang='grc' dir='ltr'>ὑπὲρ</span> <span class='ocrx_word' id='word_1_679' title='bbox 1673 1559 1804 1593; x_wconf 73' lang='grc' dir='ltr'>σέ,ἁλλὰ</span> <span class='ocrx_word' id='word_1_680' title='bbox 1833 1571 1904 1597; x_wconf 82' lang='grc' dir='ltr'>συμ-</span> 
     </span>
    </p>
   </div>
   <div class='ocr_carea' id='block_1_93' title="bbox 1071 1601 1904 1642">
    <p class='ocr_par' dir='ltr' id='par_1_93' title="bbox 1071 1601 1904 1642">
     <span class='ocr_line' id='line_1_93' title="bbox 1071 1601 1904 1642; baseline 0 -10"><span class='ocrx_word' id='word_1_681' title='bbox 1071 1604 1217 1641; x_wconf 79' lang='grc' dir='ltr'>πρωτεύων</span> <span class='ocrx_word' id='word_1_682' title='bbox 1248 1603 1310 1631; x_wconf 67' lang='grc' dir='ltr'>οὐδὲ</span> <span class='ocrx_word' id='word_1_683' title='bbox 1335 1604 1379 1631; x_wconf 84' lang='grc' dir='ltr'>τὸν</span> <span class='ocrx_word' id='word_1_684' title='bbox 1416 1603 1604 1641; x_wconf 75' lang='grc' dir='ltr'>δευτερεύοντα</span> <span class='ocrx_word' id='word_1_685' title='bbox 1632 1601 1714 1642; x_wconf 74' lang='grc' dir='ltr'>ἔχεις,</span> <span class='ocrx_word' id='word_1_686' title='bbox 1744 1604 1776 1631; x_wconf 79' lang='grc' dir='ltr'><strong>τὸ</strong></span> <span class='ocrx_word' id='word_1_687' title='bbox 1812 1606 1904 1642; x_wconf 78' lang='grc' dir='ltr'>παρα-</span> 
     </span>
    </p>
   </div>
   <div class='ocr_carea' id='block_1_94' title="bbox 1070 1648 1903 1686">
    <p class='ocr_par' dir='ltr' id='par_1_94' title="bbox 1070 1648 1903 1686">
     <span class='ocr_line' id='line_1_94' title="bbox 1070 1648 1903 1686; baseline 0 -10"><span class='ocrx_word' id='word_1_688' title='bbox 1070 1648 1146 1686; x_wconf 83' lang='grc' dir='ltr'>δοξον</span> <span class='ocrx_word' id='word_1_689' title='bbox 1174 1651 1226 1676; x_wconf 80' lang='grc' dir='ltr'>ποῦ</span> <span class='ocrx_word' id='word_1_690' title='bbox 1256 1659 1320 1675; x_wconf 84' lang='grc' dir='ltr'>ποτε</span> <span class='ocrx_word' id='word_1_691' title='bbox 1348 1648 1496 1685; x_wconf 72' lang='grc' dir='ltr'>παρανοίας</span> <span class='ocrx_word' id='word_1_692' title='bbox 1527 1648 1713 1685; x_wconf 81' lang='grc' dir='ltr'><strong>θήσομαι;’0</strong></span> <span class='ocrx_word' id='word_1_693' title='bbox 1741 1649 1903 1685; x_wconf 75' lang='grc' dir='ltr'>καταμόνας</span> 
     </span>
    </p>
   </div>
   <div class='ocr_carea' id='block_1_95' title="bbox 1069 1692 1904 1731">
    <p class='ocr_par' dir='ltr' id='par_1_95' title="bbox 1069 1692 1904 1731">
     <span class='ocr_line' id='line_1_95' title="bbox 1069 1692 1904 1731; baseline 0 -10"><span class='ocrx_word' id='word_1_694' title='bbox 1069 1694 1194 1724; x_wconf 81' lang='grc' dir='ltr'>ναυτικὸς</span> <span class='ocrx_word' id='word_1_695' title='bbox 1221 1693 1378 1731; x_wconf 84' lang='grc' dir='ltr'>ἀπαρνεῐται</span> <span class='ocrx_word' id='word_1_696' title='bbox 1407 1693 1441 1719; x_wconf 78' lang='grc' dir='ltr'><strong>τὰ</strong></span> <span class='ocrx_word' id='word_1_697' title='bbox 1469 1693 1605 1720; x_wconf 76' lang='grc' dir='ltr'>τακτικά·</span> <span class='ocrx_word' id='word_1_698' title='bbox 1632 1693 1646 1719; x_wconf 86' lang='grc' dir='ltr'><strong>ὁ</strong></span> <span class='ocrx_word' id='word_1_699' title='bbox 1675 1692 1734 1729; x_wconf 81' lang='grc' dir='ltr'><strong>περί</strong></span> <span class='ocrx_word' id='word_1_700' title='bbox 1763 1693 1798 1720; x_wconf 69' lang='grc' dir='ltr'><strong>τὰ</strong></span> <span class='ocrx_word' id='word_1_701' title='bbox 1828 1693 1904 1721; x_wconf 72' lang='grc' dir='ltr'>ὅπλα</span> 
     </span>
    </p>
   </div>
   <div class='ocr_carea' id='block_1_96' title="bbox 1070 1734 1902 1775">
    <p class='ocr_par' dir='ltr' id='par_1_96' title="bbox 1070 1734 1902 1775">
     <span class='ocr_line' id='line_1_96' title="bbox 1070 1734 1902 1775; baseline 0 -9"><span class='ocrx_word' id='word_1_702' title='bbox 1070 1738 1143 1766; x_wconf 85' lang='grc' dir='ltr'>ὀκνεῖ</span> <span class='ocrx_word' id='word_1_703' title='bbox 1171 1737 1371 1775; x_wconf 81' lang='grc' dir='ltr'>θαλαττουργὸς</span> <span class='ocrx_word' id='word_1_704' title='bbox 1401 1735 1582 1774; x_wconf 73' lang='grc' dir='ltr'>ἐπιλέγεσθαι·</span> <span class='ocrx_word' id='word_1_705' title='bbox 1608 1737 1622 1764; x_wconf 85' lang='grc' dir='ltr'><strong>ὁ</strong></span> <span class='ocrx_word' id='word_1_706' title='bbox 1650 1734 1902 1774; x_wconf 70' lang='grc' dir='ltr'>παραϐεϐλημένος</span> 
     </span>
    </p>
   </div>
   <div class='ocr_carea' id='block_1_97' title="bbox 1068 1781 1899 1820">
    <p class='ocr_par' dir='ltr' id='par_1_97' title="bbox 1068 1781 1899 1820">
     <span class='ocr_line' id='line_1_97' title="bbox 1068 1781 1899 1820; baseline 0.001 -11"><span class='ocrx_word' id='word_1_707' title='bbox 1068 1783 1153 1820; x_wconf 72' lang='grc' dir='ltr'>τέχνῃ</span> <span class='ocrx_word' id='word_1_708' title='bbox 1169 1783 1306 1819; x_wconf 83' lang='grc' dir='ltr'>γεωργικῇ</span> <span class='ocrx_word' id='word_1_709' title='bbox 1336 1781 1390 1818; x_wconf 77' lang='grc' dir='ltr'>οὐχ</span> <span class='ocrx_word' id='word_1_710' title='bbox 1418 1782 1591 1818; x_wconf 80' lang='grc' dir='ltr'>ὑπισχνεῖταν</span> <span class='ocrx_word' id='word_1_711' title='bbox 1617 1782 1666 1816; x_wconf 83' lang='grc' dir='ltr'><strong>τήν</strong></span> <span class='ocrx_word' id='word_1_712' title='bbox 1692 1783 1866 1817; x_wconf 77' lang='grc' dir='ltr'>τεκτονικήν·</span> <span class='ocrx_word' id='word_1_713' title='bbox 1885 1783 1899 1810; x_wconf 82' lang='grc' dir='ltr'><strong>ὁ</strong></span> 
     </span>
    </p>
   </div>
   <div class='ocr_carea' id='block_1_98' title="bbox 1068 1825 1902 1864">
    <p class='ocr_par' dir='ltr' id='par_1_98' title="bbox 1068 1825 1902 1864">
     <span class='ocr_line' id='line_1_98' title="bbox 1068 1825 1902 1864; baseline -0.001 -10"><span class='ocrx_word' id='word_1_714' title='bbox 1068 1826 1168 1854; x_wconf 76' lang='grc' dir='ltr'>τέκτων</span> <span class='ocrx_word' id='word_1_715' title='bbox 1184 1826 1277 1864; x_wconf 73' lang='grc' dir='ltr'>ἀφυῶς</span> <span class='ocrx_word' id='word_1_716' title='bbox 1310 1825 1382 1863; x_wconf 78' lang='grc' dir='ltr'>ἔχειν</span> <span class='ocrx_word' id='word_1_717' title='bbox 1407 1828 1456 1853; x_wconf 78' lang='grc' dir='ltr'>τοῦ</span> <span class='ocrx_word' id='word_1_718' title='bbox 1475 1829 1606 1863; x_wconf 81' lang='grc' dir='ltr'>γεωργεῖν</span> <span class='ocrx_word' id='word_1_719' title='bbox 1637 1825 1782 1863; x_wconf 80' lang='grc' dir='ltr'>ὁμολογεῖ.</span> <span class='ocrx_word' id='word_1_720' title='bbox 1798 1828 1846 1857; x_wconf 87' lang='grc' dir='ltr'>Τίς</span> <span class='ocrx_word' id='word_1_721' title='bbox 1875 1825 1902 1853; x_wconf 84' lang='grc' dir='ltr'>δ’</span> 
     </span>
    </p>
   </div>
   <div class='ocr_carea' id='block_1_99' title="bbox 1069 1869 1900 1908">
    <p class='ocr_par' dir='ltr' id='par_1_99' title="bbox 1069 1869 1900 1908">
     <span class='ocr_line' id='line_1_99' title="bbox 1069 1869 1900 1908; baseline -0.001 -10"><span class='ocrx_word' id='word_1_722' title='bbox 1069 1870 1099 1898; x_wconf 80' lang='grc' dir='ltr'><strong>ἂν</strong></span> <span class='ocrx_word' id='word_1_723' title='bbox 1112 1869 1224 1901; x_wconf 76' lang='grc' dir='ltr'>ἕκαστος</span> <span class='ocrx_word' id='word_1_724' title='bbox 1239 1873 1292 1898; x_wconf 79' lang='grc' dir='ltr'><strong>τῶν</strong></span> <span class='ocrx_word' id='word_1_725' title='bbox 1323 1869 1416 1898; x_wconf 79' lang='grc' dir='ltr'>ἄλλων</span> <span class='ocrx_word' id='word_1_726' title='bbox 1446 1870 1606 1907; x_wconf 77' lang='grc' dir='ltr'>ἐπιστήμων</span> <span class='ocrx_word' id='word_1_727' title='bbox 1634 1870 1790 1908; x_wconf 73' lang='grc' dir='ltr'>ὑπόσχηται</span> <span class='ocrx_word' id='word_1_728' title='bbox 1819 1871 1900 1906; x_wconf 79' lang='grc' dir='ltr'>εἶναι,</span> 
     </span>
    </p>
   </div>
   <div class='ocr_carea' id='block_1_100' title="bbox 1069 1914 1901 1953">
    <p class='ocr_par' dir='ltr' id='par_1_100' title="bbox 1069 1914 1901 1953">
     <span class='ocr_line' id='line_1_100' title="bbox 1069 1914 1901 1953; baseline -0.001 -10"><span class='ocrx_word' id='word_1_729' title='bbox 1069 1916 1105 1942; x_wconf 82' lang='grc' dir='ltr'>ὧν</span> <span class='ocrx_word' id='word_1_730' title='bbox 1121 1916 1171 1943; x_wconf 79' lang='grc' dir='ltr'>οὐκ</span> <span class='ocrx_word' id='word_1_731' title='bbox 1187 1914 1256 1942; x_wconf 73' lang='grc' dir='ltr'>οἶδεν</span> <span class='ocrx_word' id='word_1_732' title='bbox 1270 1924 1276 1949; x_wconf 89' lang='grc'><strong>;</strong></span> <span class='ocrx_word' id='word_1_733' title='bbox 1294 1914 1329 1942; x_wconf 75' lang='grc' dir='ltr'>Οὐ</span> <span class='ocrx_word' id='word_1_734' title='bbox 1346 1914 1477 1952; x_wconf 80' lang='grc' dir='ltr'>χαλκεὺς,</span> <span class='ocrx_word' id='word_1_735' title='bbox 1494 1915 1528 1942; x_wconf 83' lang='grc' dir='ltr'>οὐ</span> <span class='ocrx_word' id='word_1_736' title='bbox 1547 1915 1697 1952; x_wconf 79' lang='grc' dir='ltr'>ζωγράφος,</span> <span class='ocrx_word' id='word_1_737' title='bbox 1713 1915 1744 1942; x_wconf 80' lang='grc' dir='ltr'>οὐ</span> <span class='ocrx_word' id='word_1_738' title='bbox 1773 1914 1901 1953; x_wconf 83' lang='grc' dir='ltr'>λυρικὸς,</span> 
     </span>
    </p>
   </div>
   <div class='ocr_carea' id='block_1_101' title="bbox 1069 1957 1901 1995">
    <p class='ocr_par' dir='ltr' id='par_1_101' title="bbox 1069 1957 1901 1995">
     <span class='ocr_line' id='line_1_101' title="bbox 1069 1957 1901 1995; baseline -0.001 -8"><span class='ocrx_word' id='word_1_739' title='bbox 1069 1961 1119 1987; x_wconf 79' lang='grc' dir='ltr'>οὐκ</span> <span class='ocrx_word' id='word_1_740' title='bbox 1142 1958 1228 1991; x_wconf 75' lang='grc' dir='ltr'>ἄλλος</span> <span class='ocrx_word' id='word_1_741' title='bbox 1253 1957 1351 1990; x_wconf 77' lang='grc' dir='ltr'>οὐδείς.</span> <span class='ocrx_word' id='word_1_742' title='bbox 1380 1959 1428 1986; x_wconf 82' lang='grc' dir='ltr'><strong>Καὶ</strong></span> <span class='ocrx_word' id='word_1_743' title='bbox 1458 1959 1508 1986; x_wconf 84' lang='grc' dir='ltr'>οὐκ</span> <span class='ocrx_word' id='word_1_744' title='bbox 1536 1959 1601 1986; x_wconf 84' lang='grc' dir='ltr'>αὐτὸ</span> <span class='ocrx_word' id='word_1_745' title='bbox 1632 1959 1724 1995; x_wconf 84' lang='grc' dir='ltr'>μόνον’</span> <span class='ocrx_word' id='word_1_746' title='bbox 1749 1958 1826 1987; x_wconf 66' lang='grc' dir='ltr'><strong>ἀλλά</strong></span> <span class='ocrx_word' id='word_1_747' title='bbox 1852 1960 1901 1987; x_wconf 75' lang='grc' dir='ltr'><strong>καὶ</strong></span> 
     </span>
    </p>
   </div>
   <div class='ocr_carea' id='block_1_102' title="bbox 1067 2003 1901 2042">
    <p class='ocr_par' dir='ltr' id='par_1_102' title="bbox 1067 2003 1901 2042">
     <span class='ocr_line' id='line_1_102' title="bbox 1067 2003 1901 2042; baseline -0.001 -10"><span class='ocrx_word' id='word_1_748' title='bbox 1067 2004 1131 2035; x_wconf 78' lang='grc' dir='ltr'>τοὺς</span> <span class='ocrx_word' id='word_1_749' title='bbox 1147 2004 1207 2041; x_wconf 87' lang='grc' dir='ltr'>περὶ</span> <span class='ocrx_word' id='word_1_750' title='bbox 1224 2003 1256 2031; x_wconf 73' lang='grc' dir='ltr'><strong>τὰ</strong></span> <span class='ocrx_word' id='word_1_751' title='bbox 1271 2003 1360 2042; x_wconf 75' lang='grc' dir='ltr'>σφίσιν</span> <span class='ocrx_word' id='word_1_752' title='bbox 1383 2003 1467 2039; x_wconf 78' lang='grc' dir='ltr'>ὅμοια</span> <span class='ocrx_word' id='word_1_753' title='bbox 1479 2003 1605 2042; x_wconf 78' lang='grc' dir='ltr'>τεχνίτας</span> <span class='ocrx_word' id='word_1_754' title='bbox 1631 2004 1659 2030; x_wconf 78' lang='lat' dir='ltr'><strong>oi</strong></span> <span class='ocrx_word' id='word_1_755' title='bbox 1683 2005 1804 2031; x_wconf 80' lang='grc' dir='ltr'>τοιοῦτοι</span> <span class='ocrx_word' id='word_1_756' title='bbox 1835 2005 1901 2031; x_wconf 74' lang='grc' dir='ltr'>θαυ-</span> 
     </span>
    </p>
   </div>
   <div class='ocr_carea' id='block_1_103' title="bbox 1071 2046 1900 2085">
    <p class='ocr_par' dir='ltr' id='par_1_103' title="bbox 1071 2046 1900 2085">
     <span class='ocr_line' id='line_1_103' title="bbox 1071 2046 1900 2085; baseline -0.001 -9"><span class='ocrx_word' id='word_1_757' title='bbox 1071 2049 1211 2085; x_wconf 76' lang='grc' dir='ltr'>μάζουσιν,</span> <span class='ocrx_word' id='word_1_758' title='bbox 1229 2047 1256 2076; x_wconf 77' lang='grc' dir='ltr'><strong>εἷ’</strong></span> <span class='ocrx_word' id='word_1_759' title='bbox 1281 2059 1334 2075; x_wconf 87' lang='grc' dir='ltr'><strong>που</strong></span> <span class='ocrx_word' id='word_1_760' title='bbox 1355 2048 1461 2084; x_wconf 82' lang='grc' dir='ltr'>καιρὸς,</span> <span class='ocrx_word' id='word_1_761' title='bbox 1489 2049 1534 2075; x_wconf 86' lang='grc' dir='ltr'><strong>καὶ</strong></span> <span class='ocrx_word' id='word_1_762' title='bbox 1564 2050 1649 2076; x_wconf 82' lang='grc' dir='ltr'>ταῦτα</span> <span class='ocrx_word' id='word_1_763' title='bbox 1679 2046 1749 2084; x_wconf 66' lang='grc' dir='ltr'>μηδὲ</span> <span class='ocrx_word' id='word_1_764' title='bbox 1779 2048 1806 2080; x_wconf 75' lang='grc' dir='ltr'>ἐς</span> <span class='ocrx_word' id='word_1_765' title='bbox 1837 2047 1900 2076; x_wconf 82' lang='grc' dir='ltr'>λίαν</span> 
     </span>
    </p>
   </div>
   <div class='ocr_carea' id='block_1_104' title="bbox 1069 2091 1903 2130">
    <p class='ocr_par' dir='ltr' id='par_1_104' title="bbox 1069 2091 1903 2130">
     <span class='ocr_line' id='line_1_104' title="bbox 1069 2091 1903 2130; baseline -0.001 -10"><span class='ocrx_word' id='word_1_766' title='bbox 1069 2092 1231 2124; x_wconf 76' lang='grc' dir='ltr'>σπουδαίους</span> <span class='ocrx_word' id='word_1_767' title='bbox 1259 2091 1337 2124; x_wconf 75' lang='grc' dir='ltr'>ὄντας</span> <span class='ocrx_word' id='word_1_768' title='bbox 1367 2091 1410 2119; x_wconf 81' lang='grc' dir='ltr'><strong>ἐπὶ</strong></span> <span class='ocrx_word' id='word_1_769' title='bbox 1439 2091 1571 2129; x_wconf 82' lang='grc' dir='ltr'>μεγάλοις</span> <span class='ocrx_word' id='word_1_770' title='bbox 1604 2093 1663 2124; x_wconf 82' lang='grc' dir='ltr'>καθ’</span> <span class='ocrx_word' id='word_1_771' title='bbox 1679 2093 1831 2130; x_wconf 75' lang='grc' dir='ltr'>ὑπεροχήν.</span> <span class='ocrx_word' id='word_1_772' title='bbox 1862 2092 1903 2120; x_wconf 71' lang='grc' dir='ltr'><strong>Συ</strong></span> 
     </span>
    </p>
   </div>
   <div class='ocr_carea' id='block_1_105' title="bbox 1070 2135 1903 2175">
    <p class='ocr_par' dir='ltr' id='par_1_105' title="bbox 1070 2135 1903 2175">
     <span class='ocr_line' id='line_1_105' title="bbox 1070 2135 1903 2175; baseline -0.001 -10"><span class='ocrx_word' id='word_1_773' title='bbox 1070 2136 1098 2165; x_wconf 72' lang='grc' dir='ltr'>δὲ</span> <span class='ocrx_word' id='word_1_774' title='bbox 1113 2136 1175 2165; x_wconf 71' lang='grc' dir='ltr'>οὔτε</span> <span class='ocrx_word' id='word_1_775' title='bbox 1202 2136 1302 2175; x_wconf 77' lang='grc' dir='ltr'>ἔργοις,</span> <span class='ocrx_word' id='word_1_776' title='bbox 1319 2135 1382 2164; x_wconf 78' lang='grc' dir='ltr'>οὕτε</span> <span class='ocrx_word' id='word_1_777' title='bbox 1409 2136 1503 2174; x_wconf 84' lang='grc' dir='ltr'>λόγοις</span> <span class='ocrx_word' id='word_1_778' title='bbox 1533 2136 1640 2173; x_wconf 83' lang='grc' dir='ltr'>ἀξίωμα</span> <span class='ocrx_word' id='word_1_779' title='bbox 1668 2136 1809 2173; x_wconf 81' lang='grc' dir='ltr'>πλουτῶν,</span> <span class='ocrx_word' id='word_1_780' title='bbox 1835 2137 1903 2165; x_wconf 77' lang='grc' dir='ltr'>ἀπο-</span> 
     </span>
    </p>
   </div>
   <div class='ocr_carea' id='block_1_106' title="bbox 1067 2181 1902 2219">
    <p class='ocr_par' dir='ltr' id='par_1_106' title="bbox 1067 2181 1902 2219">
     <span class='ocr_line' id='line_1_106' title="bbox 1067 2181 1902 2219; baseline 0 -11"><span class='ocrx_word' id='word_1_781' title='bbox 1067 2185 1174 2218; x_wconf 65' lang='grc' dir='ltr'>τολμᾷς</span> <span class='ocrx_word' id='word_1_782' title='bbox 1205 2181 1396 2219; x_wconf 80' lang='grc' dir='ltr'>ὑπερπίρεοθαι</span> <span class='ocrx_word' id='word_1_783' title='bbox 1424 2182 1540 2208; x_wconf 62' lang='grc' dir='ltr'>πάντων</span> <span class='ocrx_word' id='word_1_784' title='bbox 1558 2181 1602 2208; x_wconf 84' lang='grc' dir='ltr'><strong>καὶ</strong></span> <span class='ocrx_word' id='word_1_785' title='bbox 1629 2182 1679 2216; x_wconf 79' lang='grc' dir='ltr'><strong>τήν</strong></span> <span class='ocrx_word' id='word_1_786' title='bbox 1711 2181 1806 2219; x_wconf 71' lang='grc' dir='ltr'>πρᾶξιν</span> <span class='ocrx_word' id='word_1_787' title='bbox 1838 2181 1902 2209; x_wconf 76' lang='grc' dir='ltr'>ἐπι-</span> 
     </span>
    </p>
   </div>
   <div class='ocr_carea' id='block_1_107' title="bbox 1069 2224 1903 2264">
    <p class='ocr_par' dir='ltr' id='par_1_107' title="bbox 1069 2224 1903 2264">
     <span class='ocr_line' id='line_1_107' title="bbox 1069 2224 1903 2264; baseline -0.001 -11"><span class='ocrx_word' id='word_1_788' title='bbox 1069 2225 1229 2264; x_wconf 79' lang='grc' dir='ltr'>λεγόμενος,</span> <span class='ocrx_word' id='word_1_789' title='bbox 1258 2226 1303 2253; x_wconf 80' lang='grc' dir='ltr'><strong>καὶ</strong></span> <span class='ocrx_word' id='word_1_790' title='bbox 1328 2225 1394 2253; x_wconf 60' lang='lat' dir='ltr'><strong>addis</strong></span> <span class='ocrx_word' id='word_1_791' title='bbox 1420 2224 1504 2260; x_wconf 80' lang='grc' dir='ltr'>αὐτῆς</span> <span class='ocrx_word' id='word_1_792' title='bbox 1531 2225 1683 2263; x_wconf 75' lang='grc' dir='ltr'>εὐστοχῶν,</span> <span class='ocrx_word' id='word_1_793' title='bbox 1709 2224 1775 2253; x_wconf 82' lang='grc' dir='ltr'>ἀλλ’</span> <span class='ocrx_word' id='word_1_794' title='bbox 1801 2225 1840 2256; x_wconf 76' lang='grc' dir='ltr'><strong>εἷς</strong></span> <span class='ocrx_word' id='word_1_795' title='bbox 1867 2226 1903 2253; x_wconf 84' lang='grc' dir='ltr'>τὸ</span> 
     </span>
    </p>
   </div>
   <div class='ocr_carea' id='block_1_108' title="bbox 1070 2269 1901 2307">
    <p class='ocr_par' dir='ltr' id='par_1_108' title="bbox 1070 2269 1901 2307">
     <span class='ocr_line' id='line_1_108' title="bbox 1070 2269 1901 2307; baseline -0.001 -10"><span class='ocrx_word' id='word_1_796' title='bbox 1070 2270 1194 2307; x_wconf 80' lang='grc' dir='ltr'>παράπαν</span> <span class='ocrx_word' id='word_1_797' title='bbox 1235 2269 1400 2297; x_wconf 81' lang='grc' dir='ltr'>διεκπίπτων</span> <span class='ocrx_word' id='word_1_798' title='bbox 1439 2269 1546 2304; x_wconf 76' lang='grc' dir='ltr'>αὐτῆς,</span> <span class='ocrx_word' id='word_1_799' title='bbox 1574 2270 1606 2297; x_wconf 86' lang='grc' dir='ltr'>οὐ</span> <span class='ocrx_word' id='word_1_800' title='bbox 1638 2269 1721 2306; x_wconf 89' lang='grc' dir='ltr'>μόνον</span> <span class='ocrx_word' id='word_1_801' title='bbox 1751 2269 1777 2297; x_wconf 85' lang='grc' dir='ltr'>ἐν</span> <span class='ocrx_word' id='word_1_802' title='bbox 1808 2269 1901 2298; x_wconf 76' lang='grc' dir='ltr'>οὐδενὶ</span> 
     </span>
    </p>
   </div>
   <div class='ocr_carea' id='block_1_109' title="bbox 1070 2312 1902 2352">
    <p class='ocr_par' dir='ltr' id='par_1_109' title="bbox 1070 2312 1902 2352">
     <span class='ocr_line' id='line_1_109' title="bbox 1070 2312 1902 2352; baseline 0 -11"><span class='ocrx_word' id='word_1_803' title='bbox 1070 2313 1132 2342; x_wconf 68' lang='grc' dir='ltr'>οὐδὲ</span> <span class='ocrx_word' id='word_1_804' title='bbox 1158 2314 1204 2342; x_wconf 83' lang='grc' dir='ltr'><strong>τὸν</strong></span> <span class='ocrx_word' id='word_1_805' title='bbox 1235 2314 1320 2352; x_wconf 87' lang='grc' dir='ltr'>λόγον</span> <span class='ocrx_word' id='word_1_806' title='bbox 1335 2314 1428 2348; x_wconf 74' lang='grc' dir='ltr'>τίθης,</span> <span class='ocrx_word' id='word_1_807' title='bbox 1442 2313 1515 2342; x_wconf 67' lang='grc' dir='ltr'>ἀλλὰ</span> <span class='ocrx_word' id='word_1_808' title='bbox 1529 2314 1573 2341; x_wconf 78' lang='grc' dir='ltr'><strong>καὶ</strong></span> <span class='ocrx_word' id='word_1_809' title='bbox 1593 2312 1739 2346; x_wconf 78' lang='grc' dir='ltr'>ἐκϐάλλεις</span> <span class='ocrx_word' id='word_1_810' title='bbox 1753 2314 1835 2342; x_wconf 79' lang='grc' dir='ltr'>αὐτὸν</span> <span class='ocrx_word' id='word_1_811' title='bbox 1850 2316 1902 2342; x_wconf 74' lang='grc' dir='ltr'>τοῦ</span> 
     </span>
    </p>
   </div>
   <div class='ocr_carea' id='block_1_110' title="bbox 1069 2357 1902 2398">
    <p class='ocr_par' dir='ltr' id='par_1_110' title="bbox 1069 2357 1902 2398">
     <span class='ocr_line' id='line_1_110' title="bbox 1069 2357 1902 2398; baseline 0 -12"><span class='ocrx_word' id='word_1_812' title='bbox 1069 2359 1136 2386; x_wconf 80' lang='grc' dir='ltr'>κατὰ</span> <span class='ocrx_word' id='word_1_813' title='bbox 1150 2359 1178 2386; x_wconf 73' lang='grc' dir='ltr'><strong>σὲ</strong></span> <span class='ocrx_word' id='word_1_814' title='bbox 1205 2359 1276 2397; x_wconf 83' lang='grc' dir='ltr'>βίου,</span> <span class='ocrx_word' id='word_1_815' title='bbox 1293 2360 1343 2386; x_wconf 77' lang='grc' dir='ltr'>ὅσα</span> <span class='ocrx_word' id='word_1_816' title='bbox 1365 2359 1409 2386; x_wconf 79' lang='grc' dir='ltr'><strong>καὶ</strong></span> <span class='ocrx_word' id='word_1_817' title='bbox 1434 2359 1563 2398; x_wconf 74' lang='grc' dir='ltr'>συρφετὸν</span> <span class='ocrx_word' id='word_1_818' title='bbox 1587 2357 1663 2386; x_wconf 71' lang='grc' dir='ltr'>οἳκου</span> <span class='ocrx_word' id='word_1_819' title='bbox 1688 2357 1829 2396; x_wconf 76' lang='grc' dir='ltr'>λαμπροῦ.</span> <span class='ocrx_word' id='word_1_820' title='bbox 1853 2359 1902 2386; x_wconf 77' lang='grc' dir='ltr'>Διὸ</span> 
     </span>
    </p>
   </div>
   <div class='ocr_carea' id='block_1_111' title="bbox 1069 2401 1900 2441">
    <p class='ocr_par' dir='ltr' id='par_1_111' title="bbox 1069 2401 1900 2441">
     <span class='ocr_line' id='line_1_111' title="bbox 1069 2401 1900 2441; baseline 0.001 -11"><span class='ocrx_word' id='word_1_821' title='bbox 1069 2404 1114 2430; x_wconf 84' lang='grc' dir='ltr'><strong>καὶ</strong></span> <span class='ocrx_word' id='word_1_822' title='bbox 1143 2404 1243 2434; x_wconf 78' lang='grc' dir='ltr'>πάντας</span> <span class='ocrx_word' id='word_1_823' title='bbox 1272 2403 1469 2441; x_wconf 80' lang='grc' dir='ltr'>ἐκτρεπόμενος</span> <span class='ocrx_word' id='word_1_824' title='bbox 1497 2403 1561 2435; x_wconf 81' lang='grc' dir='ltr'>τοὺς</span> <span class='ocrx_word' id='word_1_825' title='bbox 1590 2401 1643 2431; x_wconf 73' lang='grc' dir='ltr'><strong>ἔσω</strong></span> <span class='ocrx_word' id='word_1_826' title='bbox 1665 2402 1762 2441; x_wconf 85' lang='grc' dir='ltr'>λόγου,</span> <span class='ocrx_word' id='word_1_827' title='bbox 1778 2404 1824 2431; x_wconf 80' lang='grc' dir='ltr'><strong>καὶ</strong></span> <span class='ocrx_word' id='word_1_828' title='bbox 1849 2405 1900 2438; x_wconf 74' lang='grc' dir='ltr'><strong>τήν</strong></span> 
     </span>
    </p>
   </div>
   <div class='ocr_carea' id='block_1_112' title="bbox 1070 2446 1901 2487">
    <p class='ocr_par' dir='ltr' id='par_1_112' title="bbox 1070 2446 1901 2487">
     <span class='ocr_line' id='line_1_112' title="bbox 1070 2446 1901 2487; baseline -0.001 -11"><span class='ocrx_word' id='word_1_829' title='bbox 1070 2447 1220 2486; x_wconf 69' lang='grc' dir='ltr'>λογιότητα</span> <span class='ocrx_word' id='word_1_830' title='bbox 1244 2447 1456 2485; x_wconf 78' lang='grc' dir='ltr'>παρωθούμενος</span> <span class='ocrx_word' id='word_1_831' title='bbox 1481 2446 1526 2475; x_wconf 81' lang='grc' dir='ltr'><strong>διὰ</strong></span> <span class='ocrx_word' id='word_1_832' title='bbox 1551 2450 1638 2487; x_wconf 81' lang='grc' dir='ltr'>τῦφον</span> <span class='ocrx_word' id='word_1_833' title='bbox 1667 2449 1712 2476; x_wconf 85' lang='grc' dir='ltr'><strong>καὶ</strong></span> <span class='ocrx_word' id='word_1_834' title='bbox 1739 2448 1901 2483; x_wconf 74' lang='grc' dir='ltr'>ἀλαζονείαν</span> 
     </span>
    </p>
   </div>
   <div class='ocr_carea' id='block_1_113' title="bbox 1070 2490 1900 2531">
    <p class='ocr_par' dir='ltr' id='par_1_113' title="bbox 1070 2490 1900 2531">
     <span class='ocr_line' id='line_1_113' title="bbox 1070 2490 1900 2531; baseline 0 -11"><span class='ocrx_word' id='word_1_835' title='bbox 1070 2490 1306 2530; x_wconf 75' lang='grc' dir='ltr'>ὑπερϐάλλουσαν,</span> <span class='ocrx_word' id='word_1_836' title='bbox 1333 2492 1527 2530; x_wconf 80' lang='grc' dir='ltr'>ἀποπροσποιῇ</span> <span class='ocrx_word' id='word_1_837' title='bbox 1571 2493 1617 2520; x_wconf 81' lang='grc' dir='ltr'><strong>καὶ</strong></span> <span class='ocrx_word' id='word_1_838' title='bbox 1653 2493 1717 2524; x_wconf 84' lang='grc' dir='ltr'>τοὺς</span> <span class='ocrx_word' id='word_1_839' title='bbox 1746 2493 1900 2531; x_wconf 80' lang='grc' dir='ltr'>ἀρχιερεῖς·</span> 
     </span>
    </p>
   </div>
   <div class='ocr_carea' id='block_1_114' title="bbox 1070 2535 1900 2575">
    <p class='ocr_par' dir='ltr' id='par_1_114' title="bbox 1070 2535 1900 2575">
     <span class='ocr_line' id='line_1_114' title="bbox 1070 2535 1900 2575; baseline 0 -11"><span class='ocrx_word' id='word_1_840' title='bbox 1070 2537 1127 2573; x_wconf 76' lang='grc' dir='ltr'><strong>ἅμα</strong></span> <span class='ocrx_word' id='word_1_841' title='bbox 1155 2538 1324 2575; x_wconf 80' lang='grc' dir='ltr'>κειράμενος,</span> <span class='ocrx_word' id='word_1_842' title='bbox 1353 2538 1397 2564; x_wconf 86' lang='grc' dir='ltr'>οἷα</span> <span class='ocrx_word' id='word_1_843' title='bbox 1425 2539 1492 2564; x_wconf 80' lang='grc' dir='ltr'>Θεοῦ</span> <span class='ocrx_word' id='word_1_844' title='bbox 1532 2535 1670 2575; x_wconf 81' lang='grc' dir='ltr'>πρόϐατον</span> <span class='ocrx_word' id='word_1_845' title='bbox 1700 2537 1772 2573; x_wconf 74' lang='grc' dir='ltr'>δεξιᾷ</span> <span class='ocrx_word' id='word_1_846' title='bbox 1801 2537 1900 2571; x_wconf 79' lang='grc' dir='ltr'>ἐπικη-</span> 
     </span>
    </p>
   </div>
   <div class='ocr_carea' id='block_1_115' title="bbox 1071 2580 1899 2621">
    <p class='ocr_par' dir='ltr' id='par_1_115' title="bbox 1071 2580 1899 2621">
     <span class='ocr_line' id='line_1_115' title="bbox 1071 2580 1899 2621; baseline 0.001 -13"><span class='ocrx_word' id='word_1_847' title='bbox 1071 2581 1168 2619; x_wconf 72' lang='grc' dir='ltr'>ρυχθὲν</span> <span class='ocrx_word' id='word_1_848' title='bbox 1211 2582 1311 2615; x_wconf 73' lang='grc' dir='ltr'>στάσει,</span> <span class='ocrx_word' id='word_1_849' title='bbox 1342 2580 1373 2608; x_wconf 80' lang='grc' dir='ltr'>οὐ</span> <span class='ocrx_word' id='word_1_850' title='bbox 1417 2581 1469 2618; x_wconf 80' lang='grc' dir='ltr'>μὴν</span> <span class='ocrx_word' id='word_1_851' title='bbox 1508 2581 1543 2618; x_wconf 79' lang='grc' dir='ltr'><strong>τῇ</strong></span> <span class='ocrx_word' id='word_1_852' title='bbox 1572 2582 1641 2609; x_wconf 81' lang='grc' dir='ltr'>κατὰ</span> <span class='ocrx_word' id='word_1_853' title='bbox 1669 2581 1773 2621; x_wconf 73' lang='grc' dir='ltr'>ἔφιρον,</span> <span class='ocrx_word' id='word_1_854' title='bbox 1801 2581 1899 2609; x_wconf 74' lang='grc' dir='ltr'>αὔτικα</span> 
     </span>
    </p>
   </div>
   <div class='ocr_carea' id='block_1_116' title="bbox 1069 2625 1900 2665">
    <p class='ocr_par' dir='ltr' id='par_1_116' title="bbox 1069 2625 1900 2665">
     <span class='ocr_line' id='line_1_116' title="bbox 1069 2625 1900 2665; baseline 0.001 -12"><span class='ocrx_word' id='word_1_855' title='bbox 1069 2627 1273 2665; x_wconf 76' lang='grc' dir='ltr'>κερασφορήσας</span> <span class='ocrx_word' id='word_1_856' title='bbox 1295 2625 1336 2653; x_wconf 73' lang='grc' dir='ltr'><strong>ἐπ’</strong></span> <span class='ocrx_word' id='word_1_857' title='bbox 1353 2626 1457 2660; x_wconf 79' lang='grc' dir='ltr'>αὐτοῖς,</span> <span class='ocrx_word' id='word_1_858' title='bbox 1477 2626 1522 2653; x_wconf 80' lang='grc' dir='ltr'><strong>καὶ</strong></span> <span class='ocrx_word' id='word_1_859' title='bbox 1550 2626 1682 2664; x_wconf 84' lang='grc' dir='ltr'>κυρίττων</span> <span class='ocrx_word' id='word_1_860' title='bbox 1712 2625 1800 2654; x_wconf 75' lang='grc' dir='ltr'>οὐκὲτι</span> <span class='ocrx_word' id='word_1_861' title='bbox 1829 2626 1900 2654; x_wconf 76' lang='grc' dir='ltr'>κατὰ</span> 
     </span>
    </p>
   </div>
   <div class='ocr_carea' id='block_1_117' title="bbox 1070 2668 1896 2709">
    <p class='ocr_par' dir='ltr' id='par_1_117' title="bbox 1070 2668 1896 2709">
     <span class='ocr_line' id='line_1_117' title="bbox 1070 2668 1896 2709; baseline -0.001 -11"><span class='ocrx_word' id='word_1_862' title='bbox 1070 2668 1217 2707; x_wconf 73' lang='grc' dir='ltr'>πρόϐατον,</span> <span class='ocrx_word' id='word_1_863' title='bbox 1239 2669 1312 2698; x_wconf 82' lang='grc' dir='ltr'>ἀλλὰ</span> <span class='ocrx_word' id='word_1_864' title='bbox 1334 2669 1540 2708; x_wconf 76' lang='grc' dir='ltr'>κὶλαινορρίνου</span> <span class='ocrx_word' id='word_1_865' title='bbox 1560 2669 1638 2706; x_wconf 81' lang='grc' dir='ltr'>δίκην</span> <span class='ocrx_word' id='word_1_866' title='bbox 1665 2670 1821 2709; x_wconf 73' lang='grc' dir='ltr'>ἐλέφαντος,</span> <span class='ocrx_word' id='word_1_867' title='bbox 1852 2670 1896 2698; x_wconf 75' lang='grc' dir='ltr'><strong>καί</strong></span> 
     </span>
    </p>
   </div>
   <div class='ocr_carea' id='block_1_118' title="bbox 1070 2714 1896 2754">
    <p class='ocr_par' dir='ltr' id='par_1_118' title="bbox 1070 2714 1896 2754">
     <span class='ocr_line' id='line_1_118' title="bbox 1070 2714 1896 2754; baseline -0.002 -12"><span class='ocrx_word' id='word_1_868' title='bbox 1070 2714 1096 2742; x_wconf 76' lang='grc' dir='ltr'>ὲν</span> <span class='ocrx_word' id='word_1_869' title='bbox 1127 2716 1246 2753; x_wconf 85' lang='grc' dir='ltr'>πρώτοις</span> <span class='ocrx_word' id='word_1_870' title='bbox 1270 2714 1444 2754; x_wconf 79' lang='grc' dir='ltr'>φιλονεικῶν,</span> <span class='ocrx_word' id='word_1_871' title='bbox 1475 2716 1542 2742; x_wconf 67' lang='grc' dir='ltr'>κατὰ</span> <span class='ocrx_word' id='word_1_872' title='bbox 1567 2716 1614 2743; x_wconf 76' lang='grc' dir='ltr'>τοῦ</span> <span class='ocrx_word' id='word_1_873' title='bbox 1643 2716 1767 2753; x_wconf 84' lang='grc' dir='ltr'>μείζονος</span> <span class='ocrx_word' id='word_1_874' title='bbox 1797 2715 1823 2743; x_wconf 73' lang='grc' dir='ltr'>ιν</span> <span class='ocrx_word' id='word_1_875' title='bbox 1851 2715 1896 2742; x_wconf 81' lang='grc' dir='ltr'><strong>ἆν-</strong></span> 
     </span>
    </p>
   </div>
   <div class='ocr_carea' id='block_1_119' title="bbox 1071 2757 1896 2798">
    <p class='ocr_par' dir='ltr' id='par_1_119' title="bbox 1071 2757 1896 2798">
     <span class='ocr_line' id='line_1_119' title="bbox 1071 2757 1896 2798; baseline 0 -12"><span class='ocrx_word' id='word_1_876' title='bbox 1071 2759 1191 2795; x_wconf 85' lang='grc' dir='ltr'>θρώποις</span> <span class='ocrx_word' id='word_1_877' title='bbox 1222 2760 1327 2796; x_wconf 75' lang='grc' dir='ltr'>βαθμοῦ</span> <span class='ocrx_word' id='word_1_878' title='bbox 1354 2759 1431 2794; x_wconf 80' lang='grc' dir='ltr'>νίκην</span> <span class='ocrx_word' id='word_1_879' title='bbox 1458 2757 1565 2798; x_wconf 78' lang='grc' dir='ltr'>φαύλην</span> <span class='ocrx_word' id='word_1_880' title='bbox 1592 2761 1746 2795; x_wconf 70' lang='grc' dir='ltr'>στήσεσθαι,</span> <span class='ocrx_word' id='word_1_881' title='bbox 1764 2758 1810 2786; x_wconf 76' lang='grc' dir='ltr'>’ίνα</span> <span class='ocrx_word' id='word_1_882' title='bbox 1838 2759 1896 2786; x_wconf 78' lang='grc' dir='ltr'>καθ’</span> 
     </span>
    </p>
   </div>
   <div class='ocr_carea' id='block_1_120' title="bbox 1070 2801 1895 2842">
    <p class='ocr_par' dir='ltr' id='par_1_120' title="bbox 1070 2801 1895 2842">
     <span class='ocr_line' id='line_1_120' title="bbox 1070 2801 1895 2842; baseline -0.002 -10"><span class='ocrx_word' id='word_1_883' title='bbox 1070 2803 1098 2832; x_wconf 80' lang='grc' dir='ltr'>ἓν</span> <span class='ocrx_word' id='word_1_884' title='bbox 1127 2804 1203 2841; x_wconf 77' lang='grc' dir='ltr'>ἅλμα</span> <span class='ocrx_word' id='word_1_885' title='bbox 1231 2807 1290 2835; x_wconf 82' lang='grc' dir='ltr'>τοῖς</span> <span class='ocrx_word' id='word_1_886' title='bbox 1325 2802 1422 2836; x_wconf 77' lang='grc' dir='ltr'>ἄλλοις</span> <span class='ocrx_word' id='word_1_887' title='bbox 1452 2801 1664 2842; x_wconf 79' lang='grc' dir='ltr'>προσεπιῦαίνῃς</span> <span class='ocrx_word' id='word_1_888' title='bbox 1702 2803 1832 2841; x_wconf 81' lang='grc' dir='ltr'>ἀμογητί.</span> <span class='ocrx_word' id='word_1_889' title='bbox 1858 2802 1895 2831; x_wconf 72' lang='grc' dir='ltr'><strong>Οὐ</strong></span> 
     </span>
    </p>
   </div>
  </div>
