2002 3158
101 163 148 193 8H

100 227 158 264 παύῃ
171 223 212 254 οὖν
236 222 448 260 ἐξοπλιζόμενος
475 221 514 254 εἲς
535 223 741 261 ἀρχιερωσύνης
761 221 895 260 πόλεμον,
914 227 943 260 Α

101 276 140 308 τῆς
160 272 332 307 θεομιμητου,
359 272 410 303 τῆς
439 267 546 295 πάντων
586 269 745 306 ἀγιαστικῆς
775 267 800 295 ἐν
831 270 901 304 Θεῷ,

99 319 138 352 τῆς
159 316 252 348 ἐνθέου,
279 316 330 348 τῆς
361 312 438 344 εὐθὺς
465 312 532 350 μετὰ
558 313 622 341 Θεὸν
654 310 680 340 ἔν
702 324 731 350 γε
755 315 813 344 τοῖς
834 313 903 340 κατά

100 362 194 397 κόσμον.
223 357 259 387 Οὐ
288 355 423 392 δήπουθεν
453 356 504 395 γὰρ
540 357 657 395 ἀγνοεῖς,
687 356 728 384 ὅτι
759 356 902 394 ἀρχιερεὺς

103 407 141 444 μὲν
165 408 212 440 τῆς
239 404 318 440 ἡμῶν
347 402 485 440 σωτηρίας
513 403 527 429 ὁ
557 403 620 433 Θεὸς
648 402 720 438 ἀξιοῖ
748 401 885 440 λὲγεσοκι,
916 402 930 430 ὁ

581 157 634 188 DE
654 157 899 189 EMENDANDA
919 158 1011 189 Vl'l‘A
1033 157 1275 188 MONAGHIGA.

1719 157 1781 188 842

957 224 1007 252 Dei
1023 224 1140 253 nomine
1165 233 1222 253 non
1237 224 1388 259 confundi,
1415 225 1464 260 qui
1489 225 1524 253 de
1549 225 1729 261 episcopatu,
1746 226 1781 253 ut

957 269 999 297 ita
1015 269 1120 304 dicam,
1137 269 1245 298 electos
1269 278 1339 297 suos
1364 270 1498 297 observat
1514 279 1520 304 ;
1545 270 1666 298 minime
1681 272 1779 298 autem

958 314 1155 341 venerandum
1170 322 1278 349 senem,
1295 321 1347 341 nec
1362 313 1449 342 etiam
1467 314 1700 351 qualemcunque
1717 322 1780 342 mo-

959 357 1098 386 nachum.

958 402 1002 430 καὶ
1029 402 1162 440 ἐπισκοπῇ
1189 405 1330 441 γραφικῶς
1359 402 1587 440 ἐπισκεπτόμενος
1615 402 1679 434 τοὺς
1704 403 1780 439 αὖτῷ

99 449 204 489 αἱρετούς
219 458 224 464 ·
239 446 390 486 καλόγιρος
406 446 435 475 δὲ
450 446 558 482 οὔκουν,
575 447 606 475 οὐ
624 448 678 484 μὴν
695 446 757 475 οὐδὲ
774 447 895 484 μοναχὸς
911 446 1067 476 ὀποιοσοῦν.

125 515 184 555 ρλδ’,
207 512 372 552 Ἀνάϐλεψον
403 513 440 546 εἱς
467 515 518 549 τὴν
547 514 767 552 ἀρχιερωσύνην,
798 511 826 540 εἷ’
847 524 900 541 που

96 561 132 590 καὶ
155 559 276 588 δύνασαι·
301 558 319 594 ἤ
345 559 390 587 καὶ
414 558 589 589 κατασταθεὶς
610 558 654 586 ἐπί
677 569 750 589 τινος
775 558 900 597 φυλακῆς

96 604 233 643 περιόπτου,
252 603 466 636 ἀποσκόπευσον,
491 603 537 630 καὶ
563 603 701 640 κατάμαθε
729 603 775 630 τὸν
805 603 899 640 ἀρχιε-

96 648 206 688 ptati-ﬂ
228 648 293 676 ποτέ
319 647 399 676 ἐστιν.
431 648 474 682 Ἐξ
503 647 657 685 ἀρχιεράως
683 647 726 675 καὶ
762 647 793 674 σὺ
814 645 898 684 ἔχεις,

95 693 149 731 ἔπερ
172 692 199 720 ἃν
219 692 262 720 καὶ
287 690 364 730 ἔχῃς,
391 691 509 724 Ἐκεῖοὲν
536 702 577 719 σοι
603 692 647 720 καὶ
662 692 693 719 τὸ
709 692 790 729 ἱερῶς
806 690 899 719 διακο-

94 740 140 766 νεῖν
162 737 186 765 ἐν
208 739 245 773 τῷ
266 736 418 774 λειτοργεῖν
443 739 483 772 τῷ
507 738 574 772 θεῷ.
605 735 755 774 Ἐεαίρετος
785 737 802 770 ἡ
833 735 900 763 Exst-

93 792 131 810 νου
152 782 262 820 ἐνέργεια
287 781 360 819 παρὰ
386 782 436 815 τὴν
467 781 492 808 ἐν
518 781 573 809 σοί.
595 781 674 818 Ἔχει
700 780 804 811 ἐκεῖνος
824 780 902 818 ἀνάγ-

92 837 134 861 κην
158 825 296 865 φυλάττειν
325 826 370 852 καὶ
394 825 429 853 τὰ
452 825 496 852 ἐπὶ
523 824 565 852 σοὶ
588 824 800 864 ἐκπεφωνημένα
819 823 898 852 καλά,

95 873 152 899 Ὦτα
175 870 222 908 γὰρ
260 869 442 908 εὐαγγελικῶς
478 869 614 904 λαλεῖται,
643 870 725 896 ἅπασι
764 868 900 903 λαλεῖται,
919 891 942 924 Β

102 916 108 924 1
158 916 162 924 1
311 916 343 924 in
419 913 442 924 δὶ
507 913 513 922 \
577 913 587 924 ε
597 913 607 924 Ί
620 913 627 924 ἴ
667 914 682 924 Τ
734 913 741 923 \
769 914 776 924 ⁷
788 923 791 924 ν
878 913 884 923 Ι

96 916 126 946 ὡς
138 916 290 953 γέγραπται.
311 916 391 952 Ἔχει
417 913 446 942 δὲ
470 913 515 942 καὶ
539 913 642 949 πολλὰ,
663 914 699 941 ὧν
717 913 748 941 σὺ
765 913 903 941 ἀποκεχώ-

95 958 162 987 λυσαι
182 960 351 997 κειράμενος.
382 958 458 997 Χρίει
492 958 594 990 ἐκεῖνος
618 960 806 995 πνευματικῶς
825 967 832 974 ⁸
860 969 904 985 τε-

95 1003 154 1031 λειοῖ
180 1006 355 1042 θεοπρεπῶς·
394 1001 570 1039 περιοδευτής
609 1002 664 1030 ἐστι
702 1002 902 1034 ἀποπολικός·

95 1047 249 1076 πολιτεύεται
287 1046 524 1085 ἀπαρακαλύπνως
557 1045 697 1074 πολιτείαν
727 1046 903 1081 παντοδαπὴν

95 1092 155 1130 ὀρθῷ
187 1092 280 1120 κανόνι
314 1091 529 1129 ἀπευθυνόμινος
548 1101 554 1107 ·
589 1091 718 1128 περίεισιν
747 1090 906 1129 ἐξευρίσκων

94 1136 147 1168 τοὺς
168 1135 431 1175 διδαχθησομίνους,
458 1135 503 1164 καὶ
528 1138 601 1163 ποιεῖ
637 1135 702 1163 αὐτὸ
730 1136 904 1174 ἠναγκασμέ-

93 1192 148 1212 νως.
163 1181 198 1208 Σὺ
215 1180 243 1209 δὶ
261 1181 351 1218 μένειν
370 1180 463 1212 ἄλλως
488 1180 617 1218 ὶτάχθης,
641 1180 686 1207 καὶ
706 1179 851 1217 στηρίξειν,
869 1180 906 1212 ὡς

94 1225 129 1253 ἐπὶ
149 1225 212 1257 ἑνός.
236 1226 361 1260 Δικάζειν
384 1224 485 1252 ίκιῖνον
511 1224 636 1263 ὥρισται,
662 1224 706 1252 καὶ
722 1235 774 1252 που
791 1224 826 1252 δι’
841 1224 906 1252 αὐτὸ

92 1270 129 1297 καὶ
164 1268 302 1308 τυρϐάζει,
343 1269 492 1297 ἐπιστατῶν
534 1272 733 1306 πρατματικαῖς
772 1269 906 1307 ὀχλήσεσι

93 1315 129 1341 καὶ
156 1314 292 1349 ἐριθείαις.
320 1313 351 1342 Τί
375 1313 404 1342 δὶ
432 1314 470 1350 μή
499 1314 543 1341 καὶ
567 1313 598 1341 σὺ
622 1314 820 1352 θρασυνάμενος
836 1314 907 1351 ἐρεῖς

92 1358 177 1393 ἐξεῖναί
206 1370 248 1387 σοι
275 1358 366 1394 αὐτός
404 1357 535 1386 Ἐκδικεῖν
564 1358 701 1393 τέτακται,
728 1358 909 1397 παρρησιάζε-

92 1413 138 1439 tau,
154 1402 274 1442 ἄσχολός
299 1403 355 1431 ἐστι
381 1404 449 1430 κατά
475 1413 501 1430 τι
528 1401 656 1440 ἐργῶδες,
683 1403 709 1430 ἐν
731 1406 818 1441 καιρῷ
834 1401 908 1441 διορ-

96 1452 226 1484 θουμενις,
255 1446 285 1476 εἷ’
308 1447 334 1475 τί
362 1458 415 1475 που
443 1447 488 1474 καὶ
517 1447 577 1475 κατ’
604 1447 702 1485 ἀγορὰν
733 1445 911 1485 στρεϐλοῦται

91 1494 141 1524 τοῖς
164 1491 190 1520 ἔν
209 1495 249 1529 τῷ
277 1492 341 1531 βίῳ.
369 1491 408 1520 Τὸ
432 1494 483 1519 πᾶν
505 1491 598 1527 sim-Liv,
626 1490 730 1530 φαῦλος
753 1491 908 1527 ἐπίσκοπος,

91 1535 116 1567 ὃς
139 1536 277 1575 ἐγκλείσας
303 1537 410 1570 ἑαυτὸν,
433 1536 477 1563 καὶ
504 1535 575 1563 οὕτω
601 1535 718 1572 μονάσας
747 1535 909 1571 καθεδεῖται,

992 515 1053 542 134.
1070 514 1191 550 Suspice
1205 522 1273 551 ergo
1289 515 1318 542 in
1344 514 1557 550 pontiﬁcatum,
1582 514 1607 542 si
1627 517 1721 551 potes,
1737 514 1781 544 Vel

956 561 1039 587 stans
1053 559 1083 587 in
1099 559 1198 595 aliquo
1211 558 1273 587 loco
1289 559 1569 594 excelso,considera
1579 561 1608 587 et
1619 560 1699 587 disce
1711 559 1781 595 quid

956 603 994 631 sit
1004 604 1144 639 ponlitex.
1156 605 1178 631 A
1191 604 1326 640 pontiﬁce
1335 603 1471 640 accepisti
1480 604 1780 640 quaecumquehabes.

956 648 1064 676 Exinde
1080 648 1132 676 tibi
1148 648 1215 676 licet
1230 648 1259 675 in
1284 656 1369 676 sacra
1384 647 1504 683 liturgia
1527 648 1585 676 Deo
1602 648 1781 675 ministrare.

958 693 1078 729 Egregia
1090 695 1219 729 potestas
1230 692 1309 720 illius
1323 701 1380 729 pro:
1392 696 1451 720 tua.
1465 693 1675 720 Necessitatem
1690 692 1783 720 habes

958 737 1035 765 bona
1049 738 1101 765 tibi
1113 738 1182 765 data
1193 738 1217 765 ei
1235 745 1368 765 servare:
1387 746 1448 773 quas
1462 737 1540 765 enim
1550 736 1715 771 evangelica
1725 738 1782 764 vir-

957 784 1019 810 tute
1035 782 1184 817 dicuntur,
1198 781 1335 809 omnibus
1351 781 1500 816 dicuntur,
1518 784 1550 809 ut
1570 781 1710 817 scriptum
1726 783 1782 809 est.

959 826 1051 854 Multa
1061 826 1148 854 etiam
1156 826 1255 861 habet,
1269 825 1376 862 quibus
1385 828 1415 853 tu
1425 834 1491 861 eges
1501 827 1550 862 qui
1559 827 1731 854 tonsuratus
1739 833 1782 853 es.

960 871 1009 898 Ille
1020 871 1103 907 ungit
1114 870 1376 906 spiritualiter,Deo
1390 872 1648 907 consecrat,praaco
1661 873 1706 898 est
1714 878 1784 906 apo-

959 914 1092 949 stolicus,
1105 914 1295 951 multiplicem
1309 915 1550 950 gubernationem
1559 915 1626 950 jure
1636 922 1706 942 cano
1718 914 1783 942 uico

959 960 1122 988 instructus
1139 959 1200 995 agit
1216 961 1313 995 aperte
1328 968 1334 993 ;
1363 959 1466 987 circuit
1490 968 1622 996 quaerens
1647 967 1720 995 quos
1735 959 1785 986 do‘

959 1007 1033 1038 ceat,
1050 1004 1138 1040 idque
1153 1004 1290 1040 perﬁcere
1306 1005 1428 1040 cogitur.
1445 1004 1488 1031 Tu
1514 1008 1610 1032 autem
1628 1003 1711 1031 aliter
1725 1011 1785 1031 ma-

961 1057 1039 1082 nere,
1055 1051 1083 1076 et
1104 1048 1182 1076 velut
1208 1048 1257 1076 uni
1285 1048 1400 1084 negotio
1423 1049 1592 1076 incumbere
1616 1049 1722 1084 jussus
1741 1056 1784 1075 es.

960 1093 1011 1120 llic
1027 1093 1062 1120 ad
1074 1092 1270 1128 judicandum
1300 1093 1452 1120 ordinatus
1482 1095 1537 1126 est,
1559 1095 1588 1120 et
1611 1093 1675 1120 ideo
1692 1092 1786 1120 multa

959 1137 1094 1170 sustinet,
1111 1137 1180 1165 dum
1198 1139 1304 1173 praeest
1327 1137 1467 1165 tumultui
1481 1145 1578 1165 rerum
1591 1139 1619 1165 et
1634 1136 1785 1165 machina-

959 1181 1101 1209 tionibus.
1118 1182 1162 1209 Tu
1178 1185 1276 1209 autem
1293 1181 1364 1217 quid
1388 1182 1442 1209 tibi
1466 1182 1645 1217 permissum
1661 1190 1718 1209 non
1735 1190 1787 1217 po-

960 1229 1004 1253 tes
1019 1225 1194 1259 ﬁducialiter
1209 1225 1328 1253 dicere?
1357 1225 1408 1253 Hic
1434 1226 1470 1253 ad
1496 1226 1546 1261 jus
1575 1226 1787 1253 vindicandum

961 1270 1074 1307 positus
1090 1272 1146 1305 est,
1162 1269 1281 1302 clamat,
1308 1269 1419 1298 nullam
1436 1270 1524 1298 habet
1552 1270 1684 1306 requiem
1710 1269 1789 1297 velut

961 1314 1113 1350 operarius
1126 1323 1132 1348 ;
1143 1314 1172 1341 in
1184 1315 1242 1342 ictu
1256 1314 1331 1342 oculi
1342 1314 1465 1350 erigitur
1475 1315 1498 1342 si
1510 1314 1580 1351 quid
1593 1314 1691 1350 aliquo
1704 1314 1788 1342 modo

962 1359 991 1386 in
1010 1359 1070 1386 foro
1087 1359 1221 1386 homines
1242 1359 1397 1387 saeculares
1414 1361 1590 1395 pervertunt.
1608 1359 1671 1387 Uno
1690 1359 1788 1394 verbo,

963 1411 1056 1430 vanus
1081 1403 1237 1439 episcopus
1265 1404 1315 1440 qui
1343 1404 1474 1439 seipsum
1505 1403 1639 1438 recludit,
1665 1403 1789 1432 seorsim

965 1448 1099 1484 quiescit,
1117 1451 1145 1475 et
1155 1448 1228 1475 nihil
1241 1449 1276 1476 de
1292 1449 1507 1476 communicato
1521 1450 1613 1476 curat.
1630 1448 1695 1476 Mox
1710 1448 1788 1476 enim

965 1493 1001 1520 ab
1016 1492 1154 1520 omnibus
1170 1492 1273 1519 audis:
1291 1492 1331 1518 Ad
1345 1491 1414 1526 quid
1430 1499 1495 1526 ergo
1511 1494 1624 1520 exercet
1639 1491 1789 1528 pontiﬁca-

965 1539 1027 1564 tum
1044 1539 1072 1563 et
1087 1544 1144 1563 non
1161 1535 1352 1563 absconditur
1367 1535 1446 1563 velut
1461 1536 1596 1564 monachi
1609 1537 1619 1563 ἒ

91 1580 199 1618 μηδενὸς
221 1585 277 1610 τῶν
301 1581 328 1609 ἂν
352 1583 391 1618 τῷ
415 1591 500 1617 κοινῳ
529 1580 767 1619 ἐπιστρεφόμενος.
797 1580 901 1609 Αὐτίκα
921 1581 972 1619 γὰρ
995 1579 1086 1608 ἀκούει
1107 1580 1175 1618 πρὸς
1200 1580 1307 1607 πάντων
1330 1579 1360 1606 τό
1376 1590 1382 1596 -
1401 1591 1415 1606 ι(
1438 1580 1489 1608 Καὶ
1510 1580 1536 1608 τί
1563 1580 1665 1616 δήποτε
1689 1579 1789 1618 ἀρχιε-

94 1626 198 1663 ρατεύει,
213 1627 260 1655 καὶ
275 1626 326 1654 οὐκ
342 1625 498 1664 ιγγωνιάζιι
512 1627 671 1663 μοναχικῶς
688 1633 695 1660 ς
710 1637 724 1651 ι)

121 1693 183 1732 ρλί.
197 1696 290 1723 Κιῖται
308 1693 338 1722 δὶ
363 1693 414 1732 ἄρα
438 1693 550 1721 ἰνταῦθα
574 1694 724 1732 παρόραμα
746 1704 773 1721 τι
798 1703 907 1732 μοναχι-

1003 1694 1064 1723 135.
1081 1693 1132 1722 Ηὶο
1149 1693 1324 1722 manifestus
1343 1696 1389 1722 est
1412 1702 1493 1722 error
1508 1695 1731 1723 monachorum.
1748 1695 1792 1723 Ad

91 1738 140 1768 κόν.
155 1739 202 1771 El:
225 1742 315 1768 ταῦτα
337 1739 401 1777 γὰρ,
423 1739 512 1774 οἶμαι,
538 1735 741 1769 ἀποϐλέποντες
765 1739 791 1766 οἱ
814 1739 848 1766 τὰ
866 1738 913 1775 ἀρ-

91 1787 229 1821 χιερατικᾶ
257 1784 500 1821 παραθιωροῦντες
528 1783 656 1820 μοναχοὶ,
682 1783 728 1810 καὶ
750 1782 912 1814 ἀναλύοντες

91 1828 151 1856 αὐτὰ
166 1829 204 1860 ὡς
220 1829 260 1860 εἷς
277 1828 357 1863 δόξαν
376 1827 421 1855 καὶ
447 1827 614 1865 φανητισμὸν
638 1827 683 1854 καὶ
710 1828 770 1865 βίου
787 1828 912 1866 λαμπρό-

91 1882 162 1907 τητα,
188 1872 428 1911 πραγματεύονται
465 1872 510 1899 καὶ
548 1872 580 1899 τὸ
617 1871 820 1910 ἀρχιεράτευμα
847 1882 912 1910 κρα‹

967 1739 1026 1768 ista
1040 1739 1118 1767 enim
1134 1738 1234 1766 oculos
1249 1738 1407 1774 ﬂectentes,
1425 1741 1457 1766 ut
1478 1739 1614 1775 arbitror,
1629 1739 1678 1775 qui
1693 1748 1793 1768 sacras

968 1783 1126 1820 dignitates
1143 1783 1330 1811 considerant
1345 1783 1491 1816 monachi,
1503 1784 1574 1812 etin
1588 1785 1630 1812 eis
1645 1784 1719 1813 nihil
1734 1784 1793 1812 nisi

968 1828 1103 1864 gloriam,
1121 1830 1307 1864 apparatum,
1331 1830 1361 1856 et
1387 1828 1635 1864 magniﬁcentiam
1660 1830 1725 1857 vitae
1747 1829 1792 1857 iu—

967 1874 1129 1909 venientes,
1157 1873 1358 1909 pontiﬁcatum
1383 1874 1488 1902 acriter
1511 1878 1739 1911 prosequuntur,
1760 1877 1793 1903 ut

90 1919 176 1954 ταιῶς,
201 1918 239 1950 ὡς
270 1916 308 1958 ἂν.
330 1919 370 1953 τῷ
397 1916 491 1954 τρόπῳ
523 1915 612 1952 τούτῳ
640 1919 689 1951 τῆς
712 1917 781 1944 κατὰ
807 1919 907 1953 meum

968 1920 1014 1946 via
1028 1919 1084 1946 ista
1100 1921 1251 1954 emergant
1265 1927 1280 1946 e
1295 1919 1443 1954 spirituali
1454 1919 1595 1948 foramine
1606 1923 1703 1956 petras,
1720 1920 1792 1949 dile-

90 1961 164 1996 ὀπῆς,
191 1963 222 1997 ἦν
255 1963 284 1990 οἱ
312 1963 473 1993 Μωσαϊκῶς,
501 1960 611 1993 θεόπται
641 1960 762 2000 φιλοῦσι,
792 1962 837 1989 καὶ
865 1963 907 1989 τοί

968 1965 1014 1990 cto
1030 1963 1065 1990 ab
1079 1962 1121 1990 eis
1136 1963 1184 1998 qui
1201 1963 1293 1990 Deum
1311 1966 1342 1990 ut
1364 1964 1478 2000 Moyses
1493 1965 1748 2001 oontemplantur;
1764 1967 1793 1993 et

88 2007 140 2033 κατ’
164 2006 252 2041 αὐτὴν
284 2005 394 2046 φωλεοῦ
434 2004 634 2043 ὲξερπύσαντες,
671 2008 726 2032 τῶν
764 2005 907 2044 λεωφόρωι

967 2009 1071 2034 euntes
1086 2015 1101 2034 e
1117 2015 1240 2034 caverna
1254 2008 1387 2042 proxima
1402 2009 1430 2035 in
1445 2008 1500 2036 viis
1515 2009 1668 2037 ambulant
1682 2011 1792 2037 audac-

89 2051 296 2089 ιύθαρσὲπερον
323 2051 465 2089 γὲνωνται,
496 2049 541 2076 καὶ
571 2049 799 2086 ἰπανακάμψωσιν
829 2048 907 2077 ἀδεῶι

967 2053 1030 2084 ter;
1045 2051 1081 2078 ad
1097 2051 1195 2087 priora
1222 2051 1334 2086 absque
1358 2052 1468 2087 pudore
1491 2055 1683 2086 revertantur,
1700 2061 1792 2088 neque

91 2095 124 2127 εἷς
142 2096 175 2123 τὰ
190 2096 342 2134 πρότερον,
366 2095 395 2122 οὗ
423 2093 638 2131 προκληθέντες,
669 2093 731 2122 οὐδὲ
746 2093 839 2125 ἄλλως
854 2094 907 2121 ἆνε-

968 2094 1090 2129 evocati,
1107 2103 1201 2130 neque
1223 2095 1332 2122 inventi
1355 2095 1405 2122 ubi
1421 2096 1502 2131 prius
1526 2097 1792 2125 abscondebautur.

88 2140 266 2176 ρευνηθιντες,
297 2139 352 2175 ὅπη
382 2138 558 2176 κρύπτονται.
585 2139 619 2167 Οἱ
647 2138 759 2169 πλείους
782 2139 831 2176 γὰρ
851 2137 907 2166 οὗδῖ

968 2139 1102 2173 Plerique
1117 2139 1196 2166 enim
1220 2147 1257 2166 ne
1282 2139 1401 2167 nomine
1425 2140 1543 2176 quidem
1564 2143 1792 2176 cognoscuntur,

87 2185 149 2222 πρὸς
165 2183 257 2222 ὄνομα
282 2185 475 2222 γινώσκονται,
498 2182 561 2211 ἀλλ’
581 2183 660 2211 αὐτοὶ
675 2182 912 2222 προπηδήσαντες,

87 2228 126 2255 καὶ
153 2230 204 2264 τὴν
231 2228 361 2267 ἐντυχίαν
385 2228 487 2263 ταύτην
511 2228 688 2265 ἁρπάσαντες,
709 2229 764 2265 οὐχ
787 2227 833 2256 ἵνα
855 2231 914 2256 τοῖς

86 2274 176 2310 πρώην
202 2275 345 2312 μοναχοῖς
368 2271 464 2303 καλοῖς
488 2272 520 2300 τὸ
547 2272 737 2310 ἀρχιερατικὸν
757 2283 915 2311 προσεπιτι-

87 2318 176 2354 θέντες,
206 2317 479 2347 πολλαπλασιάσωσι
507 2317 556 2351 τὴν
587 2318 708 2353 ἀρετήν·
740 2317 802 2345 ἀλλ’
827 2316 869 2345 i’va
896 2316 914 2352 ἤ

85 2363 192 2391 καὶτῶν
211 2363 360 2402 προτέρων
386 2361 492 2400 ἀγαθῶν
520 2361 673 2398 ὑφέλωνται
699 2360 743 2389 διὰ
767 2362 798 2389 ’τὸ
818 2362 914 2390 ἐπίπο-

85 2417 134 2440 νον,
151 2407 228 2445 εἴπερ
244 2418 274 2434 τι
292 2407 337 2434 καὶ
366 2403 449 2443 ἔσχον
478 2402 563 2432 πλέον
594 2409 644 2440 τῆς
659 2406 859 2442 κοσμικότητος
877 2416 883 2423 ⁸
899 2406 917 2442 ἤ

85 2450 151 2479 ἀλλὰ
165 2454 201 2489 τῇ
227 2453 347 2491 ἀφορμῇ
371 2453 422 2485 τῆς
443 2449 601 2484 ἐπισκοπῆς
627 2447 873 2486 ἀποϐουκολήσωσι
888 2451 918 2479 τὸ

85 2494 201 2534 ἀκριϐὲς,
218 2497 258 2528 ὠς
277 2496 319 2533 μὴ
334 2495 391 2531 ἐξὸν
411 2493 494 2529 δῆθεν
519 2494 548 2521 ’ὸν
571 2495 625 2522 τῶν
651 2494 677 2522 ἐν
703 2494 779 2531 μέσῳ
793 2496 920 2533 πραγμά-

84 2550 134 2568 των
158 2540 342 2580 τετυχηκότα
377 2538 541 2578 ἐπίστροφον
576 2538 641 2566 εἶναι
671 2542 722 2574 τῆς
748 2539 816 2577 πρὸς
845 2539 921 2577 ἀκρί-

85 2581 155 2614 ϐειαν
174 2586 294 2624 ἀρετῆς.

120 2646 188 2685 ρλς’.
205 2649 260 2675 Καὶ
287 2646 350 2674 τότε
374 2644 408 2680 δὴ
434 2643 491 2672 ἔστι
519 2643 629 2682 βλέπειν
654 2645 686 2672 τὸ
704 2645 878 2683 γελοιότατον
893 2644 920 2673 ἐν

86 2692 187 2724 αὐτοῖς,
217 2693 255 2721 O't
285 2691 338 2728 γὰρ
370 2689 401 2717 ἐκ
427 2692 478 2724 τῆς
499 2689 596 2727 πρώην
623 2693 721 2721 καΛιᾶς
746 2690 789 2717 καὶ
818 2693 868 2724 τῆς
893 2690 918 2717 ἐν

86 2735 151 2773 αὐτῇ
178 2735 359 2774 στεοχωρίας
384 2733 453 2761 κατὰ
475 2735 529 2760 τῶν
552 2732 707 2762 ἐπισκόπων
733 2734 921 2771 τοξαζόμενοι,

87 2781 147 2809 τότε
170 2782 243 2809 κατὰ
267 2782 328 2808 τῶν
357 2777 508 2816 ὁμοχρόων
540 2781 670 2817 μοναχῶν
696 2778 921 2816 θωρακισάμενοι,

90 2825 120 2854 οὐ
145 2826 234 2864 μόνον
259 2821 474 2853 ἀντιϐάλλουσιν
499 2820 756 2861 ἀκροϐολιζόμενοι,
785 2822 858 2852 ἀλλὰ
879 2823 923 2852 καὶ

258 2890 400 2921 ΡΑπιιοι..
422 2887 482 2930 Gs,
502 2887 648 2922 CXXXV.

968 2183 1020 2212 sed
1036 2192 1094 2211 uno
1109 2183 1198 2216 saltu,
1215 2183 1330 2212 obviam
1346 2184 1494 2212 fortunam
1519 2185 1674 2221 arripiunt,
1691 2194 1748 2213 non
1763 2188 1797 2213 ut

970 2227 1074 2263 priscis
1095 2227 1277 2255 mouachicis
1302 2228 1384 2256 bonis
1407 2230 1597 2265 superaddito
1623 2230 1796 2266 pontiﬁcatu

970 2272 1107 2300 virtutem
1124 2272 1331 2309 multiplicent,
1357 2274 1408 2301 sed
1435 2277 1468 2302 ut
1494 2274 1640 2303 veteribus
1663 2276 1748 2303 bonis
1764 2277 1797 2303 ut

971 2320 1036 2353 pote
1048 2317 1233 2352 gravioribus
1244 2317 1457 2352 subducantur,
1474 2319 1497 2347 si
1515 2320 1585 2355 quid
1601 2328 1691 2355 supra
1707 2328 1797 2347 mun-

971 2362 1042 2389 dum
1059 2362 1224 2396 habebant;
1251 2362 1295 2390 vel
1324 2365 1356 2390 ut
1376 2371 1465 2391 causa
1494 2364 1680 2400 episcopatus
1699 2364 1798 2401 opima

973 2407 1131 2441 abducant,
1150 2407 1234 2443 quasi
1252 2415 1308 2434 non
1325 2407 1364 2434 sit
1386 2408 1526 2444 possibile
1548 2408 1695 2438 hominem
1711 2410 1799 2438 rebus

974 2451 1181 2479 communibus
1203 2460 1309 2480 manus
1334 2452 1538 2481 admoventem
1564 2454 1720 2489 perfectam
1743 2454 1800 2482 vir-

974 2498 1068 2523 tutem
1085 2496 1202 2524 sectari.

1013 2647 1075 2675 136.
1091 2649 1169 2675 Tunc
1193 2647 1223 2675 in
1253 2647 1290 2675 iis
1318 2647 1445 2675 maxime
1473 2649 1596 2678 ridenda
1618 2659 1735 2679 caruere
1751 2659 1803 2686 po-

977 2691 1060 2719 teris.
1077 2692 1131 2725 Qui
1147 2692 1224 2720 enim
1242 2692 1322 2728 prius
1345 2701 1360 2720 e
1382 2692 1469 2721 domo
1493 2693 1599 2730 lignea,
1624 2698 1711 2731 atque
1726 2703 1741 2722 e
1757 2703 1803 2723 so«

976 2736 1103 2765 litudine
1139 2737 1251 2772 vicina,
1290 2740 1392 2765 contra
1427 2739 1581 2775 episcopos
1623 2740 1681 2767 tela
1713 2740 1804 2775 jacio-

979 2782 1060 2816 baut,
1093 2782 1180 2810 modo
1210 2784 1311 2810 contra
1351 2783 1512 2811 monachos
1538 2785 1671 2820 ejusdem
1701 2784 1806 2813 coloris

979 2828 1134 2855 armantur
1145 2847 1153 2861 ,
1166 2834 1219 2855 nec
1234 2826 1331 2855 solum
1343 2834 1360 2855 a
1377 2825 1464 2864 longe
1479 2828 1631 2865 sagittant,
1647 2829 1698 2858 sed
1713 2831 1808 2858 morte

1609 2893 1650 2930 2'1
