2018 3158
230 128 289 159 843

609 129 821 162 EUSTATHII
841 127 1227 160 THESSALONICENSIS
1251 127 1548 160 METROPOLITJE

1879 134 1936 165 844

225 194 343 230 quidem
359 196 501 231 afﬁciunt,
514 197 556 225 vel
569 206 583 225 e
598 197 776 225 monasterio
787 195 954 232 expellunt;
965 195 1029 228 juxl

1149 194 1316 227 θανατοῦσιν,
1333 191 1352 227 ἤ
1377 195 1426 220 τοῦ
1449 195 1660 232 φροντιστηρίου
1686 196 1876 234 ὑπεξςὶγοοσιν,
1904 200 1935 228 οὐ

225 247 352 268 canones
369 248 425 268 non
452 244 555 278 agunt,
581 243 631 270 sed
656 240 815 278 episcopali
839 239 982 275 dignitate
997 247 1050 266 sae-

224 283 287 311 vius
302 286 331 312 et
346 285 472 313 ferocius
497 287 672 314 abutuntur.
699 286 734 312 Et
754 285 803 321 qui
833 285 862 311 in
879 282 1050 310 monachico

224 327 327 356 habitu
343 329 489 365 principes
515 331 722 363 adulabantur,
744 331 806 365 jam
825 337 881 356 non
899 328 1051 363 patiuntur

223 381 287 400 esse
302 374 379 409 quod
396 377 591 406 erant,amaro
619 375 682 402 furo
699 375 851 402 feruntur:
869 372 1050 400 extrinsecus

225 418 385 446 monachos
402 420 498 455 magni
515 419 692 451 indumenti,
705 421 733 446 et
746 418 890 454 quotquot
904 416 982 443 inter
994 415 1049 443 mi-

223 470 309 490 nores
325 464 475 491 reverendi
487 466 566 499 sunt,
580 463 678 492 verbis
694 462 831 490 dulcibus
844 461 1047 497 alloquuntur,

222 507 307 534 corde
333 510 430 534 autem
461 510 642 536 aversantur.
668 509 748 534 Tunc
777 508 874 542 potest
896 505 987 533 videri
1001 505 1047 532 vel

221 551 278 579 dici
304 553 441 580 virtutem
466 554 565 581 Virtuti
592 554 745 587 obsistere,
770 553 794 580 si
821 561 880 588 qua
902 553 994 580 virtus
1017 551 1046 578 in

220 596 262 624 eis
274 597 391 625 residua
402 601 464 625 est:
483 598 639 634 simileque
650 597 739 626 simili
752 606 808 624 non
821 596 1045 633 gaudere.Apud

219 648 268 668 eos
284 640 421 676 frequens
437 641 628 677 interrogatio
644 643 719 669 ista:
737 641 810 674 Quid
823 649 889 668 cum
901 639 941 667 sis
959 647 1046 667 sencx

220 684 328 718 mollis,
353 685 448 720 gravis
473 687 621 713 similibus
646 687 686 713 lui
711 685 880 713 incumbis?
902 687 996 720 Atque
1011 692 1046 712 ex

220 728 311 756 altera
327 732 408 765 parte
425 730 477 758 hoc
503 739 676 766 responsum
690 739 696 757 ι
724 731 883 766 Episcopus
898 737 962 756 sum
980 736 1043 764 ego.

219 773 303 801 Tunc
318 773 414 801 solum
432 774 508 802 sicut
532 775 561 802 in
579 774 656 802 brevi
682 774 888 810 recogitatione
909 773 1045 808 judicent

220 818 422 852 pontiﬁcatum
447 819 624 846 monachicae
650 819 713 846 vitae
740 820 887 854 praestare,
903 826 933 845 se
948 817 1042 853 ipsam

219 861 395 897 injustitiarn
413 866 498 890 antea
515 863 660 891 fefellisse.
677 863 759 890 Tunc
782 865 903 890 sanctus
918 861 1043 896 duplici-

218 907 272 941 ter,
289 907 445 944 episoopus
467 908 577 935 scilicet
603 910 631 935 et
656 908 829 941 monachus,
854 906 963 934 oblitus
979 914 1042 941 quae

218 951 299 986 prius
316 951 462 988 cogitabat
483 961 561 979 nunc
585 952 711 979 clamat:
738 952 810 983 Quid
827 951 912 978 nobis
937 952 966 978 et
980 950 1041 986 epi-

217 1003 304 1030 scopo
316 1004 470 1024 commune
480 996 494 1023 ’Β
509 997 661 1024 contendit
674 998 773 1023 omnia
783 1004 847 1023 esse
858 995 1040 1031 episcopum,

216 1042 244 1067 et
259 1040 335 1067 inter
365 1040 534 1073 monachos,
565 1043 593 1068 et
621 1041 698 1068 inter
721 1042 841 1067 czeteros
866 1047 986 1067 omnes:
1012 1041 1041 1067 et

215 1084 343 1120 episcopi
357 1093 461 1112 nomen
481 1085 633 1120 jactitans,
658 1085 729 1112 illud
749 1085 803 1112 Deo
828 1084 926 1111 omnia
951 1083 1040 1119 inspi-

213 1128 313 1162 cienti,
329 1129 487 1162 videnti,et
497 1128 675 1157 examinanti
691 1128 862 1157 solemniter
878 1131 1037 1162 consecrat,

212 1174 369 1201 ostendens
385 1174 441 1201 sibi
465 1174 523 1210 ipsi
547 1173 690 1201 malitiam
715 1173 888 1209 plerumque
904 1174 1036 1200 nocivum

212 1225 285 1245 esse.

246 1360 307 1389 137.
324 1361 407 1389 Nunc
423 1364 530 1394 autem,
548 1359 696 1388 ohumilis
707 1361 859 1396 moneohe,
877 1364 1034 1398 antequam

207 1405 237 1433 in
255 1406 443 1441 pontiﬁcatus
454 1405 566 1441 apicem
583 1404 735 1438 ascendas,
751 1414 878 1440 quanam
895 1406 930 1434 de
945 1415 1034 1436 causa

207 1450 377 1486 pontiﬁcem
393 1449 526 1477 omnium
540 1457 685 1476 consensu
701 1449 754 1477 tibi
770 1451 939 1485 praefectum
951 1460 1031 1479 aver-

205 1493 304 1521 saris?
319 1493 376 1521 Cur
390 1501 456 1520 eum
483 1492 622 1529 aufugis?
638 1493 720 1521 Unde
745 1502 811 1522 eum
836 1495 1030 1524 reformidas?

205 1538 277 1565 Mite
292 1538 344 1566 tibi
360 1539 404 1565 est
422 1538 528 1574 jugum
556 1538 630 1573 ejus.
655 1539 713 1566 Cur
737 1547 804 1574 ergo
819 1538 892 1567 illud
907 1540 1026 1576 projicis

202 1582 276 1610 collo
292 1582 436 1610 indomito
463 1583 636 1618 impositum
647 1583 660 1610 ‘I
684 1583 712 1610 Si
740 1591 826 1619 grave
842 1586 896 1618 est,
913 1585 1026 1620 patiens

202 1629 275 1654 esto.
293 1626 347 1654 Ubi
362 1630 405 1654 est
430 1627 569 1663 patientia
594 1630 653 1659 tua,
677 1635 766 1663 quam
791 1628 955 1657 astantibus
970 1632 1027 1658 Deo

202 1673 230 1699 et
246 1671 357 1706 angelis
373 1672 437 1707 ejus
454 1671 648 1708 spopondisti,
661 1680 786 1708 eamque
800 1681 893 1708 usque
904 1674 939 1701 ad
952 1683 1028 1702 mor-

202 1715 286 1744 tem?
301 1716 355 1743 Sed
371 1716 467 1744 verbis
491 1716 602 1753 asperis
618 1725 662 1744 me
677 1717 816 1745 offendit:
834 1717 892 1745 noli
908 1729 921 1743 ‹‹
939 1718 1026 1746 calci-

202 1762 278 1788 trare
295 1762 396 1788 contra
411 1761 567 1788 stimulum
579 1761 611 1795 9°,
639 1772 652 1785 η
669 1761 745 1788 sicut
760 1761 813 1788 tibi
837 1763 942 1790 suadet
957 1771 1023 1798 pro-

201 1805 345 1833 verbium.
376 1805 462 1832 Recto
487 1806 591 1833 itinere
620 1806 802 1841 progredere.
834 1806 907 1838 Quid
932 1808 1024 1843 ergo?

200 1849 253 1875 tibi
269 1849 377 1885 smpius
392 1849 560 1876 incumbit?
586 1849 626 1876 fer
650 1858 726 1885 ergo.
751 1851 780 1877 et
795 1849 842 1877 die
869 1851 956 1879 toties
971 1860 1022 1887 pro

1105 237 1291 281 κανονίζοντες
1309 237 1407 275 ὀρθῶς,
1434 237 1507 266 ἀλλὰ
1529 241 1564 276 τῇ
1586 237 1752 279 ἔπισκοπικῇ
1768 242 1830 278 ἀξίᾳ
1848 254 1933 281 παρα-

1105 281 1245 319 χρώμενοι
1273 280 1422 319 διινότερόν
1449 293 1479 310 τι
1507 283 1551 311 καὶ
1581 282 1801 322 ἐμϐριθέστερον.
1832 280 1932 316 Καῖγοὶ

1104 326 1229 363 σχήματι
1257 329 1401 364 μοναχικῷ
1427 327 1567 365 θὲλγοντες
1594 329 1642 360 τὰς
1666 330 1766 368 ἀρχὰς,
1795 332 1862 359 τότε
1887 333 1933 361 οὐκ

1105 368 1142 397 ἔτι
1173 369 1310 408 στέγοντες
1340 371 1419 405 εἶναι,
1449 371 1515 409 ὅπερ
1544 373 1625 408 ἦσαν,
1653 375 1722 411 πρὸς
1750 377 1865 413 πικρίαν
1890 377 1929 405 ἰκ-

1106 415 1256 451 μαίτονται,
1272 417 1310 451 τῷ
1335 416 1382 452 μὶν
1408 417 1574 454 προσωπείῳ
1598 417 1792 455 γλυκαίνοντες
1818 421 1883 452 τούς
1904 433 1931 450 τε

1106 457 1353 497 μιγαλοσχήμονας
1376 460 1420 487 καὶ
1449 461 1523 494 τοὺς,
1548 462 1607 489 ὅσοι
1639 466 1729 501 μικρῷ
1760 463 1802 492 ἔτι
1832 467 1930 502 σεμνύ-

1102 514 1194 531 νονται
1222 505 1356 541 σχήματι,
1386 507 1424 541 τῷ
1448 503 1476 532 δὲ
1505 507 1715 544 αὐτοπροσώπῳ
1739 510 1930 546 πικράζοντες,

1102 547 1150 575 Καὶ
1180 545 1250 575 ἔστιν
1276 547 1388 576 ἐνταῦθα
1419 548 1494 584 ἰδεῖν,
1521 550 1574 578 εἴτε
1600 551 1697 585 ιῗπιῖν,
1720 545 1822 590 ἀρετῆν
1848 554 1930 592 ἀρετῇ

1102 592 1275 630 μαχομένην,
1295 592 1322 620 εἴ
1337 593 1377 625 τίς
1391 604 1443 621 που
1461 594 1506 622 καὶ
1531 593 1602 623 ἔστιν
1616 596 1699 634 ἀρετὴ
1717 596 1743 623 ἐν
1758 600 1821 629 τοῖς
1835 599 1929 626 τοιού-

1099 647 1167 681 τοις,
1184 637 1227 664 καὶ
1253 636 1316 665 οὐδὲ
1336 640 1376 674 τῷ
1396 638 1486 675 ὁμοίῳ
1512 641 1610 677 γαῖρον
1634 640 1666 668 τὸ
1685 639 1797 677 ὅμοιον.
1823 643 1928 681 Συχνὸν

1101 680 1130 709 δὲ
1144 681 1320 719 ἀπορητικῶς
1336 682 1361 709 ἰν
1377 682 1485 715 τούτοις
1507 683 1553 711 καὶ
1576 684 1608 712 τό
1621 695 1627 701 ·
1644 697 1659 711 «
1675 685 1707 712 Τί
1721 684 1829 721 δήποτε
1844 687 1928 715 καλό-

1098 735 1185 763 γερως
1199 726 1243 753 καὶ
1259 726 1340 757 αὐτὸς
1363 727 1410 763 ὥν,
1433 728 1516 766 βαρὺς
1540 728 1675 757 ἐπίκεισαι
1689 733 1749 762 τοῖς
1766 731 1898 768 ὀμοίοις;
1914 745 1926 759 η

1099 770 1242 808 Ἑτέρωθιν
1269 769 1297 798 δέ
1326 770 1446 802 λυτικῶς
1468 772 1499 800 τό
1517 782 1524 788 ·
1549 785 1563 798 ‹‹
1588 773 1677 802 Ἀλλὰ
1701 775 1747 802 καὶ
1777 775 1926 808 ἒπίσκοπός

1099 814 1166 850 εἶμι.
1184 826 1197 840 )›
1224 815 1359 842 Κάνταῦθα
1385 816 1466 852 μόνον
1496 817 1533 848 ὡς
1563 816 1589 844 ἐν
1613 818 1720 855 ἐπινοίᾳ
1744 818 1836 858 λεπτῇ
1872 819 1927 849 δια-

1098 859 1217 897 φαίνεται
1246 859 1388 897 ὑπερέχειν
1413 861 1444 888 τὸ
1468 860 1661 899 ἀρχιερατικὸν
1685 866 1734 891 τοῦ
1759 868 1924 903 μοναχικοῦ,

1097 904 1135 934 ὡς
1162 903 1194 931 τά
1223 914 1254 941 γε
1281 905 1334 942 πρὸ
1361 905 1458 933 τούτου
1487 905 1613 942 έψιύδιτο
1637 909 1655 942 ἡ
1685 907 1778 936 ἀδικία
1804 910 1923 946 ἑαυτήν·

1096 948 1140 976 ὅτε
1154 948 1196 976 καὶ
1214 948 1400 993 ,ἐκλαθόμενος
1426 950 1440 978 ὁ
1462 949 1576 982 διπλοῦς
1602 950 1688 989 ἅγιος,
1706 953 1720 980 ό
1736 954 1781 981 καὶ
1804 955 1924 993 μονσχδς

1094 993 1139 1020 καὶ
1174 992 1331 1028 ἐπίσκοπος,
1360 994 1398 1021 ὧν
1426 995 1523 1032 πρώην
1553 995 1670 1034 ἐφρόνει,
1702 997 1865 1036 ἇνακράζων
1890 992 1920 1027 is?)

1095 1050 1108 1063 ‹‹
1125 1038 1156 1065 Τί
1173 1037 1281 1075 μετέχει
1307 1038 1331 1065 ἐν
1349 1039 1423 1083 ,ἡμῖν
1452 1039 1466 1066 ὁ
1490 1039 1636 1071 ἐπίσκοπος
1652 1051 1659 1075 ;
1678 1054 1692 1067 ››
1717 1041 1880 1083 φιλοσοφεῖ,
1894 1045 1920 1072 τὸ

1093 1085 1144 1109 πᾶν
1176 1082 1242 1109 εἶναι
1271 1082 1316 1110 τὸν
1346 1082 1494 1111 ἐπίσκοπον
1532 1085 1578 1111 καὶ
1607 1084 1632 1112 ἐν
1660 1090 1799 1124 μοναχοῖς
1828 1082 1872 1115 καὶ
1899 1089 1922 1116 έν

1094 1125 1174 1154 ἅπασι
1192 1137 1197 1142 ·
1215 1127 1260 1154 καὶ
1284 1127 1473 1164 ἀποσεμνύνων
1496 1129 1545 1163 τήν
1568 1131 1616 1157 τοῦ
1642 1129 1795 1159 έπῑσκόπου
1812 1131 1920 1170 κλῆσιν,

1091 1173 1131 1204 τῷ
1159 1173 1218 1207 Θεῷ
1247 1171 1329 1206 αὐτὴν
1369 1172 1479 1211 ἀφοσιοῖ
1513 1173 1730 1212 τιλεταρχικῶς,
1758 1179 1802 1212 τῷ
1826 1187 1921 1205 παντεη

1092 1215 1178 1252 φόρῳ,
1218 1218 1259 1252 τῷ
1292 1217 1474 1254 παντεπόπτῃ,
1511 1219 1552 1253 τῷ
1588 1218 1676 1246 πάντα
1711 1219 1918 1256 ἐπισκοποῦντι,

1088 1258 1214 1296 δεικνὺς,
1243 1264 1374 1299 περιπετῆ
1405 1261 1485 1299 ἑαυτῇ
1517 1262 1567 1297 τήν
1595 1263 1690 1291 κακίαν
1720 1265 1790 1292 εἶναι
1821 1266 1860 1298 ὡς
1887 1267 1920 1294 τὰ

1089 1303 1192 1333 πολλά.

1125 1357 1192 1396 ρλζ’.
1220 1357 1296 1390 Τέως
1319 1369 1349 1397 γε
1374 1359 1439 1395 μὴν,
1463 1359 1485 1386 ὦ
1510 1357 1548 1386 ἔτι
1573 1361 1682 1388 ταπεινὲ
1710 1362 1836 1400 μοναχὲ,
1854 1364 1915 1401 πρὶν

1088 1402 1105 1438 ἤ
1134 1404 1178 1431 καὶ
1202 1401 1333 1436 ἀναϐῆναι
1373 1403 1411 1434 εἷς
1449 1403 1666 1442 ἀρχιερωσύνης
1683 1404 1762 1443 ὕψος,
1792 1406 1821 1434 τί
1850 1419 1916 1436 ποτε

1087 1449 1191 1487 φρονῶν
1222 1447 1415 1485 ἀποπροσποιῇ
1453 1448 1499 1475 τὸν
1538 1447 1604 1486 δίχα
1631 1450 1720 1485 πάσης
1750 1451 1916 1490 ἀντιλογίας

1088 1492 1308 1530 ὑπερκαθήμενόν
1345 1503 1395 1519 σου
1443 1492 1603 1531 ἀρχιερέας
1647 1494 1726 1522 ’[νατί
1766 1495 1912 1535 ἐκφεύγεις

1083 1537 1188 1572 αὐτόν,
1214 1535 1262 1567 Τίς
1287 1537 1300 1563 ὁ
1330 1535 1375 1563 ἀπ’
1405 1536 1509 1564 ἐκείνου
1533 1535 1618 1577 φόϐος
1642 1536 1668 1565 ἕν
1683 1549 1724 1566 σοι
1743 1549 1750 1574 ;
1768 1540 1911 1580 Ἐλαιρρός

1042 1562 1063 1596 C
1083 1562 1231 1609 atat;
1247 1562 1262 1607 ἑ
1281 1562 1306 1616 ἐξ
1332 1562 1912 1623 tangendi‘iLz';i';;..‘5;Z.:.E;

1081 1626 1172 1661 αὐτὸν,
1200 1624 1319 1663 σκληρὸν
1349 1624 1459 1663 ὑπέχων
1488 1625 1656 1664 τράχηλον;
1679 1627 1772 1656 Ἀλλά
1799 1630 1907 1668 βαρύς.

1080 1671 1125 1698 καὶ
1150 1670 1276 1707 ὑπόμενε.
1309 1670 1343 1697 Ἦ
1370 1671 1423 1697 ποῦ
1452 1671 1469 1705 ἡ
1498 1671 1634 1708 ὑπομονὴ,
1659 1672 1692 1707 ἥν
1719 1672 1819 1709 ἐτάξω,
1841 1677 1908 1702 Θιοῦ

1079 1715 1124 1742 καὶ
1146 1717 1199 1742 τῶν
1223 1713 1304 1742 αὺτοῦ
1326 1714 1449 1752 ἀγγέλων
1472 1715 1622 1753 παρόντων,
1646 1717 1690 1744 καὶ
1717 1718 1788 1752 αὐτὴ
1815 1720 1833 1754 ἠ
1860 1721 1910 1756 μέ-

1079 1770 1127 1798 χρι
1145 1759 1259 1787 θανάτου
1276 1769 1283 1794 ;
1300 1758 1388 1787 Ἀλλὰ
1411 1759 1541 1802 κεντρίζει
1562 1759 1656 1799 λόγοις
1679 1761 1883 1802 αὖστηροτὲροι
1899 1775 1907 1783 ·

1078 1804 1122 1832 καὶ
1147 1805 1184 1840 μὴ
1207 1803 1317 1838 λάκτιζε
1340 1803 1409 1840 πρὸς
1427 1801 1532 1842 κέντρα,
1556 1805 1573 1839 ή
1594 1805 1730 1842 παροιμία
1755 1817 1801 1834 σοι
1829 1801 1907 1846 ἔγκε-

1078 1847 1194 1876 λεύεται.
1212 1848 1333 1885 Πορεύου
1349 1846 1377 1875 δὲ
1399 1848 1478 1885 ὀρθὸς
1499 1848 1538 1879 εἰς
1562 1847 1636 1877 ὁδόν,
1662 1848 1695 1878 Τί
1708 1848 1736 1877 δέ
1754 1850 1841 1885 ;ἀλλ¹
1856 1851 1905 1890 ιγ-

199 1893 344 1921 cantilena
355 1893 433 1921 istud
444 1893 620 1921 translatum
634 1902 640 1921 :
653 1905 666 1918 ‹‹
682 1895 724 1921 Me
739 1902 841 1921 omnes
856 1897 1019 1930 conterunt,

1086 1892 1160 1921 ιειταί
1185 1903 1226 1920 σοι
1248 1891 1384 1923 πολλάκις
1401 1901 1408 1908 ·
1433 1892 1476 1920 καὶ
1502 1892 1565 1932 φέρε
1589 1893 1630 1928 σὺ,
1656 1895 1820 1936 τοσαυτάκις
1843 1895 1906 1924 ἐπι-

196 1939 224 1965 et
240 1945 325 1966 nemo
341 1938 501 1966 conteritur
513 1939 552 1965 ²⁷;
574 1949 583 1962 ι
602 1938 647 1966 cui
662 1938 813 1966 sententiae
825 1947 874 1966 vas
889 1940 1017 1968 Anaxar-

193 1982 239 2010 chi
254 1983 397 2011 refertur:
429 1983 530 2019 sicque
553 1983 674 2011 sortitus
700 1983 815 2010 labores
845 1984 975 2013 invenies
990 1988 1019 2014 et

191 2027 414 2056 beatitudinem.
429 2028 493 2055 Tibi
506 2027 562 2063 ipsi
573 2029 635 2055 esto
648 2027 788 2055 stimulus
800 2029 895 2056 carnis
907 2029 1016 2058 missus

187 2082 204 2101 a
221 2074 287 2106 Deo,
305 2075 337 2100 ut
355 2073 409 2101 fuit
425 2072 588 2109 apostolus.
606 2074 641 2100 Et
654 2072 678 2100 si
695 2072 748 2106 vis,
761 2073 854 2109 junge
875 2075 952 2109 quod
969 2083 1013 2102 se-

187 2117 297 2153 quitur.
313 2118 386 2146 Cum
402 2118 481 2145 enim
497 2117 708 2153 desperaveris,
725 2117 797 2144 illud
815 2119 935 2146 omnino
962 2127 1013 2147 au-

186 2161 267 2190 dies:
285 2174 298 2187 «
315 2162 425 2189 sufﬁcit
453 2162 504 2189 tibi
532 2161 626 2198 gratia
649 2169 728 2197 mea,
744 2173 757 2187 »
788 2171 822 2189 ex
837 2171 1012 2199 quacunque

183 2209 266 2242 parte
281 2206 352 2233 illud
368 2206 506 2233 audieris.
525 2206 756 2240 lnsimulaberis,
775 2206 799 2234 si
820 2215 854 2234 ex
869 2216 1011 2243 arrogan-

1075 1937 1161 1976 λέγων
1189 1936 1296 1974 ἐπῳδοῦ
1319 1936 1397 1973 δίκην
1420 1937 1450 1964 ἐκ
1476 1939 1687 1975 παραποιήσιως
1715 1939 1746 1967 τό
1764 1949 1770 1956 ·
1803 1953 1819 1966 ι(
1835 1940 1902 1969 Θλί-

1073 1979 1150 2009 ϐουσί
1167 1992 1201 2019 με
1223 1981 1331 2017 πάντες,
1357 1979 1479 2014 θλίϐεται
1503 1980 1532 2009 δὲ
1558 1981 1646 2014 οὐδείς
1661 1993 1667 1998 ·
1688 1995 1698 2009 ι
1729 1984 1765 2018 ἧς
1795 1984 1903 2018 ἐννοίας

1071 2026 1115 2054 καὶ
1131 2027 1145 2054 ὁ
1160 2026 1228 2054 κατὰ
1247 2026 1292 2054 τὸν
1317 2026 1482 2064 ’Δνάξαρχον
1509 2026 1654 2064 έξήρτηται
1676 2026 1811 2066 θύλακος)
1824 2040 1830 2046 ·
1851 2030 1900 2058 ’ἶνα

1069 2070 1283 2109 κληρωσάμενος
1308 2071 1340 2098 τὸ
1363 2070 1521 2108 φερέπονον,
1551 2071 1676 2109 εὑρήσεις
1709 2075 1899 2112 μακιρισμόν,

1069 2117 1158 2144 Ἔστω
1183 2126 1225 2143 σοι
1247 2115 1291 2142 καὶ
1316 2114 1396 2147 αὐτὸς
1419 2117 1454 2152 τῇ
1481 2116 1559 2152 σαρκὶ
1575 2116 1680 2153 σκόλοψ
1696 2116 1724 2144 ἐκ
1744 2121 1814 2146 Θεοῦ
1829 2121 1899 2147 κατὰ

1066 2161 1111 2189 τὸν
1126 2159 1300 2189 Ἀπόστολον.
1319 2159 1351 2188 Εἰ
1376 2159 1404 2187 δὲ
1433 2159 1539 2198 βουλει,
1563 2160 1680 2198 πρόσθες
1703 2162 1749 2189 καὶ
1771 2163 1803 2191 τὸ
1821 2164 1895 2200 ἑξῆς.

1066 2204 1273 2233 Ἀποδυσπετῶν
1313 2204 1363 2242 γὰρ
1401 2204 1525 2236 ἀκούσεις
1557 2205 1667 2236 πάντως
1695 2206 1740 2233 καὶ
1777 2207 1810 2234 σὺ
1839 2209 1895 2235 τό·

183 2250 352 2286 tia,absque
368 2250 465 2277 divino
482 2251 620 2278 mandato
634 2251 788 2278 stimulum
805 2253 888 2278 tuum
905 2248 1029 2281 contri-l

1095 2250 1186 2287 Ἀρκεῖ
1214 2259 1255 2276 σοι
1283 2250 1300 2283 ἡ
1329 2248 1410 2286 χάρις
1437 2259 1500 2284 μου.
1519 2260 1532 2274 n
1559 2249 1620 2280 ὅθεν
1650 2249 1680 2277 ἂν
1709 2250 1754 2278 καὶ
1773 2251 1896 2290 ἀκούσῃς

182 2295 278 2322 veris:
295 2302 357 2327 seu,
375 2296 407 2322 ut
421 2294 525 2330 loquar
541 2295 657 2329 rectius,
675 2295 728 2323 tibi
745 2295 946 2331 licebitaliter,
959 2305 1010 2332 per

1086 2293 1137 2321 3:6.
1161 2293 1212 2322 Καὶ
1239 2303 1291 2320 που
1314 2293 1358 2320 καὶ
1385 2292 1537 2330 αἰτιαθήσῃ,
1561 2293 1705 2322 κατακλῶν
1733 2296 1895 2335 ἀγερωχίας

182 2338 366 2374 patientiam,
383 2347 449 2366 cum
466 2340 560 2375 gratia
575 2340 634 2374 Dei,
652 2340 740 2368 talem
767 2340 922 2368 stimulum
938 2349 1009 2368 con-

1086 2339 1140 2375 Ξμῳ
1156 2337 1220 2376 δίχα
1245 2337 1317 2369 θείας
1343 2337 1492 2369 κελεύσεως
1517 2338 1563 2365 τὸν
1586 2339 1654 2366 κατά
1679 2341 1727 2366 σοῦ
1752 2338 1890 2370 σκόλοπα.

181 2385 283 2410 terere.
302 2383 372 2416 Quis
387 2384 464 2411 enim
482 2385 647 2420 pontiﬁcem
664 2393 722 2412 non
740 2385 888 2420 lapidibus
904 2385 1008 2413 obruet

1086 2383 1154 2410 ἷ’πεῖν
1172 2382 1201 2410 δὲ
1227 2380 1415 2420 ἀκριϐέστερον
1434 2392 1440 2399 ·
1466 2382 1567 2418 ἐξέσται
1590 2393 1632 2410 σοι
1657 2382 1753 2415 ἄλλως
1775 2384 1802 2412 ἐν
1820 2386 1892 2413 ὐπο-

180 2429 282 2454 contra
297 2427 431 2456 homines
448 2429 494 2456 Dei
521 2429 687 2456 savientem
700 2429 714 2456 ?
729 2429 799 2462 Quis
824 2429 853 2456 in
870 2429 1005 2466 imperio,

1086 2430 1134 2465 ονῇ
1148 2427 1283 2462 κατακλᾷν
1312 2427 1358 2454 τὸν
1380 2428 1504 2454 τοιοῦτον
1531 2427 1654 2455 σκόλοπα
1676 2426 1720 2455 διὰ
1735 2430 1786 2456 τοῦ
1803 2439 1890 2468 χαρι-

177 2471 243 2507 quis
257 2472 286 2500 in
313 2475 477 2508 potestate?
492 2473 566 2506 Quid
595 2482 663 2510 ergo
674 2474 688 2501 ?
703 2482 754 2501 rex
780 2473 810 2501 in
824 2476 912 2510 caput
926 2474 1005 2503 illius

1086 2472 1195 2502 ὒσαντός
1211 2482 1240 2499 σε
1263 2473 1340 2499 Θεοῦ.
1368 2470 1418 2502 Τίς
1441 2470 1491 2509 γὰρ
1511 2470 1542 2499 οὐ
1566 2470 1772 2508 λιθολευστήσει
1789 2473 1888 2512 ἀρχισ-

210 2557 233 2575 “
247 2559 309 2586 Act.
327 2566 364 2592 1x,
381 2557 408 2585 5.
445 2558 467 2575 ’⁷
485 2558 509 2586 ΙΙ
524 2557 589 2591 Cor,
605 2566 658 2592 xu,
674 2558 702 2585 9.

1046 2645 1171 2671 tortores
1187 2645 1335 2671 conterere
1350 2643 1443 2670 vasin
1460 2651 1517 2679 quo
1541 2644 1733 2672 Anaxarchus
1748 2643 1883 2672 include-

1045 2679 1133 2707 batur
1148 2682 1186 2715 (et
1201 2688 1251 2706 vas
1274 2687 1362 2706 suum
1386 2687 1493 2714 corpus
1519 2679 1645 2713 dicebat)
1671 2680 1881 2708 Anaxarchum

1045 2718 1144 2743 autem
1171 2715 1239 2752 inde
1268 2715 1477 2752 detrimentum
1508 2723 1569 2752 non,
1596 2724 1714 2752 capere.
1745 2718 1780 2743 Et
1808 2724 1878 2744 cum

1043 2752 1151 2787 linguae
1167 2751 1325 2778 sectionem
1353 2750 1547 2787 minarentur,
1563 2750 1639 2786 ipse'
1654 2760 1720 2780 eam
1737 2752 1878 2780 dentibus

1045 2786 1186 2816 resectam
1204 2787 1234 2814 in
1250 2795 1282 2815 os
1296 2787 1413 2824 tyranni
1429 2786 1554 2823 exspuit.

204 2643 260 2678 (16)
275 2643 475 2685 Anaaarch‘us,
490 2643 569 2685 inter
579 2643 731 2685 Alexandri
748 2643 992 2685 comites,magn_a

167 2680 306 2715 loquendi
319 2679 450 2706 libertate
468 2679 615 2713 utebatur,
631 2679 850 2715 multorumque
865 2679 991 2708 inimici-

169 2716 225 2743 tias
239 2715 267 2742 in
286 2723 316 2742 se
335 2717 528 2742 converterat.
553 2715 624 2742 Cum
641 2719 758 2743 mortuo
782 2716 957 2748 Alexandro,
973 2725 990 2743 ιι

167 2750 354 2778 Nicocreonte
370 2753 474 2786 captus
487 2753 572 2785 esset,
598 2754 685 2786 atque
710 2752 820 2779 missus
835 2752 864 2778 in
882 2755 990 2779 morta-

166 2786 244 2813 rium
272 2788 482 2822 eontereretur,
511 2788 662 2822 respondit
689 2787 882 2823 philosophus
904 2796 990 2824 posse
