2002 3158
81 126 146 156 845

592 126 644 156 DE
663 124 911 157 EMENDANDA
931 124 1024 155 VI'I‘A
1047 124 1288 156 MONACHIGA.

1735 125 1796 157 846

75 192 132 229 ρέα,
165 191 355 230 ἐπηρεάζοντα
385 193 454 220 θεοῦ
481 192 658 229 ἆνθρώποις;
680 194 761 222 ποῖος
791 189 885 228 ἅρχων

969 190 1097 218 recidere
1108 190 1194 218 faciet
1207 199 1241 218 ea
1251 190 1359 227 quibus
1375 191 1524 228 afﬂigeris.
1542 191 1575 219 Et
1590 192 1670 228 quod
1693 193 1793 228 maJus

75 239 155 268 ποῖος
170 235 303 272 δυνάστης
318 246 324 271 ;
340 236 373 265 Τί
389 236 418 264 δέ
435 246 441 271 ;
458 235 531 264 ἀλλὰ
555 237 570 264 ὁ
600 236 728 274 βασιλεὺς
756 235 906 263 ἀπονυστά-

75 281 122 317 Esi,
138 281 181 320 ἰφ¹
207 283 248 312 οἷς
274 278 410 319 θλιϐερὼς
436 279 521 319 ἔχεις.
536 281 575 309 Τὸ
600 281 708 308 πάντων
728 283 831 317 μεῖζον,
847 290 906 306 συν-

74 325 262 362 εκπολεμήσει
289 325 356 362 μετὰ
379 327 427 353 σοῦ
446 327 464 360 ἡ
481 326 568 356 κτίσις
593 325 661 353 κατὰ
685 327 734 352 τοῦ
749 323 906 354 ἀδικοῦντάς

74 380 112 398 σε·
141 371 324 408 βρεχθήσεται
350 372 403 408 πῦρ
438 370 479 398 ἔπ’
504 369 604 397 ἐκεῖνον
624 379 631 385 ·
654 369 906 404 κατακλυσθήσεται

76 415 174 445 ὑετοῖς·
193 415 375 452 ἀγανακτήσει
399 415 458 442 κατ’
481 414 568 442 αὐτοῦ
592 413 730 450 θαλάσσης
753 413 837 451 ὕδωρ·
854 415 905 440 πᾶν

73 459 156 487 κακὸν
174 458 313 486 ἐλεύσεται
331 458 372 486 ἐπ’
388 458 480 488 αὐτόν,

110 503 185 542 ρλη“.
209 502 297 531 Ἀλλὰ
318 505 402 531 ταῦτα
428 504 475 540 μὲν
504 503 625 542 ἐγένοντο
659 502 688 530 ἅν
713 514 768 537 σοι,
792 503 835 530 ἐὰν
866 501 907 530 ἐπ’

72 547 206 583 ἀληθείας
231 550 321 578 κακῶς
352 547 471 586 ἕπασχες
501 547 526 575 ἐν
555 550 595 584 τῷ
624 547 827 586 ἆρχιιρατιλῶς
847 545 906 574 ἐπι-

73 593 248 621 σκέπτεσθαι·
275 592 327 620 εἰσὶ
350 591 379 620 δὲ
401 603 444 620 σοι
469 593 555 620 πάντα
577 593 652 620 κεναὶ
677 593 834 631 προφάσεις,
859 591 904 618 καὶ

75 638 240 676 μοχθηριῶν
268 639 393 674 ψυχικῶν
411 636 579 675 ἐπικρύψεις,
605 637 650 664 καὶ
674 635 786 674 φενάκαι
809 635 904 668 ἀκοῆς.

73 683 146 720 Πρὸς
174 681 202 709 δὶ
226 681 366 717 ἀλήθειαν,
392 682 493 719 φθόνου
519 681 564 709 καί
588 681 674 721 τύφου
700 681 905 715 ὑποκινοῦντος,

70 726 266 764 καταγίνεσθαι
293 728 346 754 τῶν
371 725 526 754 ἐπισκόπων
555 725 676 758 ἐθέλεις.
705 726 800 763 Ἔχεις
828 723 905 762 ὕϐριν

72 771 103 798 οὗ
135 771 283 808 φορητὴν,
310 770 422 798 ἀκοῦσαι
448 771 626 807 ἀμαθέστερος
651 771 716 809 εἶναι
742 772 790 798 τοῦ
815 770 906 807 ἀρχιε-

72 815 151 852 ρὲιιις⁸
177 815 209 842 οὐ
235 814 324 854 φέρεις
350 814 544 852 ἐπαινούμινον
568 814 675 842 ἀκούειν
702 815 767 853 ὑπὶρ
795 814 832 842 σέ·
854 814 906 841 οὐκ

70 859 158 897 ἀνέχῃ
186 859 318 898 εὐφήμως
342 859 422 886 αὐτὸν
447 859 614 897 προάγεσθαι
644 860 710 896 μετὰ
731 859 795 890 τοὺς
825 859 902 897 βασι-

71 903 141 935 λεῖς·
172 903 274 940 κρίνεις
303 903 340 935 είς
370 901 448 940 ὕϐριν
475 903 568 931 κλῖναι
598 903 721 942 κεφαλὴν
751 904 897 942 ἀρχιερεῖ·

70 948 211 987 ἀφόρητον
229 947 325 986 λογίζῃ
350 947 516 984 προποδίσαι
540 948 577 979 εἷς
603 949 734 983 ὖπαντήν,
752 947 826 985 ε’ίπερ
853 946 900 985 ἔρ-

70 1003 151 1031 χεται
184 992 226 1020 ἐπὶ
258 993 297 1020 σε’
325 992 489 1029 ἀτιμοῦσθαι
520 993 666 1030 φαντάζῃ,
698 992 740 1020 ἐὰν
770 991 901 1031 καθέδρας

71 1037 146 1074 αὐτῷ
178 1037 384 1074 ὕπεξαναστῇς·
417 1037 464 1064 κᾶν
497 1038 651 1075 ὑφιζήσῃς,
681 1039 804 1073 θνήσκεις
849 1038 900 1065 ὑπὸ

70 1085 174 1120 χολῆς.
202 1080 307 1116 Δέδιας,
333 1082 441 1118 μήποτε
467 1082 595 1120 ἁμαρτὼν
610 1081 627 1119 ᾖ
643 1081 865 1120 λογοπραγηθῇς,
881 1082 898 1117 ἢ

70 1126 144 1154 ἀλλὰ
172 1126 255 1163 πέσῃς
285 1126 335 1154 ὑπὸ
364 1127 535 1164 παραίνεσιν*
565 1126 625 1154 ὅθεν
651 1127 695 1154 καὶ
724 1130 898 1165 παροιστρεῐς

69 1171 242 1202 ἀλλοκότως·
267 1170 312 1198 καὶ
335 1170 459 1202 σπεύδεις
486 1171 565 1198 αὐτὸν
590 1171 638 1208 μὲν
668 1171 794 1210 ἀφιέναι,
821 1171 899 1199 ἀντε-

67 1215 228 1253 πιλὲγεσῦαι
257 1214 296 1252 δὲ,
326 1215 356 1242 ὃν
384 1215 414 1242 ἃν
442 1215 557 1253 προέλῃ·
587 1215 632 1243 καὶ
658 1216 745 1248 οὕτως
771 1215 808 1247 εἷς
824 1217 899 1253 ἀορι-

67 1260 140 1287 στίαν
171 1259 307 1296 ἐγκλίνας,
337 1257 547 1292 κασαλὸαδικῶς
573 1261 629 1288 οῖον
658 1259 782 1298 ἐρωτιᾷς,
812 1260 830 1295 ἢ
855 1261 898 1288 καὶ

67 1304 138 1338 ὅλης
156 1305 208 1338 τῆς
226 1302 376 1343 ἀρχςγόνου
399 1303 476 1340 δίκην
501 1303 578 1332 τόνδε
605 1305 653 1342 μὲν
670 1303 813 1342 παραδέχῃ
832 1305 900 1342 πρὸς

67 1348 260 1376 ἐπισκόπευσιν
279 1372 287 1383 ,
314 1349 416 1377 ἐκεῖνον
455 1348 484 1376 δὲ
520 1348 667 1376 ἀποπτύων
698 1349 794 1387 μικρὸν
824 1349 897 1384 ὅσον,

68 1391 182 1431 εἲσδὲχῃ
204 1391 295 1431 ἕτερον
313 1416 320 1428 ,
352 1394 473 1432 στέργων
501 1394 546 1421 καὶ
576 1393 763 1431 ἀποστίργων,
792 1393 840 1425 οὓς
868 1393 898 1421 ἂν

66 1437 179 1475 κυρώσῃ
208 1438 243 1466 τὸ
274 1438 300 1466 ἐν
328 1438 370 1465 σοὶ
399 1441 451 1473 τῆς
477 1440 570 1476 ψυχῆς
598 1438 825 1476 προαιρούμενον,
853 1439 896 1466 καὶ

66 1482 186 1520 πατέρας
205 1481 278 1510 οὕτω
294 1482 417 1514 πολλοὺς
443 1480 505 1510 οὕτε
526 1481 632 1522 φύσεως
654 1481 812 1518 ἀκολουθίᾳ,
837 1481 898 1510 οὔτε

64 1528 239 1564 πνευματικῇ
255 1527 405 1564 τιθᾶμινος.

964 237 1009 262 est
1024 237 1127 262 contra
1143 243 1209 263 eum
1226 230 1276 271 qui
1293 240 1320 263 te
1342 235 1452 270 injuste
1478 236 1618 272 opprimit
1650 237 1794 272 pugnabit

962 282 1057 307 tecum
1074 280 1170 307 omnis
1185 279 1381 316 creatiozignis
1391 282 1493 308 contra
1504 281 1587 309 illum
1603 281 1790 316 excitabitur,

961 324 1072 352 diluvio
1088 325 1309 359 submergetur:
1322 327 1424 352 contra
1437 325 1520 353 illum
1537 326 1703 354 irascentur
1715 325 1789 354 ﬂuc-

961 371 1010 397 tus
1025 370 1126 403 maris,
1142 378 1229 398 omne
1246 369 1357 397 malum
1374 378 1441 398 eum
1458 371 1586 399 invadet.

998 504 1058 531 138.
1070 503 1134 532 Haec
1150 503 1248 531 omnia
1267 503 1320 530 tibi
1350 502 1510 538 evenirent,
1528 504 1553 531 si
1565 508 1681 541 propler
1704 504 1784 533 veri-

961 549 1050 576 tatem
1066 548 1236 576 solemniter
1249 548 1434 576 observatam
1464 548 1540 576 mala
1565 557 1669 584 passus
1692 557 1782 577 esses.

961 593 1045 628 Apud
1061 595 1089 621 te
1102 595 1201 620 autem
1216 601 1290 620 vana
1305 595 1374 620 sunt
1398 595 1545 629 praetexta,
1571 594 1679 621 mentis
1702 593 1785 622 malas

961 637 1120 672 involucra,
1142 639 1170 665 et
1185 637 1302 665 aurium
1316 637 1477 665 illusiones.
1509 640 1546 666 Re
1562 645 1629 665 vera
1643 638 1785 665 moventi-

961 682 1017 710 bus
1028 681 1118 710 livore
1133 684 1161 709 et
1176 682 1325 717 superbia,
1339 682 1484 717 episcopis
1508 682 1696 710 annumerari
1713 690 1789 717 pres--

961 726 1066 754 sumis.
1082 728 1137 754 Pro
1152 726 1262 762 injuria
1277 734 1334 754 non
1360 726 1478 754 ferenda
1501 726 1603 762 habes,
1620 726 1671 754 ubi
1699 725 1785 754 audis

960 773 989 799 te
1001 771 1100 799 minus
1116 774 1218 798 notum
1235 779 1324 806 quam
1348 771 1515 807 pontiﬁcem
1533 779 1540 801 :
1568 780 1625 799 non
1653 771 1784 799 sustines

960 824 1026 843 eum
1043 815 1110 852 plus
1125 824 1212 852 quam
1229 818 1256 843 te
1271 815 1406 850 laudari;
1420 825 1476 844 non
1490 816 1598 844 toleras
1613 824 1680 844 eum
1708 816 1783 844 cele-

960 860 1037 888 brari
1048 863 1077 888 et
1092 861 1160 896 poni
1187 862 1253 896 post
1287 868 1389 896 reges:
1414 860 1604 896 opprobrium
1630 861 1783 891 arbitraris

956 906 1045 940 caput
1059 904 1189 940 pontifici
1205 904 1359 938 inclinare,
1371 905 1488 940 judicas
1506 905 1687 933 intelornbile
1702 906 1727 934 si
1754 905 1781 933 ei

954 949 1080 977 venienti
1096 949 1132 977 ad
1148 951 1177 976 te
1192 949 1370 976 obviandum
1386 951 1447 977 est:
1465 949 1592 977 dedecus
1622 958 1723 978 censes
1753 949 1780 978 si

954 993 1006 1021 tibi
1024 996 1091 1021 ante
1104 1002 1170 1021 eum
1187 1001 1201 1020 e
1214 993 1353 1021 cathedra
1369 994 1584 1030 assurgendum
1601 997 1653 1022 est:
1666 994 1781 1030 postha-

954 1038 1046 1071 bitus,
1062 1038 1105 1066 ira
1117 1037 1351 1066 moreris.Times
1368 1046 1403 1065 ne
1422 1039 1458 1066 de
1483 1039 1608 1074 peccatis
1634 1039 1781 1074 judicium

955 1085 1132 1118 exerceatur,
1148 1081 1193 1110 vel
1209 1082 1294 1110 aliter
1309 1082 1339 1110 in
1356 1083 1631 1111 condemnationem
1647 1083 1781 1112 incidas:

954 1126 1057 1154 etideo
1074 1127 1147 1155 miro
1159 1127 1246 1155 modo
1262 1127 1387 1160 insanis,
1412 1127 1514 1155 studes
1529 1136 1597 1155 eum
1627 1127 1780 1164 projicere,

955 1177 982 1200 el
998 1171 1120 1200 electum
1138 1180 1155 1199 a
1177 1174 1205 1200 te
1229 1171 1255 1199 ei
1284 1172 1463 1199 substituere
1479 1180 1485 1199 ε
1503 1172 1546 1199 sic
1573 1172 1603 1199 in
1632 1173 1778 1201 incertum

955 1216 1190 1252 devenis,'quasi
1221 1216 1409 1244 meretricum
1439 1225 1538 1244 amore
1567 1217 1710 1253 agitaris:
1737 1216 1782 1245 vel

955 1261 1039 1298 quasi
1055 1262 1091 1289 de
1107 1261 1228 1288 materia
1250 1260 1391 1297 primaria
1406 1261 1496 1289 istum
1518 1261 1547 1288 in
1577 1261 1780 1298 episcopatum

955 1306 1075 1342 accipis,
1096 1308 1124 1334 et
1152 1305 1235 1333 illum
1260 1305 1405 1342 tantisper
1433 1307 1627 1334 contemnens
1655 1306 1781 1334 alterum

954 1350 1096 1378 admittis:
1113 1359 1207 1384 amas,
1223 1352 1251 1378 et
1267 1350 1355 1378 odisti
1371 1353 1458 1386 prout
1473 1350 1598 1379 voluerit
1625 1351 1781 1379 consilium

953 1396 1058 1423 animm
1072 1397 1140 1423 tuze:
1157 1398 1186 1423 et
1197 1395 1300 1423 exinde
1317 1395 1425 1423 multos
1458 1398 1554 1431 patres
1583 1403 1677 1432 neque
1698 1398 1783 1425 natu-

953 1440 1028 1468 rales
1040 1448 1134 1476 neque
1149 1439 1317 1475 spirituales
1333 1440 1447 1468 statuit.

99 1580 171 1618 ρλθ’.
188 1581 301 1618 Ἐρωτῶ
329 1591 368 1616 σι,
396 1581 419 1608 ὧ
447 1581 512 1620 σοφὲ
540 1581 656 1618 μοναχὶ,
684 1580 706 1608 εἰ
728 1580 815 1612 οὕτως
830 1580 894 1608 ἀπα.

995 1582 1055 1610 139,
1085 1584 1180 1616 Quare
1209 1582 1262 1610 abs
1284 1586 1320 1615 te,
1341 1582 1484 1610 monacbe
1499 1582 1627 1618 sapiens,
1641 1591 1708 1611 cum
1726 1583 1782 1612 isto

61 1625 145 1662 ρίσκῃ
175 1627 216 1660 τῷ
246 1625 426 1663 άγχιτέρμονι
455 1625 500 1653 καὶ
531 1625 636 1662 συνόρῳ
664 1625 798 1663 ἀρχιερει,
829 1626 860 1653 ’ὸν
885 1626 899 1653 ὁ

61 1670 208 1700 κανονικὸς
225 1668 379 1706 ἀνάδασμος
405 1668 490 1702 ἔθετο·
509 1669 535 1697 τί
560 1669 634 1697 ἔσται
659 1668 752 1707 ἕτερος
767 1671 781 1698 ὁ
797 1680 900 1706 καταρ-

61 1714 145 1749 τῖζων
177 1724 207 1758 σε
235 1707 449 1751 πνευματικῶς;
478 1716 548 1752 Ἄρα
575 1715 604 1742 ’ὸν
635 1714 666 1741 σὺ
696 1714 805 1752 ἐπιλὲξῃ
823 1728 830 1747 ς
848 1715 897 1743 Καὶ

61 1760 87 1788 τί
118 1757 205 1787 πλέον
234 1757 286 1794 ’ἔξει
318 1760 332 1786 ὁ
362 1759 581 1797 ἀρχιερεύς;Σὶ
609 1762 791 1796 παραιτεῖται,
818 1759 894 1798 εἷ’περ

63 1802 164 1837 ὶθᾶλει,
181 1804 196 1831 ὁ
213 1802 248 1831 δι’
273 1803 502 1842 ἑξομολογήσιως
528 1803 568 1835 εἷς
592 1802 677 1832 παῖδά
699 1815 740 1832 σοι
766 1804 896 1841 ποιούμε-

63 1859 122 1879 νος.
137 1848 171 1877 El
198 1847 228 1875 δὶ
252 1848 296 1876 καὶ
321 1848 352 1875 σὺ
374 1847 419 1876 τόν
447 1848 577 1886 ἀρχιερέα
601 1859 661 1882 σου,
676 1848 704 1876 τί
730 1847 780 1886 ἄρα
803 1848 897 1886 ἐκείνῳ

61 1893 132 1930 πρός
150 1903 180 1920 σε
194 1893 227 1920 τὸ
241 1891 369 1932 διάφορον
385 1902 392 1927 ;
410 1893 471 1924 Υἱὸς
496 1893 578 1931 πατρὶ
604 1892 695 1921 δίκαία
719 1892 809 1931 λέγων
829 1894 896 1932 πρὸς

59 1937 236 1972 malum,
266 1937 424 1974 ἐπιτιμᾶται
453 1936 586 1969 δικαίως.
611 1938 801 1975 Παραιτεῖσοαι
834 1938 896 1975 μὲν-

56 1993 98 2010 τοι
115 1982 197 2010 αὐτὸν
214 1981 263 2010 οὐκ
283 1981 312 2009 ἂν
340 1981 402 2010 οὐδὲ
427 1980 471 2009 διὰ
496 1982 632 2018 στόματος
659 1982 790 2020 θαρῥῆσοι
808 1992 893 2020 προς-

57 2030 187 2064 ε-ηγκεῖν.
215 2026 253 2054 Σὺ
275 2025 303 2054 δὲ
318 2027 332 2054 ὁ
351 2027 449 2065 μικρὸς
474 2027 566 2064 πατὴρ
593 2027 699 2064 ἀπαρνῇ
722 2027 779 2060 τὸν,
804 2026 896 2058 καλῶς

57 2072 86 2098 ἂν
103 2071 225 2108 εἴποιμι,
249 2072 451 2110 πρωτοπάτορα
466 2093 472 2099 .
502 2070 573 2107 Ἤδη
599 2070 628 2098 δὲ
651 2071 695 2098 καὶ
723 2070 896 2108 Μελχισεδὲκ

58 2115 218 2154 λογίζεσθαι
243 2115 358 2154 βούλει,
389 2117 500 2153 ἀπάτωρ
529 2116 592 2143 εἶναι
622 2115 892 2154 πραγματευόμενος.

58 2160 128 2190 Οὐαί
144 2171 201 2195 σοι,
219 2160 373 2198 πατραλοία
390 2161 506 2198 μοναχὶ,
521 2159 671 2197 ἀποίμαντι
689 2161 828 2198 μόναργεί

94 2217 150 2253 pp].
168 2213 262 2242 Ἀλλὰ
277 2215 306 2241 at
332 2214 379 2251 μὶν
405 2213 507 2252 ἀφίημι
534 2213 653 2251 χαίρειν,
672 2214 716 2241 καὶ
739 2214 790 2248 τήν
816 2224 894 2241 πνευ-

59 2261 179 2296 ματικὴν
211 2259 383 2291 ἀποσείεσθαι
412 2257 549 2296 ζεύγλην,
581 2258 626 2285 καὶ
659 2251 936 2297 πραγματεύεσθαιῙ)

58 2305 106 2338 τήν
124 2303 304 2340 ποθουμένην
327 2303 356 2330 σὶ
381 2302 486 2338 πλάνην
513 2301 557 2331 διὰ
579 2303 611 2330 τὸ
636 2303 834 2340 ἀνεξέλεγκτον,
859 2304 896 2335 ὡς

58 2350 71 2376 ὁ
89 2350 177 2386 μέγας
204 2347 352 2387 φιλοσοφεῖ
378 2347 527 2384 Σολομῶν.
554 2350 634 2374 Ποῖον
651 2348 680 2374 σὲ
697 2348 763 2382 ςτὸν
794 2348 894 2384 οίημα-

56 2394 128 2427 τίαν,
144 2394 194 2421 τὸν
220 2392 397 2430 κενὸτροπον,
422 2393 468 2419 τὸν
493 2391 538 2419 διὰ
561 2392 592 2419 τὸ
617 2392 709 2429 περιὸν
737 2394 791 2419 τῶν
817 2402 895 2419 πται-

58 2439 170 2474 σμάτων
198 2436 435 2476 φιλοτιμούμενον
462 2436 492 2464 τὸ
522 2436 726 2473 ἀνεπιτίμητον·
756 2437 802 2464 τὸν
830 2436 895 2474 ὑπὲρ

58 2483 166 2511 πάντων
186 2483 248 2519 μὶν,
274 2482 318 2509 καὶ
344 2481 430 2509 αὐτῶν
455 2483 510 2508 τῶν
536 2480 654 2519 ἐχθρῶν,
684 2479 827 2520 ὀφείλοντα
852 2479 895 2508 εὕ-

58 2533 170 2565 χεσθαι,
198 2526 276 2563 μόνῳ
300 2525 328 2554 δὲ
352 2527 391 2562 τῷ
417 2526 542 2564 ἀρχιερεῖ
565 2526 609 2553 καὶ
632 2526 681 2560 τὴν
699 2524 733 2553 δι’
760 2525 894 2564 ἀναφορᾶς

61 2573 178 2609 μνήμην
206 2570 374 2604 ἰκκλείοντα,
398 2570 443 2598 καὶ
467 2568 538 2606 μηδὲ
562 2569 729 2608 ἐγγράφονται
750 2571 830 2597 τοῦτο
856 2570 893 2600 είς

60 2616 246 2654 μνησικακίαν
278 2625 285 2631 ⁸
316 2615 362 2644 τὸν
401 2614 556 2654 ἀφύλακτον
593 2615 643 2649 τήν
680 2614 816 2652 γλῶσσαψ
847 2615 893 2641 τὸν

59 2661 282 2699 ἀπεριμάριμνοιι
301 2660 335 2687 τὰ
361 2659 399 2691 εἰς
425 2658 533 2694 λαλιὰν,
556 2658 601 2686 καὶ
625 2658 687 2686 οὐδὲ
707 2658 853 2697 ἐχέφρονα,
870 2658 896 2686 ei’

60 2706 118 2743 χρὴ
148 2708 208 2736 τοῖς
237 2702 354 2742 ἔναγχός
380 2715 434 2731 που
463 2704 566 2742 ῥήμασι
592 2704 778 2740 τεκμήρασθαι
800 2703 845 2730 καὶ
860 2703 894 2730 τὰ

60 2751 114 2788 πρὸ
130 2749 250 2777 τούτων.
276 2748 406 2777 Μιλιτῶν
423 2748 472 2787 γὰρ
497 2750 648 2786 κορακικῶς
671 2748 703 2776 τὰ
726 2749 785 2780 καθ’
801 2749 891 2784 ἡμῶνι

61 2795 107 2823 καὶ
126 2794 202 2823 ἄλλα
230 2794 276 2831 μὶν
295 2792 422 2832 ἔκρωξας,
450 2792 476 2820 ἐν
504 2791 531 2820 δὲ
545 2795 603 2825 τοῖς
628 2792 673 2821 καὶ
698 2792 740 2821 δτι
765 2793 891 2829 ’Λπειμι,

957 1627 1044 1655 modo
1058 1635 1148 1663 agens
1163 1630 1265 1654 contra
1280 1627 1452 1662 episcopum
1474 1627 1641 1663 proximum
1667 1631 1696 1656 et
1711 1628 1781 1656 vici-

955 1680 1035 1704 num,
1053 1679 1138 1707 quem
1152 1671 1250 1707 posuit
1264 1679 1411 1699 canonum
1427 1671 1613 1706 delimitatio,
1633 1673 1704 1708 quid
1721 1673 1778 1701 erit

954 1717 989 1744 de
1005 1717 1096 1744 altero
1110 1718 1139 1743 te
1154 1714 1348 1751 spiritualiter
1373 1716 1572 1751 corripiente?
1607 1718 1662 1744 Aut
1691 1725 1778 1753 quem

953 1761 1004 1789 tibi
1021 1760 1214 1797 eliges?Quid
1231 1759 1358 1796 amplius
1380 1760 1435 1788 erit
1450 1761 1607 1796 pontiﬁci?
1634 1761 1674 1789 Te
1698 1769 1781 1789 rene-

952 1808 1012 1842 gat,
1029 1806 1053 1834 si
1074 1805 1149 1839 vult,
1175 1805 1224 1840 qui
1249 1813 1283 1832 ex
1313 1805 1468 1840 adoptione
1498 1813 1549 1841 pro
1577 1805 1637 1834 filio
1661 1806 1714 1835 tibi
1732 1815 1780 1835 as-

952 1853 1090 1886 sumptus
1101 1852 1154 1878 est.
1167 1850 1196 1877 Si
1212 1852 1311 1877 autem
1325 1852 1357 1876 tu
1381 1850 1548 1884 pontificem
1579 1853 1671 1885 tuum,
1702 1860 1780 1887 qua:-

951 1903 1019 1922 nam
1034 1894 1200 1922 differentia
1214 1893 1275 1922 inte
1289 1896 1318 1921 te
1333 1895 1361 1921 et
1385 1893 1469 1922 illum
1484 1895 1498 1921 ‘2
1523 1895 1575 1927 Qui
1602 1895 1681 1924 ﬁlius
1705 1896 1781 1932 patri

946 1940 998 1975 jus
1013 1938 1094 1974 dicit,
1115 1941 1144 1966 et
1158 1938 1310 1966 contendit
1327 1946 1394 1966 cum
1410 1947 1453 1974 eo,
1471 1939 1573 1967 merito
1601 1941 1780 1977 increpntur.

951 1983 1037 2011 Illum
1054 1985 1152 2010 autem
1168 1990 1307 2017 renegare
1318 1991 1354 2010 ne
1368 1991 1415 2010 ore
1427 1984 1545 2018 quidem
1558 1984 1714 2020 quisquam
1730 1994 1782 2013 au-

950 2027 1083 2054 debit.Tu
1101 2028 1198 2053 autem
1216 2028 1298 2060 pater
1313 2025 1454 2053 minimus
1470 2035 1556 2054 avum
1577 2031 1653 2056 recte
1668 2029 1781 2056 dictum

950 2079 1049 2106 negas.
1067 2070 1102 2098 Ut
1121 2069 1333 2097 Melchisedech
1363 2071 1493 2105 reputari
1524 2071 1685 2105 desideras,
1715 2073 1780 2100 sine

950 2117 1032 2151 patre
1045 2122 1110 2142 esse
1125 2113 1324 2150 concupiscis;
1337 2122 1377 2141 vso
1392 2113 1608 2150 tibi,parricida
1623 2116 1779 2150 monache,

950 2168 1001 2188 rex
1016 2167 1073 2187 non
1092 2167 1226 2194 pascens.

986 2213 1047 2240 140.
1064 2213 1104 2240 Te
1120 2214 1218 2239 autem
1236 2211 1352 2239 dimitto
1378 2212 1565 2247 abjicientem
1589 2214 1696 2250 jugum
1722 2214 1781 2250 spi-

953 2257 1068 2291 rituale,
1099 2259 1187 2292 atque
1214 2259 1377 2284 sectantem
1407 2265 1520 2285 errores
1548 2267 1564 2286 a
1593 2261 1620 2286 te
1645 2258 1778 2292 dilectos,

951 2303 1018 2339 quia
1034 2301 1206 2338 reprehendi
1225 2303 1419 2336 nequeunt,ut
1434 2302 1475 2329 ait
1490 2311 1615 2339 magnus
1630 2303 1778 2331 Salomon.

951 2349 986 2376 Et
1001 2347 1118 2383 qualem
1135 2354 1203 2381 ergo
1213 2346 1226 2372 ‘2
1243 2348 1486 2380 Praesumentem,
1501 2355 1577 2374 vana
1592 2347 1780 2384 cogitantem,

950 2401 1003 2428 per
1018 2391 1150 2419 facinora
1176 2389 1316 2426 praeclara
1349 2393 1529 2426 quaerentem
1559 2400 1617 2419 non
1643 2392 1775 2420 condem-

951 2437 1026 2472 nari,
1042 2437 1196 2464 oraturum
1209 2443 1260 2470 pro
1276 2435 1425 2467 omnibus,
1437 2437 1465 2463 et
1481 2436 1620 2471 inimicis,
1646 2437 1696 2464 sed
1726 2437 1780 2465 soli

951 2479 1083 2517 pontiﬁci
1101 2479 1275 2507 memoriam
1287 2479 1365 2507 intra
1381 2479 1560 2509 oblationem
1583 2483 1779 2515 recusantem,

951 2533 1004 2553 nec
1031 2527 1130 2553 tamen
1160 2524 1226 2552 odio
1260 2524 1340 2551 istud
1369 2524 1592 2560 ascribentem;
1624 2526 1727 2562 lingua
1743 2526 1783 2554 ef-

950 2570 1073 2601 frenem,
1117 2568 1190 2596 nihil
1234 2568 1394 2596 sollicitum
1436 2570 1472 2598 de
1528 2572 1672 2606 procacia,
1722 2579 1781 2599 non

951 2616 1175 2651 temperantem,
1201 2613 1224 2640 si
1255 2613 1407 2641 referenda
1437 2617 1507 2642 sunt
1531 2616 1619 2644 verba
1647 2616 1780 2652 superius

950 2660 1039 2692 dicta,
1051 2658 1095 2686 vel
1112 2657 1168 2685 alia
1186 2657 1278 2693 prius.
1309 2657 1381 2685 Cum
1411 2659 1489 2687 enim
1523 2668 1602 2688 more
1632 2668 1780 2688 corvorem

949 2713 1003 2732 nos
1019 2703 1200 2735 observares,
1211 2701 1269 2729 alia
1294 2702 1411 2737 quidem
1428 2703 1572 2739 clamasti,
1591 2707 1620 2732 et
1643 2705 1720 2732 inter
1747 2713 1782 2733 ea

948 2749 1041 2777 illud:
1081 2747 1153 2774 Ecce
1182 2746 1297 2782 absum,
1327 2750 1358 2774 ut
1385 2750 1487 2775 contra
1522 2749 1780 2784 metropolitanum

948 2794 1120 2829 deponeres.
1152 2790 1330 2819 Vomitorem
1359 2792 1512 2821 confessus
1543 2801 1574 2822 es
1605 2794 1635 2822 in
1664 2793 1779 2831 dialogo
