2018 3158
212 150 271 180 84⁵1

211 218 308 244 tecum
321 216 446 252 incepto,
463 217 491 244 et
505 215 561 244 hoc
575 217 696 244 verbum
713 216 762 250 sit,
777 216 830 243 tibi
846 215 875 243 in
900 214 1040 243 manifes-

212 264 274 288 tam
290 261 578 288 condemnationem.
595 263 633 288 Te
649 263 745 288 autem
763 260 890 292 dimitto,
908 259 1040 295 relinquo

210 306 261 332 tuo
279 305 418 339 vomitui,
431 305 472 333 ita
487 308 518 332 ut
531 305 625 341 palam
643 305 719 333 sitte
735 306 770 332 ad
795 308 921 333 veterem
950 304 1040 332 vomi-

210 351 272 377 tum
285 357 452 386 regressum
469 358 544 383 esse,
560 349 637 385 quod
663 350 693 376 in
706 352 829 377 tonsura
857 349 1038 377 declaratum

213 394 318 422 fuerat.

250 528 311 556 141.
329 528 441 556 Rursus
457 530 553 556 autem
569 536 736 556 sermonem
755 528 790 556 ad
806 528 967 556 monachos
997 536 1039 556 re-

214 574 309 602 ﬂecto.
325 574 397 600 Ante
412 573 510 600 omnia
527 581 620 609 praeco
631 581 714 600 sacer
729 577 773 600 est
789 573 1038 605 monachus.Quid

213 620 312 646 autem
320 618 430 645 bonum
437 620 465 645 et
473 617 530 645 Deo
540 618 661 654 dignum
671 618 860 645 annuntiabit
876 617 963 645 homo
971 617 1039 644 illit-

212 665 336 695 teratus,
359 662 474 698 deiquo
503 670 600 690 sermo
627 670 719 698 nuper
739 662 857 689 habitus
883 661 952 690 est?
976 661 1037 689 Nisi

210 706 266 734 hoc
281 706 396 734 solum:
412 718 425 731 α(
445 707 520 734 Lava
536 710 626 742 pater,
648 718 657 730 -
675 709 725 734 aut
741 706 813 734 illud
832 715 839 733 :
866 716 880 731 ‹‹
915 706 1037 734 Benedic

211 751 349 779 calidum.
369 763 379 775 ι
412 751 447 778 Ει
469 751 576 778 iterum
605 759 692 778 verus
715 751 877 778 monachus
911 754 963 785 est,
985 751 1036 786 qui

210 795 353 829 formans,
370 803 422 822 seu
439 796 603 822 reformans
620 803 753 823 seorsum
779 795 909 822 animam
938 803 1034 828 suam,

210 838 349 875 intelligit
363 839 462 866 omnia
477 847 565 874 opera
590 839 713 866 Domini.
745 840 813 872 Quae
843 839 1036 875 intelligentia

211 883 415 911 monachicam
431 883 575 911 theoriam
593 886 621 911 et
645 883 805 919 practicam
836 883 1034 919 amplectitur.

211 928 368 956 Theoriam
384 928 463 956 enim
481 928 651 956 manifestat
667 927 871 964 intelligentia,
900 936 965 964 quas
992 931 1037 956 est

210 972 335 1001 facultas
351 973 546 1007 rationabilis,
559 976 588 1000 et
603 973 696 1000 tendit
712 973 748 1000 ad
770 973 848 1001 idem
874 975 959 1008 atque
988 982 1036 1001 sa-

210 1017 330 1053 pientia.
360 1017 394 1044 Et
419 1017 538 1044 aliunde
563 1017 593 1045 in
627 1017 682 1045 hoc
698 1017 795 1049 verbo,
816 1020 910 1053 Opera
925 1018 1034 1052 omnia,

211 1062 378 1089 ostenditur
394 1062 531 1098 practica,
557 1062 705 1098 siquidem
735 1063 887 1098 operarius
916 1066 960 1091 est
984 1063 1034 1099 qui

208 1106 348 1134 virtutem
371 1106 458 1134 habet
472 1107 644 1142 practicam.
664 1107 748 1143 Apud
779 1116 833 1135 nos
858 1107 947 1143 igitur
966 1115 1034 1136 eum

208 1158 317 1187 quaero,
334 1150 385 1186 qui
396 1150 456 1179 sive
471 1151 629 1185 litteratus,
643 1151 702 1179 sive
717 1151 885 1180 illitleratus
900 1160 966 1180 cum
984 1152 1033 1185 sit,

208 1194 335 1222 animam
349 1203 433 1222 suum
446 1195 575 1231 disponit
584 1196 619 1223 ad
631 1196 706 1223 hanc
719 1196 984 1232 intelligentiam,et
996 1197 1031 1224 ad

207 1247 296 1274 opera
310 1239 374 1274 ejus
389 1247 396 1273 ;
413 1239 522 1275 quique
533 1240 668 1267 meminit
684 1248 742 1267 non
758 1249 844 1276 posse
859 1249 905 1268 res
917 1241 1032 1269 divinas

207 1281 371 1318 intelligere
387 1282 535 1311 hominem
565 1284 622 1312 nisi
635 1284 770 1312 didicerit
797 1285 840 1312 vel
871 1285 964 1312 discat
992 1285 1030 1313 le-

207 1326 302 1362 gendo
317 1329 368 1354 aut
382 1328 524 1355 servando
540 1327 638 1356 divina
654 1329 792 1357 mandata
807 1329 847 1364 (id
862 1329 940 1357 enim
957 1330 1030 1357 ratio

208 1373 340 1406 quaedam
358 1371 661 1408 discendiesl):ueque
673 1374 831 1409 practioam
847 1373 955 1402 habere
970 1374 1030 1402 vir-

206 1417 302 1443 tutem
318 1425 381 1452 quae
397 1417 541 1452 accipitur
557 1419 588 1445 ut
613 1417 740 1453 cognitio
769 1419 903 1454 quaedam
928 1427 946 1446 a
971 1419 1029 1446 Deo

208 1459 362 1496 inspirata,
378 1464 406 1489 et
421 1461 457 1489 ab
473 1461 538 1497 ipsa
551 1462 707 1498 sapientia,
732 1471 749 1490 a
764 1462 822 1490 Deo
845 1463 977 1491 immissa
992 1463 1029 1491 iis

208 1504 259 1541 qui
274 1512 340 1533 eum
353 1506 488 1541 operibus
504 1506 615 1539 colunt,
629 1514 761 1543 quosque
784 1507 849 1536 licet
877 1508 1028 1544 simplices

205 1549 271 1585 ipse
286 1549 366 1578 novit
381 1549 475 1578 facere
489 1550 648 1587 sapientes.

239 1682 300 1710 142.
317 1683 388 1712 Dato
403 1684 491 1712 etiam
507 1686 584 1721 quod
611 1686 781 1714 monachica
809 1687 959 1715 conversio
987 1687 1027 1715 sit

203 1736 251 1755 ars
267 1728 388 1762 artium,
404 1729 526 1757 scientia
541 1730 776 1764 scientiarum,in
792 1739 851 1766 quo
867 1731 945 1759 sistit
959 1731 1025 1767 phi-

203 1771 349 1808 losophia,
367 1773 562 1802 nihilominus
592 1783 692 1802 revera
706 1774 901 1810 philosophus
915 1778 961 1803 est
975 1775 1025 1811 qui

202 1815 316 1843 habitat
329 1817 357 1844 in
370 1817 529 1845 solitudine
544 1825 596 1853 spe
612 1818 661 1845 Dei
677 1818 794 1846 videndi
806 1822 834 1846 et
842 1819 1023 1854 possidendi.

202 1859 521 1895 Philosophumautem
534 1870 599 1889 esse
627 1862 773 1898 quomodo
803 1863 942 1898 possibile
968 1864 1024 1891 erit

203 1900 229 1928 ei
242 1902 291 1936 qui
307 1910 401 1939 neque
416 1904 529 1932 litteras
544 1905 616 1932 satis
629 1905 719 1940 novit,
736 1913 832 1942 neque
853 1906 883 1934 in
901 1906 1022 1942 gloriam

202 1945 365 1981 spiritualis
388 1949 565 1984 operationis
590 1950 728 1986 rexpexit.
758 1950 792 1978 Et
820 1951 898 1987 quod
929 1953 1023 1988 majus

199 1992 253 2024 est,
272 1991 328 2018 Deo
344 1994 496 2027 proximus
511 1998 556 2022 est
571 1994 734 2022 monachus
764 1996 880 2031 proprie
913 1997 1021 2029 dictus,

195 2033 320 2070 ideoque
336 2037 463 2072 quietus.
481 2038 562 2070 Quod
589 2039 613 2066 si
638 2039 789 2074 proximus
805 2043 857 2073 est,
887 2040 1021 2070 etintue-

194 2081 252 2113 tur,
279 2082 442 2109 secundum
472 2082 553 2110 istud
584 2094 597 2107 α
628 2083 734 2111 Vacate
763 2087 792 2112 et
820 2084 914 2112 videte
948 2085 980 2120 ’⁸,
1007 2097 1022 2110 ››

192 2125 283 2152 Deum
300 2125 423 2155 scilicet.
441 2127 534 2156 Deum
551 2131 650 2156 autem
666 2137 725 2165 qua
741 2129 852 2158 ratione
868 2134 1023 2167 cognoscet

192 2168 281 2197 homo
310 2172 454 2199 ambobus
484 2173 577 2200 oculis
611 2174 745 2207 orbatus,
789 2183 914 2209 quorum
945 2185 1021 2205 unus

191 2213 394 2248 practicam,et
410 2216 482 2244 alter
495 2217 636 2245 theoriam
648 2218 837 2254 dirigit;quos
849 2219 925 2247 inter
936 2220 1020 2248 breve

598 150 810 181 EUSTATHII
833 148 1217 180 THESSALONIGENSIS
1240 149 1535 182 METROPOLITE

1869 151 1930 182 848

1057 213 1227 252 Αέεεράσων
1262 215 1296 243 τὰ
1321 217 1390 244 κατὰ
1409 218 1459 244 τοῦ
1487 215 1707 254 μητροπολίτου.
1734 217 1928 254 Ὧμολότησας

1095 257 1146 296 ἄρα
1168 259 1194 286 ἂν
1221 259 1350 298 συλλόγῳ
1379 263 1419 297 τῷ
1447 261 1516 288 κατὰ
1543 261 1573 288 σὶ
1601 259 1745 299 ιεεραστὴς
1771 262 1855 289 εἶναι·
1883 262 1928 290 καὶ

1093 303 1190 331 κείσθω
1219 315 1261 331 σοι
1289 303 1412 341 τοῦνομα
1439 305 1477 336 εἰς
1508 305 1636 342 λαμπρὸν
1663 305 1822 342 ιπώνυμον.
1839 305 1928 335 Ἀλλὰ

1094 348 1123 375 ei
1147 349 1194 384 μὶν
1219 348 1307 380 οὕτως
1332 349 1454 389 ἀφίημι,
1480 349 1676 388 παραῤῥιπτῶν
1700 352 1742 386 τῷ
1768 352 1809 386 σῷ

1096 401 1170 429 ματι¹
1187 392 1225 424 ὡς
1255 392 1285 420 ἃν
1313 394 1358 421 καὶ
1388 392 1459 421 οὕτω
1488 393 1572 426 δῆλον
1599 393 1653 430 εἴη,
1669 395 1707 426 ὡς
1732 394 1928 431 ἐπανίκαμψας

1093 435 1132 468 εἷς
1147 436 1193 464 τὸν
1211 435 1328 464 παλαιὸν
1353 436 1461 474 ἔμετον,
1487 437 1571 476 οὗπερ
1595 437 1680 476 ὶχρῆν
1701 437 1872 476 ἀπέχθεσθαί
1889 449 1928 475 σι,

1094 482 1130 512 ὡς
1144 482 1162 516 ἡ
1177 481 1263 518 κουρὰ
1282 482 1473 519 παρήγγειλεν.

1128 527 1202 564 ρμα’.
1219 523 1369 554 Ἀναϐαίνω
1392 525 1422 554 δὶ
1444 526 1526 554 πάλιν
1550 529 1590 563 τῷ
1615 526 1692 564 λόγῳ
1714 525 1754 558 εἷς
1776 527 1827 554 τὸν
1846 537 1930 564 μονα-

1092 571 1172 608 χικὸν
1200 571 1327 608 ὁρισμόν.
1356 571 1387 600 Ὀ
1416 571 1538 609 μοναχὸς
1565 571 1634 608 πρὸς
1661 574 1721 603 τοῖς
1752 571 1855 603 ἄλλοις
1881 573 1927 600 καὶ

1093 615 1223 653 θεοχῆρυε
1251 615 1334 643 εστίν.
1363 615 1393 642 Τί
1423 614 1451 643 δὲ
1477 614 1508 643 ἂν
1532 615 1639 654 κηρύξῃ
1668 616 1771 653 ἀγαθὸν
1797 616 1844 644 καὶ
1868 620 1929 654 θεῷ

1091 660 1194 697 πρᾶπον
1217 660 1398 697 ἀγράμματος
1424 659 1574 697 ἄνθρωπος,
1600 660 1630 688 ὃν
1655 659 1689 695 δὴ
1713 661 1768 698 πρὸ
1797 661 1926 699 βραχέων

1092 705 1105 732 ὁ
1122 703 1203 741 λόγος
1227 704 1368 732 intimate
1385 717 1393 738 ς
1408 703 1430 732 εί
1453 705 1491 740 μὴ
1516 703 1568 741 ἄρα
1593 703 1678 732 ἱκεῖνο
1703 705 1749 733 καὶ
1780 705 1868 742 μόνον
1884 706 1926 733 τό·

1093 761 1107 776 ‹‹
1123 749 1277 786 Ἀπόνιψαι,
1303 749 1396 787 πάτερ·
1416 762 1426 776 ι
1445 749 1489 776 καὶ
1514 747 1556 777 τό·
1574 761 1588 775 ιι
1612 749 1774 787 Εὗλύγησον
1805 750 1838 778 τὸ
1865 756 1929 788 θερ-

1092 793 1152 830 μόν,
1169 806 1183 819 ››
1210 795 1270 822 Ἔτι
1301 793 1422 830 μοναχὸς
1453 794 1467 820 ὁ
1495 794 1596 830 κυρίως
1634 793 1728 829 ἐστὶν,
1756 795 1787 825 ὃς
1805 794 1925 829 πλάσας,

1089 839 1184 866 ταυτὸν
1201 836 1224 865 δ’
1240 837 1334 874 εἷπεῖν,
1359 837 1515 869 ἀναπλάσας
1541 838 1698 874 καταμόνας
1728 839 1779 873 τὴν
1810 838 1925 876 καρδίαν

1050 899 1075 932 Β
1089 883 1172 910 αὐτοῦ
1195 882 1316 918 συνίησιν
1342 882 1380 913 είς
1405 883 1549 910 πάντατὰ
1575 881 1640 920 ἔργα
1662 885 1711 910 τοῦ
1733 886 1817 913 Θεοῦ.
1833 884 1866 913 Ἡ
1896 883 1922 912 δὲ

1090 927 1202 963 τοιαύτη
1230 927 1333 958 σύνεσις
1357 927 1388 954 τὸ
1422 927 1571 965 μοναχικὸν
1601 928 1770 965 θεωρητικὸν
1795 929 1855 965 ἅμα
1878 930 1922 957 καὶ

1090 972 1236 1010 πρακτικὸν
1265 971 1388 1010 ἐμφαίνει
1406 993 1412 1000 .
1443 971 1562 1009 Θεωρίας
1591 972 1639 1008 μὶν
1677 973 1730 1010 γὰρ
1761 971 1876 1009 ἔνδειξις
1903 975 1919 1009 ἡ

1090 1016 1202 1050 σύνεσις,
1219 1015 1318 1054 λογιχὴ
1346 1015 1427 1053 ἀρετὴ
1453 1015 1528 1050 οὖσα,
1554 1016 1599 1043 καὶ
1614 1015 1654 1047 εἲς
1683 1017 1781 1044 ταυτόν
1797 1028 1826 1044 τι
1840 1017 1919 1056 ἐρχο-

1092 1062 1156 1098 μὲνη
1184 1063 1218 1098 τῇ
1244 1061 1333 1100 σοφίᾳ·
1349 1061 1380 1088 τὸ
1397 1059 1426 1088 δὲ
1451 1072 1466 1086 ‹‹
1482 1060 1568 1088 πάντα
1583 1059 1648 1098 ἔργα
1665 1072 1679 1087 ››
1694 1061 1745 1096 τὴν
1763 1064 1917 1099 πρακτικὴν

1089 1105 1292 1145 παραδείκνυσιν
1307 1128 1313 1134 .
1338 1105 1493 1143 Ἐργατικὸς
1520 1104 1571 1143 γάρ
1595 1115 1635 1136 τις
1662 1105 1707 1133 καὶ
1731 1106 1746 1133 ὁ
1769 1107 1832 1133 κατ’
1861 1107 1920 1144 ἁρε-

1087 1151 1136 1185 τὴν
1166 1149 1322 1187 πρακτικός.
1337 1151 1416 1184 Ζητῶ
1444 1151 1510 1186 γοῦν
1536 1149 1582 1177 τὸν
1614 1148 1640 1176 ἰν
1670 1152 1731 1181 τοῖς
1757 1150 1821 1182 καθ’
1846 1151 1919 1187 ἡμᾶς

1087 1194 1142 1222 sic:
1162 1193 1334 1232 γραμματέα,
1364 1191 1418 1221 εἴτε
1445 1193 1635 1230 ἀγράμματον,
1665 1193 1697 1225 ὃς
1722 1194 1775 1228 τὴν
1803 1193 1918 1231 καρδίαν

1087 1238 1233 1267 διατίθεται
1255 1238 1322 1266 κατᾶ
1347 1237 1450 1265 σύνεσιν
1479 1237 1619 1273 τοιαύτην,
1646 1238 1692 1266 καὶ
1720 1236 1788 1276 ἔργα
1809 1240 1844 1267 τὰ
1857 1240 1918 1266 κατ’

1085 1285 1181 1319 αὐτήν·
1200 1283 1416 1320 ὑπομιμνήσκων
1441 1283 1486 1310 καὶ
1508 1281 1546 1314 ὡς
1573 1282 1623 1310 οὐκ
1647 1281 1676 1310 ἄν
1692 1281 1806 1311 δύναιτο
1828 1285 1919 1311 συνιέ-

1084 1339 1127 1356 ναι
1155 1328 1189 1356 τὰ
1220 1328 1286 1355 κατὰ
1322 1327 1388 1355 Θεὸν
1426 1327 1567 1364 ἄνθρωπος
1605 1328 1675 1364 μήτε
1705 1328 1814 1364 μαθὼν,
1847 1330 1917 1364 μήτε

1087 1373 1227 1410 μανθάνων
1257 1371 1284 1399 ἐν
1310 1374 1349 1407 τῷ
1364 1370 1437 1402 ὅλως
1452 1371 1654 1409 ἀναγινώσκειν,
1679 1371 1699 1406 ἢ
1723 1371 1797 1403 θείας
1813 1372 1916 1409 ἀκροά-

1085 1428 1139 1450 σεις
1173 1416 1395 1455 περιεργάζεσθαι
1431 1416 1457 1452 (ὃ
1485 1415 1530 1444 καὶ
1563 1416 1631 1444 αὐτὸ
1661 1417 1810 1453 μαθήσεώς
1841 1416 1913 1444 ἔστιν

1084 1461 1178 1499 εἷδος)·
1211 1460 1281 1499 μηδὲ
1312 1461 1365 1497 μήν
1394 1460 1544 1498 πρακτικὴν
1575 1458 1646 1498 ἔχειν
1673 1461 1792 1499 ἀρετὴν,
1819 1460 1838 1495 ἢ
1869 1461 1915 1488 χειῖ

1083 1507 1151 1542 αὖτή
1184 1506 1311 1544 γνώσεως
1351 1504 1409 1533 ἵόἑα
1445 1502 1686 1533 καθυποϐάλλεται
1719 1503 1914 1541 θεοδιδάχτου,

1084 1551 1179 1580 ὁποίαν
1204 1552 1222 1586 ἡ
1247 1548 1405 1586 αὖτοσοφία,
1421 1550 1435 1577 ό
1449 1549 1527 1585 Θεὸς,
1542 1548 1679 1586 ἐλλάμπει
1707 1551 1766 1581 τοῖς
1781 1550 1831 1577 καὶ
1846 1560 1915 1587 πρα-

1043 1582 1066 1617 G
1084 1598 1184 1627 κτικῶς
1212 1595 1292 1622 αὐτὸν
1318 1594 1522 1631 θεραπεύουσιν·
1551 1593 1598 1625 οὓς
1626 1593 1670 1621 καὶ
1691 1592 1805 1625 ἰδιώτας
1833 1592 1915 1627 ὄντας

1083 1639 1139 1669 οἶδε
1154 1640 1273 1678 σοφίζειν
1289 1638 1380 1670 αὐτός.

1117 1685 1192 1723 ρμβ’.
1221 1687 1280 1712 Ἒτι
1309 1682 1456 1720 δεδομένου
1483 1684 1532 1710 τοῦ
1559 1683 1609 1717 τὴν
1641 1682 1797 1721 μοναχικὴν
1832 1683 1913 1720 μετέ-

1081 1730 1171 1758 λευσιν
1197 1728 1298 1766 τέχνην
1321 1728 1386 1755 εἶναι
1411 1729 1515 1765 τεχνῶν
1541 1727 1593 1754 καὶ*
1611 1726 1768 1764 ἐπιστήμην
1796 1727 1911 1762 ἐπιστη-

1083 1777 1152 1811 μῶν,
1169 1774 1183 1802 ὃ
1199 1772 1232 1808 δὴ
1256 1773 1301 1801 καὶ
1324 1771 1488 1811 φιλοσοφίας
1513 1771 1577 1811 ὅρος
1602 1771 1682 1807 ἐστὶν,
1707 1770 1750 1807 εἴη
1777 1772 1809 1799 ἃν
1834 1773 1880 1800 καὶ
1897 1774 1911 1800 ό

1079 1818 1231 1856 καταμόνας
1259 1817 1300 1845 ἐπ’
1332 1815 1424 1845 ἐλπίδι
1459 1818 1494 1853 τῇ
1524 1817 1562 1847 εἷς
1589 1816 1634 1844 τὸν
1663 1817 1751 1851 Θεὸν,
1780 1817 1828 1844 καὶ
1855 1818 1910 1851 τήν

1079 1864 1137 1892 κατ’
1159 1863 1239 1890 αὐτὸν
1265 1861 1378 1898 θεωρίαν
1404 1860 1618 1898 κατῳκισμινος,
1640 1860 1792 1900 φιλόσοφος
1807 1860 1907 1893 ὅντως.

1079 1907 1244 1946 Φιλοτοφεῖν
1261 1905 1290 1934 Si
1314 1907 1372 1938 πῶς
1395 1905 1533 1943 περιέσται
1559 1905 1624 1940 τινὶ,
1642 1906 1712 1942 μήτε
1730 1905 1907 1943 γραμμάτων

1079 1953 1140 1985 ἅλις
1169 1951 1273 1990 ἔχοντι,
1305 1952 1375 1988 μήτε
1403 1950 1441 1982 εἷς
1455 1951 1505 1985 τὴν
1536 1950 1604 1978 κατά
1627 1952 1734 1987 πνεῦμα
1749 1952 1907 1987 πρακτικὴν

1078 1996 1215 2034 ἔλλαμψιν
1244 1995 1431 2034 παρακύψαντι
1459 2005 1466 2030 ;
1490 1995 1550 2024 Ἔτι
1579 1995 1610 2023 τὸ
1639 1995 1746 2023 πάντων
1777 1995 1910 2034 ὕπερθεν,

1077 2042 1250 2080 παραστάτης
1275 2042 1343 2067 Θεοῦ
1370 2040 1383 2066 ὁ
1407 2040 1475 2077 πρὸς
1500 2039 1684 2077 κυριωνυμίαν
1713 2040 1839 2078 μοναχὸς
1860 2041 1909 2068 καὶ

1078 2086 1112 2115 δι’
1137 2086 1201 2114 αὐτὸ
1230 2083 1423 2123 σχολαστιχόε.
1442 2083 1473 2112 Et
1499 2083 1527 2111 δὲ
1549 2086 1724 2122 παραστατεῖ,
1739 2085 1786 2112 καὶ
1809 2086 1911 2122 θεωρεῖ

1076 2131 1129 2170 ἄρα
1157 2131 1258 2158 ἐκεῖνον
1285 2131 1353 2157 κατά
1381 2128 1422 2156 τό-
1449 2140 1464 2155 ι(
1494 2127 1674 2166 Σχολάσατε,
1703 2128 1749 2156 καὶ
1773 2131 1875 2166 γνῶτε,
1894 2143 1906 2157 Ι

1074 2177 1120 2205 τὸν
1144 2175 1208 2204 Θεὸν
1232 2172 1352 2209 δηλαδή.
1373 2173 1438 2202 Θεὸν
1460 2171 1489 2200 δὲ
1512 2175 1570 2204 πῶς
1597 2171 1627 2200 ἂν
1649 2173 1728 2211 γνοίη
1750 2183 1793 2204 τις
1816 2184 1908 2208 πεπη-

1076 2220 1199 2258 ρωμένος
1223 2217 1365 2254 ἑκατέρους
1392 2216 1576 2256 ὀφθαλμούςς
1602 2216 1640 2244 ὧν
1663 2218 1677 2245 ὁ
1701 2217 1747 2254 μὲν
1774 2218 1808 2245 τὰ
1835 2219 1909 2246 κατὰ

191 2257 378 2287 intervallum
396 2262 424 2287 et
441 2262 538 2289 minus
554 2262 658 2297 capillo
674 2262 778 2290 tenui?
802 2263 932 2292 Profecto
943 2265 1020 2293 enim

1085 2265 1180 2303 πρᾶξιν,
1206 2263 1220 2290 ὁ
1246 2261 1274 2289 δὶ
1297 2261 1331 2288 τὰ
1353 2262 1421 2288 κατὰ
1445 2260 1559 2299 θεωρίαν
1587 2260 1721 2297 διέξεισιν,
1747 2262 1786 2288 ὦν
1807 2261 1905 2299 ὀλίγον

193 2309 251 2328 non
267 2305 312 2330 est
328 2304 450 2332 scientia
470 2307 607 2341 perfecta,
626 2315 689 2343 qua
712 2315 779 2335 cum
797 2308 934 2343 operibus
958 2317 1017 2337 non

191 2346 354 2381 concurrit;
379 2350 407 2376 et
430 2358 494 2385 quae
523 2359 612 2386 opera
636 2359 694 2378 non
710 2351 861 2380 illuminat
889 2353 1018 2381 caecitate

191 2391 275 2433 capta
290 2392 344 2417 est.
363 2392 396 2419 Et
417 2393 590 2431 plerumque
606 2395 754 2423 illuminat
782 2405 816 2424 ex
845 2397 1014 2433 Scripturis,

189 2432 219 2460 in
237 2433 344 2469 quibus
370 2439 556 2472 reperiuntur
581 2449 665 2468 sacra
690 2441 837 2476 dogmata,
858 2432 1014 2470 verborum

190 2477 381 2508 obscurorum
397 2481 663 2520 interpretationes,
681 2493 769 2512 sacras
785 2485 913 2513 historias
935 2487 1014 2520 ;haac

189 2522 385 2553 suntlumina
401 2527 509 2562 divina,
534 2529 620 2565 signa
649 2530 774 2565 decoris,
800 2529 945 2566 imagines
968 2532 1013 2559 in-

189 2567 372 2604 structionis,
389 2570 436 2599 lux
453 2573 598 2602 bonorum
614 2582 748 2610 operum,
776 2577 805 2602 et
827 2575 1013 2605 rectitudinis

189 2611 315 2641 stimuli.

224 2657 284 2686 143.
302 2659 379 2692 Quos
392 2668 445 2697 ego
461 2663 599 2697 optabam
614 2662 748 2699 colligere
764 2663 898 2698 profanas
920 2664 1010 2694 histo-

185 2701 256 2736 rias,
285 2705 449 2733 sententias
477 2710 506 2734 et
531 2707 695 2743 proverbia,
722 2716 757 2736 ex
772 2707 880 2743 quibus
896 2711 1009 2739 mendi-

225 2809 248 2827 ³⁸
261 2811 342 2839 Psal.
355 2819 399 2848 vn,
415 2812 460 2842 ii.

1071 2310 1102 2338 τὸ
1127 2307 1235 2346 μεταξὺ,
1257 2306 1302 2334 καὶ
1327 2305 1388 2333 ὅσον
1414 2304 1478 2333 οὐδὲ
1504 2305 1638 2342 λεπτότης
1658 2305 1769 2344 τριχός.
1797 2307 1907 2344 Θεωρία

1070 2365 1100 2382 τι
1111 2353 1162 2392 γὰρ
1177 2354 1194 2387 ὴ
1211 2349 1323 2384 ἐντελὴς
1348 2350 1398 2377 οὐκ
1419 2349 1449 2377 ἂν
1481 2350 1522 2385 εἴη
1548 2353 1583 2387 τῇ
1607 2350 1702 2387 πράξει
1718 2350 1904 2388 ἀσύντροχος,

1070 2399 1115 2426 καὶ
1145 2398 1239 2434 πρᾶξιν
1269 2394 1297 2422 δὲ
1328 2395 1365 2431 μὴ
1404 2395 1544 2432 Θεωροῦσα
1571 2393 1744 2434 τετύφλωται
1763 2416 1769 2423 .
1800 2398 1906 2432 Θεωρεῖ

1071 2442 1100 2470 δὲ
1113 2443 1147 2469 τὰ
1159 2440 1251 2468 πολλὰ
1275 2438 1319 2466 διὰ
1346 2436 1462 2476 βίϐλων,
1484 2439 1527 2471 αῖς
1550 2439 1595 2466 καὶ
1623 2437 1749 2476 δόγματα
1773 2439 1836 2476 ἱερὰ
1851 2439 1902 2475 ἰμ-

1068 2486 1235 2525 περιὲχεται,
1260 2483 1304 2511 καὶ
1327 2483 1438 2522 γραφῶν
1465 2483 1628 2522 ἀπορρήτων
1657 2483 1803 2519 ἀνάπτυξις
1821 2506 1829 2519 ,
1855 2484 1903 2511 καὶ

1068 2532 1139 2571 ἱεραὶ
1177 2529 1294 2568 ἱστορίαι
1312 2537 1318 2544 '
1349 2528 1435 2567 φάκτα
1465 2530 1523 2560 θεῖα
1552 2527 1649 2556 ἰκεῖναι
1667 2550 1674 2563 ,
1703 2528 1806 2560 εἰκόνες
1835 2539 1900 2556 παι-

1068 2577 1185 2607 δεύσεως
1202 2597 1209 2610 ,
1239 2576 1314 2613 φῶτα
1342 2572 1463 2610 πράξεων
1494 2573 1600 2611 ἀγαθῶν
1620 2595 1627 2607 ,
1654 2576 1829 2611 χαρακτῆρες
1857 2573 1899 2600 εὖ·

1067 2619 1254 2660 σχημοσύνης,
1270 2616 1420 2654 ὀρθότητος
1437 2617 1658 2654 προκεντήματα,

1102 2665 1172 2704 ρμγ’,
1191 2663 1261 2702 Ἐγὼ
1287 2660 1316 2689 δὶ
1340 2660 1441 2696 ἤθελον
1463 2660 1526 2692 τοὺς
1553 2660 1694 2693 τοιούτους
1712 2660 1757 2688 καὶ
1775 2659 1897 2704 ἱστορίας

1065 2708 1223 2748 ἰξωτερικάς
1254 2704 1412 2743 ἀνθολογεῖν
1436 2727 1443 2742 ,
1472 2705 1518 2734 καὶ
1546 2706 1657 2744 γνώμας
1685 2705 1728 2733 καὶ
1757 2703 1896 2744 ἀποφθέγ-
