2018 3158
112 214 175 246 849

621 214 674 244 DE
694 212 938 244 EMENDANDA
962 210 1057 243 VITA
1078 211 1322 242 MONACHIGA.

1762 213 1822 245 8ὒο

117 290 200 316 ματα,
228 279 254 315 ἒξ
283 280 321 307 ὧν
346 280 393 307 καὶ
422 278 448 307 οἱ
476 278 561 307 πάλαι
586 278 731 317 ἁγιώτατοι
746 278 863 316 Πατὲρις
878 277 936 312 ἱρα-

996 279 1096 306 cantes
1112 277 1226 314 antiqui
1241 277 1336 305 sancti
1359 277 1460 307 Patres
1484 279 1541 307 mel
1557 279 1761 313 conﬁciebant,
1779 282 1818 314 et,

113 325 257 361 νισάμενοι
295 323 546 362 ίμελετοόργησαν,
579 320 867 360 σιμϐλοποιησάμενοι
906 321 939 349 τὰ

115 368 221 408 γλυκέα
248 368 337 397 ἐκεῖνα
366 366 472 407 βιϐλία,
505 369 548 400 οἷς
577 367 697 400 ἐνέθεντο
722 368 756 395 τὰ
787 366 940 405 γλυκύτερα

117 414 186 452 ὑπὲρ
216 413 278 450 μίλι
307 413 352 441 καὶ
380 413 477 451 κηρίον
502 412 592 450 λόγια,
621 413 666 440 καὶ
695 411 782 443 οὕτως
810 411 939 450 ἀρεσκόν-

113 469 171 489 τως
196 460 236 494 τῷ
273 459 331 494 Θεῷ
367 456 588 494 ἱλειτούργησαν.
627 456 676 485 Καὶ
710 455 862 493 ἰπεθύμουν
891 456 937 492 μὲν

114 501 196 534 αὐτὸς
223 500 350 530 τοιούσδε
372 501 418 529 καὶ
437 501 502 540 παρ’
524 503 592 538 ἡμῖν
606 502 675 529 εἷναι
702 501 766 532 τοὺς
787 511 939 540 προφαινο-

115 546 215 583 μένους
246 545 396 584 μοναχούς·
422 545 464 573 ὅτι
494 543 523 573 δὶ
550 544 629 573 αὐτοὶ
657 545 726 583 πρὸς
754 547 814 575 ταῖς
830 543 880 581 ἔξω
897 543 939 582 βί-

111 588 193 623 ϐλοις
222 590 402 629 ἔξαθερίζουσι
436 590 481 618 καὶ
514 589 562 622 τὰς
593 589 740 627 ἡμτὲρας,
766 589 862 616 ὁπόσαι
894 588 938 615 καὶ

994 322 1170 350 constructis
1200 324 1231 350 ut
1258 322 1424 350 alvearibus
1461 322 1506 351 his
1535 324 1638 357 libris,
1669 332 1820 352 sermones

998 366 1173 395 adulciores
1201 375 1288 403 super
1313 367 1370 395 mei
1393 369 1423 395 et
1452 368 1550 395 favum
1566 368 1588 386 ιο
1617 379 1631 394 ››
1658 368 1698 396 ibi
1726 369 1820 397 inclu-

994 412 1112 439 debant.
1134 412 1219 440 Tales
1248 411 1399 448 cupiebam
1429 420 1494 440 esse
1525 413 1602 449 apud
1631 421 1683 441 nos
1712 413 1763 449 qui
1789 413 1818 441 in

994 456 1087 492 primo
1103 456 1204 484 ordine
1219 456 1354 484 videntur
1368 464 1432 484 esse
1448 457 1594 484 monachi.
1605 457 1661 485 Sed
1676 457 1745 492 quia
1760 466 1818 485 non

994 501 1132 536 profanos
1147 500 1238 528 libros
1254 501 1362 534 solum,
1375 501 1426 528 sed
1443 503 1471 528 et
1485 504 1612 538 nostros,
1623 501 1732 537 quibus
1745 502 1819 529 Deus

994 547 1022 573 et
1037 544 1134 572 divina
1151 544 1240 572 altius
1260 547 1487 582 cognoscuntur,
1511 546 1591 581 parvi
1616 545 1739 579 faciunt,
1754 545 1819 572 volo

994 597 1061 616 cum
1076 590 1119 617 eis
1134 589 1274 617 rationem
1289 597 1396 625 ponere
1411 598 1447 616 ne
1462 590 1589 625 amplius
1608 590 1650 617 sic
1666 589 1819 626 inaipiant.

117 634 224 672 μᾶλλον
247 632 429 672 ἐμϐαθύνουσι
443 637 503 666 τοῖς
518 633 557 666 εἰς
586 634 651 662 Θεὸν
679 634 724 662 καὶ
751 633 786 661 τὰ
814 633 882 667 θεῖα,
912 629 1031 670 εὔχομαι
1052 631 1187 670 λογισμὸν
1212 632 1305 664 αὐτοῖς
1327 632 1464 667 ἐντεθῆναι
1496 633 1533 669 μὴ
1560 633 1605 660 καὶ
1636 632 1717 660 sict-ti.
1733 632 1819 664 οὓτως

112 680 264 718 ἀφραίνειν.

149 723 220 762 ρμδ¹.
251 725 315 753 Οῐον
340 724 402 762 γάρ,
429 722 452 751 ὦ
479 726 516 762 γῆ
535 724 582 751 καὶ
611 722 717 761 οὖρανὶ,
744 721 828 759 λόγον
851 720 877 756 ἐξ
891 720 938 749 ἁν-

112 767 176 806 δρδς
204 767 330 796 τοιούτου
360 768 462 808 φθάσας
491 767 614 803 ἥκουσα·
645 768 765 804 ’Ἐμαθον
795 767 937 794 κατακεῖσ-

110 813 155 840 θαί
180 823 233 841 που
259 811 355 852 βίϐλον
384 813 469 851 ἱερὰν,
500 813 533 848 ἢν
563 812 716 848 ὲπονήσατο
741 807 906 849 Γρηγόριος,
923 810 937 837 6

109 857 155 885 καὶ
179 856 326 896 Θεολόγος,
353 859 407 895 πῦρ
435 857 551 889 πνεύσας
575 857 621 884 καὶ
649 855 816 893 καλλιλογίᾳ
830 854 936 891 ἐλλαμ-

111 901 244 939 ψάμενος.
273 902 322 930 Καὶ
352 903 369 937 ἡ
402 899 498 940 βίϐλος
528 902 586 939 εἶχε
614 900 687 929 πολὺ
714 901 746 928 τὸ
761 899 934 937 παράσημον,

1030 723 1091 750 144.
1108 722 1210 755 Qualia
1232 722 1329 757 verba,
1345 731 1362 750 ο
1377 722 1482 751 coelum
1505 724 1534 751 et
1563 724 1651 755 terra,
1682 724 1768 750 antea
1784 722 1819 750 ab

993 766 1112 795 homine
1123 767 1209 794 istius
1225 767 1304 794 modi
1316 766 1432 794 audivil
1449 768 1623 802 Acceperam
1638 766 1745 794 alicubi
1756 775 1820 794 esse

993 812 1150 848 quemdam
1164 812 1272 839 librum
1283 820 1507 848 sacrum,quem
1523 811 1680 848 Gregorius
1696 811 1819 840 Theolo-

992 864 1058 892 gus,
1074 856 1172 893 ignem
1196 857 1322 893 spirans,
1352 856 1468 893 egregia
1490 856 1635 884 sermonis
1662 856 1816 892 elegantia,

991 901 1216 937 conscripserat.
1233 900 1357 929 Multum
1381 901 1495 929 decoris
1510 900 1559 929 ille
1581 900 1655 929 liber
1671 900 1795 928 habebat
1809 909 1816 935 ;

108 947 155 974 καὶ
179 947 211 975 τὸ
240 947 298 975 κατ’
317 939 407 981 αὐτὴν
428 945 508 978 κλὲος
537 946 661 984 ἐξηγεῖτο
687 945 725 976 εἰς
738 943 875 980 πολΛοὺς,
889 943 935 971 καὶ

994 945 1067 973 fama
1082 945 1162 973 illius
1186 946 1264 981 apud
1290 945 1399 973 multos
1425 946 1610 979 narrabatur,
1640 945 1740 980 sicque
1756 945 1818 981 qui-

109 991 250 1031 ιφείλκετο
264 991 329 1022 τοὺς
355 991 489 1029 ἀκροατὰς
513 990 599 1021 οὕτως
625 989 727 1025 ἐκείνη,
750 988 795 1016 καὶ
821 988 935 1016 ἐθεῶντο

107 1036 193 1070 αὐτὴν
220 1035 290 1073 πρὸς
324 1036 434 1072 θαῦμα·
474 1035 520 1063 καὶ
552 1034 586 1070 ἧν
621 1034 750 1073 ξντρυφᾷν
777 1033 841 1064 τοὺς
873 1031 937 1071 βλι-

106 1089 210 1111 ποντας
246 1082 304 1111 τοῖς
340 1089 370 1107 τε
405 1079 481 1110 ἰντὸς
515 1079 561 1106 καὶ
594 1080 633 1115 τῷ
661 1076 871 1117 προφαινομένῳ
898 1076 936 1107 εἷς

108 1123 270 1163 ἀγαλλίαμα
294 1124 338 1152 καὶ
363 1125 456 1162 ψυχῆς
470 1124 515 1151 καὶ
539 1121 640 1160 ὅψεως.
669 1122 786 1160 Θᾶμενος
817 1121 863 1149 οὖν
892 1120 937 1148 καὶ

110 1168 164 1205 ὶγὼ
194 1167 314 1203 σπουδὴν
341 1167 464 1206 ἱντυχεῖν
490 1167 530 1204 τῷ
553 1167 631 1204 καλῷ
655 1166 800 1205 Γρηγορίῳ
827 1165 936 1202 τούτῳ,

110 1211 160 1240 οὐκ
187 1212 355 1251 εὐστόχησω
394 1212 523 1249 μετετέθη
549 1212 600 1250 γάρ
628 1222 687 1242 πως
710 1212 744 1239 τά
764 1221 794 1248 γε
815 1210 854 1241 εἰς
878 1210 936 1247 ιμέ.

111 1257 223 1293 Ἀμέλει
249 1257 294 1285 καὶ
332 1256 525 1294 λελυπημινος
559 1256 698 1293 ἐπυθόμην
724 1257 773 1282 τοῦ
801 1259 938 1292 καθηγου-

110 1301 193 1338 μένου
223 1302 269 1338 (ἦν
300 1300 329 1328 δὶ
357 1300 481 1339 ενάρετος
512 1301 526 1328 6
553 1300 634 1337 ἀνὴρ,
658 1300 703 1327 καὶ
724 1299 892 1337 γραμμάτων
909 1297 938 1325 δὶ

112 1344 227 1382 τδμων),
256 1348 306 1373 ποῖ
333 1355 399 1373 ποτε
427 1345 513 1372 τόπου
539 1344 571 1372 τὸ
597 1344 682 1372 καλὸν
708 1341 817 1381 βιϐλίον
846 1342 937 1378 ὶστίνς

109 1391 139 1418 '0
170 1388 199 1417 δὲ
226 1390 272 1417 τὸν
302 1391 352 1425 τῆς
381 1388 467 1426 δεξιᾶς
497 1389 613 1427 λιχανὸν
641 1387 799 1418 κατασείσας
829 1387 866 1418 ὡς
900 1387 937 1418 είς

112 1433 226 1469 κύκλον,
263 1432 339 1461 οὐδὲν
376 1433 548 1472 ἀπεκρίνατο.
588 1434 675 1469 Ἐμοῦ
712 1431 741 1460 δὲ
769 1431 938 1469 ἰγκιιμίνου,

114 1478 159 1506 καὶ
187 1478 291 1517 ἱλαρῶς
324 1478 572 1517 ἐπανερωτῶντες,
611 1476 843 1514 ἀπεμποληθῆναι
882 1476 939 1503 εἶπε

114 1523 165 1558 τήν
181 1520 289 1561 βίϐλον.
318 1522 363 1556 Τίς
389 1523 452 1561 γὰρ,
476 1522 553 1562 φησὶ,
586 1521 632 1549 καὶ
647 1521 741 1559 χρείαν
756 1522 789 1555 ἦν
804 1521 872 1556 ἡμῖν
889 1520 939 1547 αὖ-

115 1567 331 1602 τῆς;¹Ενταῦθα
359 1567 427 1605 ἐμοῦ
451 1567 536 1604 θυμὸν
564 1565 717 1604 ἐνδόμυχον
741 1564 938 1602 ὑπανάψαντος,

115 1609 170 1657 ἥβη
202 1609 231 1657 δὲ
258 1611 302 1639 καὶ
331 1612 520 1657 προφήναννος
548 1610 655 1657 ἡμέραζ
680 1609 806 1657 ἐπήγαγε
826 1608 872 1657 καὶ
891 1608 939 1657 Ei-
955 1623 976 1657 ο

113 1655 174 1683 τίαν
201 1655 302 1686 ὶκεῑνος
330 1656 344 1683 ὁ
372 1656 469 1692 σεμνὸς
495 1655 616 1693 μοναχὸς
644 1653 785 1682 διάλευκον
801 1652 843 1681 τό·
860 1665 874 1679 ι(
891 1652 938 1684 Εἰς

112 1699 140 1727 τί
154 1699 205 1738 γὰρ
230 1700 276 1727 καὶ
300 1698 417 1736 δεόμεθα
445 1697 567 1737 βαϐλίων
595 1698 726 1726 τοιούτων
750 1699 850 1735 masta;
867 1710 880 1724 ι)
895 1698 938 1729 Ὧς

114 1742 139 1772 δ’
167 1743 221 1782 ἰγὼ
247 1744 294 1772 τὸν
325 1744 411 1781 θυμὸν
441 1741 601 1781 μεταϐαλὼν
640 1742 678 1774 εἷς
710 1742 792 1781 βαρὺν
819 1741 936 1780 γᾶλωτα,

112 1787 267 1824 ὶξωνείδισα
299 1789 420 1816 ὑπειπών
438 1797 444 1805 ⁸
478 1800 493 1815 ι(
527 1787 606 1819 Τίνος
640 1787 693 1826 γὰρ
729 1787 773 1815 καὶ
811 1785 938 1822 δεήσεσθε

112 1833 140 1860 oi.
169 1831 252 1872 λόγου
281 1831 350 1868 ἄξιοι
376 1833 505 1871 μοναχοῖ,
522 1831 566 1860 ἰὰν
582 1832 616 1860 τὰ
635 1834 749 1859 τοιαῦτα
764 1828 860 1869 βιϐλία
874 1834 938 1868 παρ’

111 1875 190 1905 οὐδὶν
218 1878 352 1912 not-Fictis;
369 1889 383 1903 η
403 1876 528 1916 παρῆλθέ
545 1887 578 1914 με
592 1877 606 1904 ὁ
622 1875 765 1915 ἅνθρωπος
787 1876 935 1914 ἔντραπεὶς,

110 1921 158 1949 καὶ
174 1921 263 1949 οὐκέτι
279 1920 324 1949 διὰ
340 1921 401 1960 βίου
428 1921 467 1953 sic
489 1919 551 1958 ὄψιν
575 1920 646 1956 ἦλθέ
663 1931 720 1958 μοι,
744 1920 882 1958 βαρυνθεὶς
896 1920 935 1948 οἶ-

113 1976 174 2004 μαι,
189 1966 222 1994 τὸ
236 1965 263 1994 ἐν
278 1965 339 2004 ἐμοὶ
356 1965 428 1994 οὕτω
444 1963 620 2005 φιλόϐιὸλον.

150 2011 218 2049 ρμί.
246 2012 280 2038 Ὢ
301 2009 334 2045 δὴ
358 2012 478 2038 τοιοῦτοι
509 2010 639 2048 μοναχοὶ,
668 2008 753 2041 οὕτως
781 2009 934 2045 ἰξουθενοῦν

111 2055 218 2083 ἰθιλετι
235 2055 299 2088 τοὺς
329 2054 488 2093 θεολόγους,
514 2052 569 2090 ἤδη
600 2052 629 2081 δὲ
656 2054 764 2086 πάντως
786 2054 830 2081 καὶ
858 2053 934 2088 τοὺς,

111 2099 172 2128 ὅσοι
201 2102 259 2128 κατ’
284 2099 401 2134 αὖτούς;
444 2099 537 2130 Οὕτως
565 2098 700 2136 ἄχρηστοι
725 2098 790 2135 παρ’
817 2098 881 2133 ὑμῖν
909 2098 935 2125 oi.

110 2144 293 2184 θεόφθογγοις
318 2145 352 2172 Ὦ
380 2145 496 2180 Φαῦστε,
518 2143 540 2171 ὦ
569 2143 704 2180 Δαλμᾶτε,
729 2143 751 2169 ὦ
779 2141 936 2170 Σιτουδιῶτα

110 2187 245 2228 Θεόδωρε,
268 2190 290 2216 ὦ
320 2188 431 2226 Κύπρου
459 2188 612 2223 Ἐπιφάνιε,
642 2188 665 2214 ὦ
694 2185 787 2225 μυρίοι
814 2188 934 2214 τοιοῦτοι

110 2234 184 2272 ἅγιοι
214 2233 342 2272 μοναχοί·
374 2233 460 2265 οὕτως
491 2233 570 2269 ὑμεῖς
585 2232 674 2267 ἐζῆτε,
703 2231 776 2260 οὕτω
803 2232 850 2263 τὰς
879 2232 936 2259 θεο-

110 2277 213 2317 λόγους
226 2277 338 2311 δέλτους
352 2278 417 2306 ὡσεὶ
445 2276 521 2305 οὖδδν
551 2276 705 2315 ἐλογίζεσθε
733 2275 934 2314 σκορακίζοντες

109 2324 145 2350 Ὠ
174 2323 293 2362 Ἐφραὶμ
315 2323 458 2361 ἁγιώτατα,
483 2322 510 2350 τί
539 2320 573 2357 δή
598 2331 665 2349 ποτε
687 2321 822 2356 τοσαύτης
842 2320 934 2359 ὶνεφο-

111 2368 200 2405 ptem
229 2366 392 2406 φιλοσοφίας
421 2367 485 2404 ὑπὲρ
514 2366 607 2404 κόρον,
638 2365 675 2397 ὡς
704 2365 749 2393 καὶ
775 2368 935 2397 ποτνιᾶσθαι

110 2411 158 2439 καὶ
182 2410 336 2439 θεοκλυτεῖν
364 2412 465 2439 ἀνιιναι
490 2411 537 2439 τὸν
564 2410 628 2439 Θεὸν
652 2410 683 2438 τὸ
699 2410 832 2448 ὑπεράγαν
848 2409 874 2437 ἰν
890 2409 933 2437 σοὶ

110 2459 163 2492 τῆς
176 2456 304 2494 γνώσεως
317 2465 324 2491 ;

148 2501 221 2538 ρμς¹.
248 2500 362 2538 Μοναχὶ
387 2500 538 2538 χωρητικὶ,
569 2499 593 2528 ei
633 2498 662 2528 δε
698 2499 779 2527 ποθεν
806 2498 935 2536 ἀνακύψει

110 2546 155 2574 καὶ
180 2547 225 2573 νῖίν
251 2546 363 2582 ζήτημα
390 2543 613 2580 ὶκκλησιαστικὸν
643 2542 790 2583 ἐμϐριθὶς,
815 2543 937 2583 ἀμφίμα-

110 2600 184 2629 χον,
213 2590 259 2618 καὶ
285 2588 382 2627 πρέπει
408 2589 585 2628 ἀγωνίζεσθαι
611 2589 676 2620 τοὺς
699 2588 790 2627 ἳεροὺς
818 2587 934 2626 ἄνδρας,

112 2634 149 2662 ὧν
177 2634 261 2671 μὲλος
283 2633 329 2662 καὶ
360 2633 441 2672 μέρος
470 2632 501 2660 οὐ
526 2633 558 2660 τὸ
584 2633 670 2670 τυχὸν
699 2632 745 2660 καὶ
774 2632 880 2660 οἱκατὰ
896 2632 933 2659 σὲ·

111 2679 138 2706 τί
166 2677 195 2707 ἂν
217 2680 365 2715 τηνικαῦτα
387 2678 505 2715 ποιήσῃς
524 2677 626 2712 αὐτός;
652 2679 715 2708 Πῶς
740 2675 771 2704 ἂν
798 2676 935 2714 λαλήσῃς,

113 2724 260 2762 ἀπαγαγὼν
291 2724 420 2759 σεαυτοῦ,
447 2722 491 2750 καὶ
520 2722 621 2759 τρόπον
649 2721 710 2749 τινὰ
738 2720 858 2758 ἰκτεμὼν
885 2722 934 2757 τήν

113 2777 144 2796 τε
166 2767 304 2806 γλῶσσαν,
318 2767 352 2795 τά
365 2777 395 2796 τε
409 2766 506 2805 χείλη,
530 2766 564 2794 τὰ
579 2765 724 2804 θιολογικὰ
738 2764 846 2801 δηλαδὴ
870 2766 936 2802 νοή-

153 2875 175 2893 π
189 2873 267 2904 Psal.
281 2882 363 2910 mu,
378 2873 424 2904 Η.

991 998 1117 1026 eumque
1142 990 1289 1018 audebant
1312 990 1527 1023 alliciebautur,
1553 993 1582 1017 et
1610 998 1677 1018 cum
1697 992 1818 1025 stupore

991 1034 1203 1068 intuebantur;
1220 1043 1347 1070 cumque
1370 1034 1540 1062 viderentur
1560 1034 1707 1062 internum
1725 1037 1754 1062 et
1769 1042 1817 1061 ex-

991 1081 1105 1107 ternam
1120 1079 1260 1115 speciem,
1274 1079 1383 1106 deliciis
1408 1081 1492 1107 erant
1516 1081 1546 1106 et
1570 1078 1725 1107 admiratio
1741 1087 1820 1107 men-

991 1123 1030 1151 tis
1046 1126 1075 1151 et
1089 1123 1250 1152 oculorum.
1267 1125 1339 1151 Cum
1359 1123 1451 1159 igitur
1474 1123 1653 1151 desiderium
1668 1123 1818 1160 concepis-

992 1176 1054 1196 sem
1071 1168 1151 1196 illius
1165 1168 1273 1204 egregii
1288 1168 1420 1204 Gregorii
1436 1168 1532 1204 operis
1560 1168 1689 1203 videndi,
1705 1169 1740 1196 ad
1757 1177 1818 1196 rem

993 1220 1051 1240 non
1068 1213 1185 1248 perveni
1199 1221 1206 1240 :
1222 1213 1391 1240 reconditus
1408 1214 1479 1247 erat,
1497 1211 1600 1240 saltem
1616 1220 1667 1248 pro
1683 1221 1738 1241 me.
1755 1214 1818 1240 Sta-

991 1256 1045 1284 tim
1062 1258 1090 1284 et
1103 1256 1196 1284 tristis
1212 1257 1331 1292 quaesivi
1356 1265 1373 1284 a
1389 1256 1549 1292 proposito,
1573 1256 1691 1285 homine
1707 1257 1818 1285 scilicet

993 1301 1163 1336 conspicuo,
1189 1303 1219 1329 et
1242 1300 1408 1335 litterarum
1437 1301 1540 1336 perito,
1557 1309 1684 1336 quonam
1709 1301 1817 1329 inloco

992 1348 1071 1373 esset
1086 1345 1160 1373 liber
1181 1345 1323 1373 famosus.
1344 1345 1408 1381 Qui,
1434 1345 1524 1382 digito
1549 1346 1672 1374 dexterae
1688 1346 1771 1381 quasi
1787 1346 1817 1373 in

993 1389 1136 1418 circulum
1152 1390 1272 1426 agitato,
1289 1390 1362 1417 nihil
1387 1390 1547 1426 respondit.
1573 1391 1608 1419 Et
1631 1398 1698 1419 cum
1715 1400 1818 1419 rursus

992 1433 1144 1469 instarem,
1160 1436 1189 1462 et
1202 1442 1305 1462 rursus
1331 1442 1398 1462 cum
1423 1433 1569 1462 hilaritate
1595 1435 1820 1471 interrogarem,

993 1479 1102 1506 librum
1127 1479 1277 1506 venditum
1300 1487 1365 1507 esse
1393 1479 1477 1507 dixit.
1503 1479 1570 1512 Quae
1599 1480 1689 1514 enim,
1711 1481 1818 1517 inquit,

993 1523 1106 1551 utilitas
1121 1523 1225 1551 illius?
1248 1524 1282 1551 Et
1303 1532 1370 1551 cum
1385 1523 1428 1551 ira
1451 1523 1532 1551 intus
1555 1526 1772 1558 accederentur,
1791 1527 1820 1552 et

994 1567 1137 1603 paulatim
1163 1568 1376 1602 ostenderetur,
1402 1576 1521 1595 causam
1546 1569 1668 1604 protulit
1691 1569 1818 1605 insignis

994 1611 1045 1639 ille
1059 1611 1230 1647 monachus,
1257 1612 1357 1647 sicque
1382 1612 1534 1648 exposuit:
1555 1613 1594 1640 Ad
1619 1613 1690 1648 quid
1713 1612 1817 1640 talium

994 1656 1134 1684 librorum
1149 1664 1270 1693 egemus
1290 1656 1366 1684 nos?
1390 1656 1549 1692 Postquam
1573 1660 1671 1685 autem
1696 1657 1770 1685 iram
1786 1658 1816 1685 in

993 1701 1170 1728 cachinnum
1199 1701 1420 1734 convertissem,
1445 1703 1474 1729 et
1501 1702 1751 1737 exprobravissem
1775 1702 1816 1730 di-

993 1753 1081 1774 cens:
1107 1745 1267 1781 Cujusnam
1292 1745 1332 1773 rei
1361 1745 1541 1781 indigebitis,
1572 1746 1708 1775 monachi
1738 1747 1816 1775 fama

992 1789 1084 1825 digni,
1101 1789 1126 1818 si
1141 1789 1214 1817 tales
1230 1790 1320 1817 libros
1334 1789 1418 1817 nihili
1434 1790 1553 1818 facitis?
1569 1799 1613 1819 me
1629 1790 1748 1828 reliquit
1762 1792 1817 1819 iste

991 1833 1079 1862 homo
1088 1836 1164 1862 retro
1175 1843 1399 1869 conversus,nec
1411 1834 1540 1871 amplius
1554 1835 1625 1863 mihi
1637 1838 1704 1864 ante
1714 1835 1815 1864 oculos

991 1878 1350 1913 atl'uit,tantumlibrorum
1365 1887 1494 1907 amorem
1509 1887 1607 1908 meum
1618 1888 1694 1916 aegre
1707 1881 1813 1917 ferens,

992 1925 1025 1951 ut
1038 1924 1174 1951 arbitror.

1027 2012 1087 2039 145.
1103 2011 1173 2045 Vos,
1190 2020 1205 2040 o
1221 2012 1369 2046 monachi,
1392 2012 1532 2049 repellere
1558 2013 1648 2041 vultis
1662 2013 1814 2050 theologos

989 2058 1020 2084 et
1029 2058 1170 2092 quotquot
1181 2057 1223 2085 eis
1234 2057 1346 2085 similes
1357 2057 1452 2086 sunt?
1463 2057 1508 2084 sic
1517 2058 1599 2085 vobis
1614 2057 1734 2085 inutiles
1746 2061 1816 2086 sunt

990 2101 1040 2135 qui
1057 2101 1091 2127 de
1107 2101 1195 2128 rebus
1210 2100 1317 2128 divinis
1332 2101 1522 2129 tractarunt?
1538 2101 1560 2128 Ο
1575 2101 1692 2135 Fauste,
1709 2110 1725 2129 o
1750 2101 1814 2129 Dal-

989 2146 1076 2178 mata,
1094 2152 1109 2172 ο
1125 2145 1276 2172 Theodore
1299 2146 1424 2179 Studita,
1441 2153 1457 2173 ο
1480 2144 1620 2181 Epiphani
1637 2146 1781 2182 Cypriota,
1798 2154 1814 2174 ο

989 2196 1040 2216 vos
1055 2196 1156 2216 omnes
1171 2197 1255 2224 pares
1267 2189 1347 2217 mille
1358 2189 1451 2217 sancti
1468 2189 1604 2217 monachi
1617 2189 1623 2217 !
1636 2190 1749 2218 Siccine
1764 2199 1814 2218 vos

989 2233 1131 2261 vivebatis
1143 2233 1149 2260 l
1167 2233 1274 2261 siccine
1285 2236 1403 2262 sanctas
1413 2233 1529 2261 tabulas
1540 2236 1571 2261 ut
1586 2234 1712 2262 nihilum
1728 2243 1814 2271 repu-

989 2277 1109 2311 tabatis,
1136 2280 1165 2305 et
1192 2281 1258 2306 ante
1286 2287 1387 2306 corvos
1416 2277 1633 2314 projiciebatis!
1663 2279 1685 2307 Ο
1714 2282 1815 2308 sancte

951 2307 974 2340 Β
989 2307 1145 2359 Epiphani,
1160 2322 1196 2350 ad
1221 2322 1291 2359 quid
1321 2331 1389 2359 ergo
1411 2307 1492 2351 tanta
1518 2322 1706 2359 phi1090phia
1721 2307 1815 2360 usque

990 2368 1026 2395 ad
1040 2367 1205 2395 satietatem
1221 2367 1347 2403 repletus
1372 2375 1412 2401 es,
1439 2368 1480 2395 ita
1501 2369 1535 2395 ut
1563 2370 1653 2395 Deum
1668 2377 1813 2404 exorares,

989 2414 1018 2440 et
1032 2411 1205 2448 suppliciter
1218 2415 1331 2448 peteres
1347 2412 1471 2440 nimiam
1488 2414 1570 2440 tuam
1593 2412 1746 2441 scientiam
1770 2422 1813 2442 re-

989 2455 1086 2484 laxare
1095 2455 1109 2483 ?

1026 2501 1087 2529 146.
1103 2500 1155 2528 Eia
1170 2508 1233 2537 age,
1249 2501 1345 2538 ample
1359 2501 1511 2537 monacho,
1529 2501 1553 2529 si
1579 2500 1697 2531 aliunde
1716 2512 1814 2533 assur-

989 2545 1032 2582 git
1052 2544 1169 2581 aliquod
1191 2545 1313 2574 dubium
1330 2545 1572 2580 ecclesiasticum,
1593 2546 1722 2583 difﬁcile,
1738 2549 1815 2578 circa

991 2590 1069 2626 quod
1085 2591 1277 2625 pugnandum
1305 2592 1360 2625 est,
1374 2593 1403 2618 et
1426 2591 1450 2618 si
1466 2591 1549 2618 decet
1569 2591 1717 2620 decertare
1732 2602 1816 2622 sanc-

990 2636 1036 2662 tos
1050 2634 1184 2663 homines
1206 2643 1330 2671 quorum
1356 2636 1521 2663 membrum
1545 2639 1574 2663 et
1589 2644 1657 2672 pars
1672 2641 1742 2665 sunt
1757 2639 1813 2666 fra-

989 2681 1050 2708 tres
1065 2679 1120 2714 tui,
1137 2680 1207 2716 quid
1224 2682 1295 2707 tunc
1311 2680 1422 2708 facies?
1438 2680 1588 2712 Quomodo
1603 2680 1814 2717 loqueris,cum

991 2724 1135 2752 amoveris
1151 2733 1167 2752 a
1181 2726 1219 2758 te,
1242 2726 1271 2752 et
1286 2724 1370 2760 quasi
1395 2724 1539 2753 secaveris
1563 2725 1703 2761 linguam,
1727 2726 1814 2761 labia,

990 2768 1104 2797 scilicet
1128 2769 1291 2797 sententias
1320 2768 1509 2804 theologicas,
1531 2769 1638 2805 quibus
1674 2770 1816 2799 universae
