2018 3158
219 201 274 231 851

218 266 383 301 solvuntur,
409 267 586 303 qumstiones
616 268 788 304 depravate,
814 270 901 304 atque
930 269 958 296 in
979 277 1044 296 sen-
1060 270 1087 303 Α

217 320 285 339 sum
301 313 413 339 rectum
426 314 567 340 revocata;
579 314 590 339 Ρ
600 313 642 339 Ad
661 313 730 348 quid
743 315 812 340 tunc
823 313 875 340 tibi
888 314 1047 349 proderunt

216 357 269 383 tua
284 356 424 391 negotia?
439 357 564 389 Quibus,
580 359 690 392 quanto
713 360 844 392 tempore
867 365 1048 392 praeoccupa-

216 402 266 429 tus
282 401 422 428 remisisti
439 401 570 429 studium
589 400 848 437 bibliorum,atque
864 401 1046 438 cognitiones

218 445 349 478 altiores,
375 445 574 478 sublimiores,
608 446 662 472 Deo
693 445 859 481 proximas;
882 454 939 473 non
959 446 1045 473 modo

219 489 306 517 istius
322 490 388 517 boni
405 498 533 518 amorem
550 498 607 517 non
620 498 804 525 conceperas,
823 491 871 518 sed
889 498 965 518 unus
981 498 1045 517 eras

219 541 255 562 ex
283 534 524 570 persequenlibus
549 534 641 568 illud,
673 534 749 562 hanc
770 542 860 562 unam
888 534 1045 562 Irinitatem

221 585 344 606 noveras
367 578 503 614 perfecte,
529 581 558 606 et
586 578 756 613 extollebas,
786 579 984 606 adorationem
1015 578 1044 606 in

221 622 349 658 templo,
382 622 517 650 cellulam
558 625 660 658 tuam,
694 626 721 651 et
750 632 901 656 mensam,
937 623 1045 651 oblitus

221 674 280 694 non
305 667 377 695 satis
409 675 475 695 esse
503 667 560 695 ista
588 676 655 695 vero
683 669 825 696 monacho
850 668 885 695 ad
909 668 1044 696 virtutem

220 712 422 748 perfectam,et
432 712 500 740 huic
516 713 712 741 necessariam
725 720 788 740 esse
800 721 934 747 magnam
950 713 1045 740 scien-

219 755 291 783 tiam
305 764 311 790 ;
328 764 381 784 nec
397 755 491 784 solam
517 757 646 785 divinam
662 757 737 792 dico,
755 758 805 785 sed
829 757 916 785 etiam
932 765 1047 792 excerp-

218 801 280 828 tam
297 808 332 828 ex
346 801 489 836 historiis,
519 804 552 829 ut
567 802 679 829 dictum
701 804 757 836 est,
779 803 807 829 et
832 801 905 830 alias
921 802 1046 830 maxime

219 844 316 874 varias
332 846 441 881 quibus
456 846 631 882 cuicumque
647 846 787 874 inservire
803 849 910 882 posset.

259 979 320 1006 147.
339 979 372 1007 Et
385 979 533 1008 undenam
557 980 652 1009 sancti
681 980 722 1008 illi
747 981 855 1018 egregii
870 981 1045 1017 sapientiam

224 1023 390 1052 didicerunt
401 1024 414 1052 ‘I
425 1024 575 1061 Numquid
586 1025 656 1052 dum
667 1028 853 1053 versarentur
863 1025 891 1053 in
902 1024 972 1053 vicis
983 1025 1046 1053 etin

223 1067 401 1103 civitatibus,
419 1069 489 1096 dum
505 1068 566 1097 vias
582 1071 610 1097 et
623 1070 743 1098 semitas
759 1073 948 1106 peragrarent
975 1071 1046 1098 dum

222 1115 315 1141 metas
326 1113 466 1141 ctrhedas
472 1123 506 1142 cu
512 1114 642 1142 rrerent?
648 1114 795 1150 Numquid
804 1123 870 1142 cum
879 1115 1047 1143 secederent

220 1159 251 1184 et
265 1157 343 1185 omni
359 1158 458 1185 studio
475 1159 661 1195 indulgerent
672 1160 686 1186 ‘2
701 1159 735 1186 Et
751 1160 896 1195 quomodo
912 1159 1046 1186 homines

220 1202 268 1238 qui
286 1211 303 1230 a
318 1202 462 1239 principio
478 1204 587 1232 talibus
603 1203 754 1232 laboribus
769 1213 826 1232 non
843 1204 1046 1237 instituerunt,

218 1250 321 1283 postea
337 1250 406 1275 sunt
422 1249 523 1284 repleti
540 1249 685 1285 sapientia
701 1250 788 1285 digna
803 1249 942 1285 apostolis
952 1249 1046 1283 Dei,et

219 1299 318 1320 vocem
333 1292 489 1320 ediderunt
500 1294 609 1321 tonitru
622 1294 896 1327 similem,auditam
906 1302 997 1330 usque
1010 1294 1045 1321 ad

220 1338 384 1364 extremum
391 1339 475 1365 terra:
482 1337 644 1374 PNumquid
652 1341 783 1366 errantes
790 1338 866 1366 circa
873 1347 935 1366 com
941 1338 1044 1374 posita,

221 1379 313 1408 libere
323 1381 1009 1418 circumeontes,forensibusinsultantes,oculis
1018 1385 1047 1411 et

223 1423 310 1452 labiis
322 1428 494 1460 annuentes,
505 1435 638 1463 quosque
651 1435 708 1454 non
719 1427 880 1463 oportebat,
892 1427 1047 1463 inspicien-

222 1469 399 1498 tes?Nonne
411 1470 508 1506 potius
520 1471 602 1499 libris
618 1471 746 1505 legendis
762 1472 866 1499 intenti
882 1472 1046 1500 doctrinam

222 1513 344 1541 auribus
351 1515 548 1550 concipientes
555 1519 632 1544 artes
640 1516 792 1544 manualcs
802 1517 1046 1545 exercendo‘miec

223 1558 397 1587 amniaodio
409 1559 551 1588 habentes
563 1561 636 1597 pigri
645 1560 850 1594 bomines,non
857 1561 952 1589 solum
962 1554 1046 1597 quasi

224 1611 314 1638 super
326 1603 427 1640 spinas
442 1604 471 1632 in
488 1604 534 1632 via
548 1605 612 1632 vitae
623 1606 787 1638 ambulant,
803 1607 965 1634 secundum
978 1615 1045 1634 cum

221 1646 272 1683 qui
283 1638 371 1676 dixit:
385 1657 397 1672 ι
408 1649 465 1676 lter
474 1650 623 1685 pigrorum
634 1651 717 1686 quasi
730 1659 814 1686 sepes
824 1651 1000 1686 spinarum”o
1011 1663 1018 1685 ;
1030 1662 1044 1676 η
1062 1638 1084 1672 C

220 1692 270 1720 sed
287 1692 374 1721 etiam
390 1693 532 1721 rationem
549 1694 703 1722 manifeste
719 1695 889 1731 deponunt;
906 1696 934 1723 id
952 1704 1044 1723 unum

218 1736 278 1764 fere
294 1736 472 1772 didicerunt,
487 1740 516 1765 et
539 1739 613 1766 bene
629 1741 739 1766 norunt
762 1739 917 1768 demittere
938 1740 996 1768 fere
1011 1740 1047 1768 ad

222 1789 254 1808 os
271 1783 449 1817 opertorium
467 1783 512 1810 sui
537 1783 652 1819 capitis,
680 1784 709 1811 in
725 1784 822 1820 platea
846 1786 882 1813 ad
898 1786 1048 1821 acquiren-

221 1825 288 1853 dam
305 1826 428 1862 gloriam
446 1826 575 1855 hominis
599 1828 807 1856 abscondentie
821 1837 871 1857 se:
897 1832 925 1857 et
942 1830 966 1857 si
983 1838 1046 1865 quae

223 1877 307 1904 nugae
324 1871 485 1904 offendant,
513 1880 580 1899 mox
609 1872 742 1900 attollere
771 1876 797 1900 et
821 1873 933 1902 elevare
953 1874 1047 1903 velum

222 1912 341 1948 nigrum
357 1922 448 1950 supra
463 1915 598 1950 frontem,
615 1918 643 1944 et
654 1924 748 1953 usque
758 1917 794 1944 ad
809 1917 944 1945 verticem
956 1920 988 1946 ut
999 1926 1048 1946 ore

223 1960 323 1992 aperto
345 1957 535 1993 insolescant,
549 1962 578 1988 et
592 1960 705 1988 vultum
722 1961 806 1997 quasi
822 1963 983 1991 meretricis
998 1963 1047 1991 ha-

220 2000 318 2030 beant.
332 2002 365 2030 Et
375 2004 444 2030 tunc
457 2003 514 2031 isto
525 2003 574 2039 qui
586 2006 686 2033 oculos
701 2006 845 2034 demissos
857 2007 1046 2043 ﬂgebat,eos-

220 2045 287 2074 dem
304 2047 473 2082 magnificat
486 2048 583 2083 ignem
600 2049 757 2085 spirantes,
770 2051 906 2079 terribilis
921 2051 1045 2087 videtur,

218 2098 269 2118 eos
286 2091 429 2123 accendit,
445 2092 544 2120 turbat
560 2093 712 2126 rationem,
741 2095 897 2131 omniaque
912 2096 972 2132 agit
984 2097 1048 2133 qui-

217 2136 273 2164 bus
289 2137 339 2172 qui
369 2137 555 2166 assuefactus
570 2141 615 2167 est
643 2139 705 2167 vias
731 2149 786 2168 non
816 2143 932 2170 veretur
953 2145 981 2170 et
996 2151 1045 2171 eas

219 2180 326 2217 diligit.

253 2348 315 2377 148.
331 2349 423 2381 Quem
435 2357 504 2386 ergo
516 2352 544 2379 te
558 2351 739 2387 vocabimus,
753 2361 768 2381 ο
785 2354 927 2383 monache
937 2355 950 2382 τ
961 2355 1044 2384 urba-

217 2400 289 2419 num
299 2392 342 2420 vel
351 2393 515 2423 solitarium
527 2395 694 2425 ‘Ihominem
707 2398 1044 2433 spiritualiseolitudinis

215 2435 260 2463 vel
270 2437 416 2466 tumultus
425 2440 619 2476 compitorum
629 2440 642 2468 Ἰ
652 2441 830 2470 habitantem
840 2443 867 2470 in
879 2443 1006 2472 vicisaut
1016 2446 1044 2473 in

215 2479 330 2508 deserto
342 2480 353 2508 ?
365 2481 475 2519 Nempe
484 2483 540 2512 isto
551 2485 680 2520 nomine,
690 2488 722 2513 ut
730 2494 812 2520 reor;
824 2487 970 2523 siquidem
978 2489 1044 2517 civi-

213 2526 304 2553 tatem
321 2529 379 2555 ate
404 2528 618 2564 frequentatum
636 2531 711 2557 bone
738 2532 870 2567 exemplo
885 2534 1042 2562 evacuasti.

211 2569 256 2597 Ad
273 2572 354 2599 extra
367 2571 494 2601 debebas
507 2582 571 2602 esse
587 2577 730 2608 terrenus,
747 2578 775 2602 et
791 2575 914 2604 cmlestis
931 2577 960 2604 in
979 2579 1042 2606 abs-

211 2614 422 2652 condito,quod
435 2617 531 2654 diligit
542 2618 626 2645 Pater
641 2619 784 2653 omnium,
798 2619 874 2648 Deus
888 2629 894 2648 τ
907 2633 920 2646 ‹‹
935 2622 985 2656 qui
996 2623 1041 2650 vi-

211 2658 260 2686 det
274 2659 303 2687 in
321 2661 504 2696 abscondito,
522 2664 550 2690 et
573 2663 669 2690 reddit
682 2664 836 2692 manifesto
848 2665 882 2692 ε’.
899 2676 913 2691 »ι
929 2668 970 2694 Tu
987 2675 1039 2695 au-

210 2705 270 2731 tem
287 2706 432 2742 assurgis,
445 2706 529 2742 quasi
542 2706 635 2740 sidus,
653 2710 681 2735 et
694 2709 729 2736 ad
743 2711 851 2736 terram
867 2709 1038 2746 inclinaris;

212 2748 386 2784 deprimeris
400 2750 486 2786 quasi
520 2751 726 2788 mandragora,
741 2755 793 2782 aut
818 2753 876 2783 alia
888 2756 976 2785 arbor
989 2765 1038 2785 ex-

250 2855 274 2891 _'°
288 2856 371 2886 Prov.
386 2866 433 2894 xv,
449 2859 492 2888 19.
531 2859 553 2879 ⁸¹
569 2860 652 2890 Matt.
668 2868 707 2898 v1,
723 2862 749 2892 4.

605 201 816 233 EUSTATHII
838 201 1224 233 THESSALONICENSIS
1248 201 1541 233 METROPOLITE

1789 41 1996 85 _'

1879 203 1941 233 852

1104 278 1185 304 ματα,
1215 266 1250 295 δι’
1279 268 1315 295 ὧν
1345 268 1384 299 ὡς
1412 267 1508 295 ἐπίπαν
1524 268 1552 294 αἱ
1576 265 1794 305 στρεϐλούμενοι
1819 269 1942 303 συζητῆ-

1102 323 1156 343 σεις
1185 311 1307 347 λύονται,
1338 312 1584 348 ἀποκαθιστάμεναι
1618 312 1656 343 εἷς
1696 312 1797 350 ὀρθόν;
1835 312 1884 342 Εῗς
1913 313 1941 339 τί

1101 367 1144 383 σοι
1161 357 1361 394 χρησιμεύουσι
1376 358 1438 384 τότε
1460 357 1493 384 τὰ
1517 357 1550 384 σὰ
1578 357 1777 394 πραγματικάς
1806 358 1849 387 οἷς
1878 357 1939 384 ὗσαι

1101 400 1170 437 ὧραι
1183 402 1449 439 προαταλαιπωρῶν,
1466 401 1548 440 ἀφίης
1572 403 1622 436 τήν
1646 398 1798 439 βιϐλιακήν
1823 398 1938 438 τριϐὴν,

1099 446 1144 472 καὶ
1168 447 1218 480 τὴν
1250 446 1419 484 ὑψηλοτέραν
1442 446 1601 484 ἀνάγνωσιν,
1632 446 1678 473 καὶ
1709 446 1941 482 ὑπερανῳκισμὲ-

1099 500 1160 525 νην,
1185 490 1313 518 καὶΘιοῦ
1343 491 1510 527 ἁπτομένηψ
1541 489 1572 518 οὐ
1603 488 1687 527 μόνον
1717 489 1782 518 οὐδὲ
1813 489 1942 527 ἀναλαμ-

1100 531 1187 561 ϐάνων
1204 531 1292 573 ἔφεσιν
1322 537 1371 562 τοῦ
1399 534 1527 563 τοιούτου
1557 535 1655 571 καλοῦ,
1685 534 1759 562 ἀλλᾶ
1780 535 1830 562 καὶ
1854 546 1941 562 κατα-

1100 578 1244 615 γινόμινος
1269 581 1324 606 τῶν
1354 579 1564 618 μετερχομένων
1591 579 1675 606 αὐτό·
1707 579 1814 614 ἐκιίνην
1848 579 1942 616 μόνην

1100 620 1325 660 ἀκριϐωσάμενος
1349 623 1447 660 τριάδα
1474 623 1542 651 κατὰ
1569 624 1620 658 τὴν
1650 624 1699 658 σήν
1725 623 1861 661 αῧχησιν,
1889 624 1941 658 τὴν

1102 666 1128 694 ἐν
1144 669 1178 704 τῇ
1207 667 1340 704 ὶκκλησίᾳ
1368 668 1565 706 προσκύνησιν,
1594 668 1639 695 καὶ
1665 668 1697 696 τὸ
1725 668 1844 696 κελλίον
1878 679 1940 702 σου,

1100 712 1144 738 καὶ
1161 712 1210 746 τήν
1237 713 1380 750 τράπεζαν·
1406 713 1452 740 καὶ
1478 713 1529 740 οὐκ
1553 711 1642 748 εἰδὼς,
1661 713 1700 749 μὴ
1730 713 1826 751 ἀρκεῖν
1853 713 1942 740 ταῦτα

1099 758 1139 792 τῷ
1167 757 1266 793 κυρίως
1309 760 1425 795 μοναχῷ
1461 757 1500 788 sic
1539 757 1638 795 ἀρετῆς
1677 757 1828 791 ἐντᾶλειαν,
1867 756 1942 785 am

1100 800 1277 838 προσδεῖσθαι
1299 802 1381 830 αὐτὸν
1411 801 1471 829 λίαν
1496 802 1565 829 πάνυ
1589 802 1632 830 καὶ
1659 802 1802 839 γνώσεως.
1829 801 1884 829 Καὶ
1907 802 1938 829 οὗ

1102 844 1186 882 λέγω,
1205 846 1291 882 μόνης
1303 850 1353 882 τῆς
1370 847 1522 881 θειοτάτης,
1539 845 1614 874 ἀλλὰ
1627 846 1671 874 καὶ
1701 849 1754 881 τῆς
1774 845 1834 874 ἀπὸ
1861 845 1938 873 ἶπο-

1101 892 1177 926 ριῶν⁷
1193 890 1230 921 ὡς
1246 890 1352 928 ἰρῥέθη,
1368 891 1413 918 καὶ
1435 890 1554 928 ἑτεροίας
1575 889 1605 918 δὲ
1625 889 1805 927 πολυειδοῦς,
1839 889 1878 918 δι’
1904 890 1938 925 ἧς

1101 932 1162 972 ἔχοι
1188 933 1218 962 ἃν
1242 935 1364 972 χρηστὸς
1379 935 1446 962 εἶναι
1462 938 1521 967 τοῖς
1535 934 1758 973 ἐντυγχάνουσιν.

1138 980 1208 1017 ρμζ’.
1234 983 1268 1007 Ἥ
1295 979 1376 1011 πόθεν
1403 980 1431 1007 οἱ
1461 979 1578 1018 μεγάλοι
1606 979 1704 1007 ἰκεῖνοι
1735 979 1812 1017 ἅγιοι
1844 979 1936 1018 ἐσοφί-

1102 1029 1222 1058 σθησανς
1253 1024 1324 1060 Ἀρά
1350 1034 1382 1061 γε
1409 1024 1639 1062 ἀναστρεφόμενοι
1678 1024 1704 1051 ἄν
1740 1024 1855 1060 κώμαις
1893 1024 1935 1051 καὶ

1100 1067 1208 1102 πόλεσι,
1238 1068 1283 1095 καὶ
1310 1068 1523 1106 ἀναμετροῦντες
1550 1068 1720 1106 ῥυμοτομίας
1754 1068 1802 1096 καὶ
1839 1079 1935 1096 στενω-

1101 1112 1180 1148 ποὺς,
1216 1113 1259 1140 καὶ
1295 1113 1411 1150 τόρμαις
1451 1113 1496 1140 καὶ
1534 1112 1660 1151 ῥεγιῶσιν
1695 1110 1934 1150 ὲνδιατρίόοντες;

1101 1158 1136 1184 Ἥ
1165 1156 1389 1195 ἐγγωνιάζοντις,
1414 1158 1459 1185 καὶ
1487 1158 1628 1190 παντοίαις
1649 1158 1849 1195 συγγινόμενοι
1872 1159 1936 1185 ἀνι-

1100 1201 1214 1240 γνώσεσι
1228 1211 1235 1235 ;
1265 1204 1326 1232 Πῶς
1356 1201 1386 1229 δὲ
1415 1202 1440 1229 οἱ
1463 1203 1500 1238 μὴ
1516 1203 1566 1236 τὴν
1583 1201 1672 1240 ἀρχὴν
1687 1201 1830 1232 τοιούτοις
1845 1200 1935 1230 ὶπιῦε-

1101 1244 1235 1281 ὄληκότες
1249 1246 1322 1278 ὅλως
1345 1247 1486 1283 πονήμασι
1511 1246 1605 1285 σοφίας
1631 1246 1742 1284 ὕστερον
1766 1246 1936 1282 ἐνεπλήσθη-

1101 1301 1168 1324 σαν,
1202 1291 1360 1327 πρεπούσης
1398 1289 1564 1322 ἀποστόλοις
1593 1293 1660 1319 Θεοῦ
1698 1291 1742 1318 καὶ
1773 1291 1937 1329 ἐφθέγξαντο

1103 1334 1290 1373 βροντόφωνα,
1320 1334 1500 1372 ἐξακουόμενα
1530 1335 1583 1366 ἓως
1611 1335 1734 1372 περάτων
1760 1339 1838 1374 γῆς;
1866 1336 1936 1372 Ἀρά

1099 1389 1130 1417 γε
1156 1377 1330 1416 πλανώμενοι
1359 1379 1421 1415 περὶ
1451 1378 1590 1416 ἀμφόδους
1617 1379 1725 1414 ἰκεῖνοι,
1756 1380 1804 1407 καὶ
1833 1378 1936 1418 ῥεμϐό-

1103 1433 1177 1460 μενοι
1207 1422 1297 1458 ἄνετα,
1326 1425 1370 1451 καὶ
1401 1423 1657 1462 διαλοιδορούμενοι
1693 1427 1752 1456 τνῖς
1779 1425 1936 1462 ἀγοραίοις,

1101 1468 1145 1495 καὶ
1174 1467 1328 1507 ὀφθαλμοῖς
1355 1468 1504 1500 ὶννεύοντες
1522 1491 1529 1504 ,
1556 1469 1601 1496 καὶ
1631 1467 1795 1505 μύλλοντες,
1822 1469 1869 1497 καὶ
1889 1469 1936 1500 τὰς

1101 1510 1176 1549 ὄψεις
1207 1512 1339 1547 διδόντες,
1367 1514 1410 1545 οἷς
1439 1513 1470 1540 οὗ
1499 1514 1554 1551 χρή
1570 1527 1577 1547 ;
1628 1511 1749 1552 βιϐλίοις
1765 1513 1853 1546 αὐτὰς
1869 1514 1935 1541 ἐπα-

1101 1558 1224 1596 φιὲντες,
1250 1557 1268 1592 ἢ
1292 1560 1357 1594 γοῦν
1381 1557 1454 1585 ἀλλὰ
1479 1557 1526 1585 σὺν
1553 1559 1588 1594 τῇ
1617 1557 1642 1593 ἐξ
1673 1557 1834 1595 ἀκροάσεως
1864 1559 1934 1598 ὡφε-

1102 1600 1161 1637 λείᾳ
1179 1601 1393 1638 προστιτηκότες
1417 1601 1463 1629 καὶ
1487 1601 1678 1640 ὶργοχείροις;
1695 1603 1729 1631 Ἀ
1754 1601 1788 1636 δὴ
1822 1605 1933 1639 μισοῦν-

1100 1656 1143 1677 τις
1161 1646 1187 1673 oi’
1202 1646 1293 1684 ἀεργοὶ
1309 1645 1429 1683 λογικοὶ,
1460 1646 1490 1673 ού
1517 1647 1600 1682 μόνον
1628 1647 1665 1678 ὡς
1693 1646 1737 1674 ἐπὶ
1756 1646 1886 1679 ἀκανθῶν
1911 1647 1935 1674 ἂν

1101 1693 1136 1728 τῇ
1162 1693 1210 1718 τοῦ
1237 1691 1298 1728 βίου
1325 1689 1463 1728 βαδίζουσι
1494 1688 1592 1728 τρίϐῳ,
1627 1691 1696 1719 κατὰ
1722 1691 1769 1718 τὸν
1811 1693 1932 1731 φάμενον

1103 1735 1228 1766 ἀκάνθαις
1272 1734 1442 1771 ἰστρωμὲνας
1484 1735 1552 1763 εἶναι
1593 1737 1646 1762 τῶν
1689 1735 1796 1773 ἀεργῶν
1835 1735 1933 1770 ὁδοὺς,

1101 1779 1174 1808 ἀλλὰ
1195 1779 1240 1807 καὶ
1270 1778 1471 1816 ἐξαλογίζονται
1502 1778 1638 1818 ἄντικρυς,
1667 1778 1694 1806 ’ἐν
1730 1779 1818 1816 μόνον
1836 1790 1934 1818 τεχνα-

1102 1824 1212 1860 σάμενοι
1250 1824 1295 1851 καὶ
1334 1823 1362 1851 εὖ
1400 1822 1519 1857 είδότις,
1555 1823 1716 1852 καθελκύσαι
1761 1825 1850 1862 μέχρι
1890 1826 1934 1853 καὶ

1101 1869 1166 1896 αὐτὸ
1192 1870 1290 1905 μικροῦ
1315 1868 1402 1904 στόμα
1430 1869 1460 1896 τὸ
1485 1867 1619 1905 κάλυμμα
1647 1869 1679 1896 τὸ
1693 1871 1743 1903 τῆς
1764 1868 1893 1908 κεφαλῆς
1909 1869 1935 1897 ἐν

1100 1915 1134 1949 τῇ
1170 1913 1255 1951 ἀγορᾷ
1291 1911 1428 1948 δοκήσεως
1463 1913 1544 1950 χάριν
1570 1916 1620 1947 τῆς
1642 1914 1700 1941 κατ’
1724 1912 1883 1951 ἐπίκρυψιν·
1914 1914 1936 1941 εί

1102 1956 1130 1984 δὲ
1156 1967 1208 1984 που
1237 1957 1407 1994 παρεμπέσοι
1438 1956 1558 1996 φλυαρία
1584 1957 1655 1994 βίου,
1685 1957 1762 1986 ἀλλὰ
1784 1958 1848 1986 τότε
1863 1959 1934 1997 ταχὺ

1101 2001 1256 2030 ἀναστεῖλαι
1286 2001 1504 2039 ἀνασυραμὲνους
1542 2001 1573 2029 τὸ
1608 2001 1692 2038 μέλαν
1730 2003 1932 2040 παραπέτασμα

1102 2046 1167 2083 ὑπὲρ
1205 2046 1235 2073 τὸ
1275 2047 1412 2083 μέτωπον,
1448 2044 1500 2077 ἕως
1533 2046 1578 2074 καὶ
1609 2046 1647 2078 εἷς
1682 2046 1762 2074 αὐτὸν
1795 2047 1931 2085 βρεχμόν·

1097 2089 1143 2117 ’ίνα
1169 2091 1243 2128 τάχα
1266 2101 1364 2128 γυμνῳ
1386 2093 1425 2127 τῷ
1446 2092 1588 2128 προσώπῳ
1617 2091 1814 2129 θρασύνωνται,
1845 2093 1885 2123 ὡς
1910 2091 1933 2119 si.

1099 2134 1143 2162 καὶ
1167 2135 1272 2170 πόρνης
1299 2133 1361 2172 ὅψιν
1389 2135 1475 2173 εἶχον.
1503 2137 1569 2163 ’Ότι
1592 2136 1637 2163 καὶ
1661 2135 1676 2162 ὁ
1691 2136 1724 2164 τὰ
1748 2137 1814 2174 πρὶν
1841 2137 1933 2164 κατώ-

1099 2177 1170 2216 ϐλεψ
1196 2179 1299 2211 ἐκεῖνος
1324 2180 1491 2211 ἀναπετάσας
1514 2179 1577 2211 τοὺς
1599 2179 1772 2218 ὀφθαλμοὺς,
1796 2180 1862 2208 ὡσοὶ
1887 2181 1933 2208 καὶ

1099 2224 1268 2261 πυρπνόους,
1299 2223 1373 2252 δεινὰ
1401 2227 1486 2260 noui,
1517 2224 1622 2262 φλέγων
1652 2225 1742 2261 θυμῷ,
1774 2227 1865 2252 κυκῶν
1884 2225 1931 2253 τὸν

1099 2267 1247 2306 σύλλογον,
1263 2268 1349 2296 πάντα
1364 2267 1448 2306 δρῶν,
1464 2267 1500 2296 δι’
1514 2269 1551 2296 ὤν
1568 2268 1695 2308 ἐντρέψας
1708 2269 1741 2298 οὐ
1752 2272 1934 2308 καταισχυνεῖ

1098 2313 1148 2347 τήν
1161 2312 1314 2352 λεωφόρον,
1328 2314 1361 2348 ἣν
1376 2311 1461 2352 φιλεῖ.

1136 2358 1211 2395 ρμη’.
1242 2357 1275 2386 Τί
1301 2368 1329 2385 σε
1352 2359 1501 2393 τηνικαῦτα
1524 2360 1721 2396 προσεροῦμεν,
1750 2359 1774 2386 ὧ
1805 2359 1929 2397 μοναχὲς

1098 2401 1217 2437 ἀστικὸν,
1245 2403 1263 2438 ἢ
1293 2402 1440 2440 ἐρημικόνς
1475 2403 1577 2440 γωνίας
1605 2401 1747 2441 ἄνθρωπον
1777 2414 1928 2440 πνευματι-

1098 2450 1161 2482 κῆς,
1176 2447 1193 2481 ἢ
1210 2446 1338 2484 ἀμφόδου
1353 2447 1520 2482 πολιτικῆς;
1549 2447 1760 2484 κωμοπολίτην,
1791 2448 1809 2483 ἢ
1825 2447 1929 2485 ἐρημο-

1097 2491 1233 2526 πολίτην;
1263 2492 1324 2526 Ναὶ,
1357 2492 1445 2528 οἶμαι,
1474 2494 1610 2527 τοιοῦτον,
1639 2493 1676 2524 ὡς
1707 2491 1867 2530 ἐρημοῦντα
1881 2493 1933 2527 τὴν

1100 2535 1152 2562 ὑπὸ
1172 2538 1222 2563 σοῦ
1247 2533 1415 2574 τριϐομένην
1439 2535 1521 2563 πόλιν
1554 2537 1698 2573 μιμήσεως
1727 2537 1842 2574 ἀγαθῆς·
1871 2536 1926 2564 Καὶ

1099 2580 1152 2616 μὴν
1191 2580 1307 2620 ὥφειλες
1342 2580 1460 2618 ἒπίγειος
1495 2581 1541 2617 μὶν
1581 2581 1648 2609 εἶναι
1681 2581 1712 2609 τὸ
1753 2581 1930 2620 φαινόμενον,

1097 2624 1221 2661 οὐράνιος
1248 2624 1277 2653 δὶ
1298 2625 1328 2653 τό
1348 2635 1379 2663 γε
1393 2624 1517 2663 κρύφιον,
1533 2625 1564 2653 τὸ
1580 2625 1659 2664 φίλον
1677 2627 1717 2662 τῷ
1733 2628 1817 2661 κοινῷ
1833 2625 1929 2663 πατρὶ,

1096 2672 1164 2705 Θεῷ·
1196 2670 1225 2701 ὃς
1255 2669 1364 2708 βλέπων
1389 2669 1414 2697 ἰν
1438 2672 1479 2706 τῷ
1502 2671 1624 2707 κρυπτῷ,
1650 2669 1818 2698 ἀποδίδωσιν
1843 2669 1869 2696 ἐν
1886 2671 1928 2705 τῷ

1095 2717 1211 2753 φανερῷ.
1250 2714 1288 2741 Σὺ
1316 2712 1345 2742 δὲ
1373 2713 1446 2742 ἀλλὰ
1471 2714 1624 2752 ἀρθριάζιις
1654 2715 1703 2751 μὶν
1730 2717 1770 2750 τῷ
1796 2714 1923 2751 σχήματι

1095 2756 1316 2797 οὗρανοϐάμονος
1347 2757 1445 2796 δίκην,
1475 2759 1663 2799 προσκεκυφας
1692 2757 1721 2787 δὶ
1749 2759 1784 2796 τῇ
1809 2759 1845 2797 γῇ
1874 2756 1924 2784 Iuli
