2002 3158
98 186 157 217 853

607 185 659 215 DE
682 185 926 215 EMENDANDA
947 185 1039 216 VlTA
1061 187 1299 220 MONACHIGA.

1748 192 1809 222 854

96 250 302 289 προσπέφυκας,
332 250 397 277 ὡσεὶ
433 249 478 277 καὶ
519 248 717 288 μανδραγόρας,
745 250 762 285 ἢ
796 248 866 277 ἄλλο
902 260 924 276 τι

987 253 1079 280 tractu
1095 253 1233 283 difﬁcilis.
1254 256 1307 283 Aut
1320 255 1387 289 Deo,
1399 255 1604 292 inquiunt,aut
1619 266 1806 285 mammonae»

98 295 312 324 δυσέκσπαστον.
339 298 373 322 Ἠ
401 307 415 321 ‹‹
443 297 484 331 τῷ
510 297 569 330 Θεῷ
585 307 596 321 ι
616 294 742 332 φησὶν,ἢ
768 305 782 320 n
806 296 846 330 τῷ
877 305 926 331 μα-

99 343 186 378 μωνᾷ.
203 352 218 366 »
241 341 279 368 Ἦ
302 339 354 378 γὰρ
380 338 492 374 ἄλλως
508 338 587 368 Οὕτω
612 337 640 366 δὲ
663 338 709 367 καὶ
725 339 738 366 ὁ
759 339 827 376 πρὸς
857 337 926 373 ἀλή-

97 386 169 413 θειαν
200 384 335 421 μονάζων,
352 384 369 419 ἢ
398 385 437 419 τῷ
465 381 561 420 κόσμῳ
590 383 708 418 πάντως,
732 383 749 418 ἢ
774 383 813 418 τῷ
843 392 927 420 φρον-

96 429 245 467 τιστηρίῳ.
267 428 412 464 Δυάζισθαι
437 428 487 466 γὰρ
513 428 563 456 οὐκ
586 426 641 455 ἔστι
663 428 709 455 τὸν
738 426 849 462 ἀληθῶς
876 436 925 463 μο-

97 474 226 509 νάζοντα.

134 519 207 557 ρμθ’.
235 518 342 555 Σεμνὸν
370 518 444 556 παρὰ
470 519 529 548 τοῖς
558 517 644 546 πάλαι
669 519 763 556 σοφοῖς
781 517 799 551 ἡ
831 516 925 552 μονὰς,

97 561 143 591 διὰ
169 563 202 591 τὸ
226 562 265 594 είς
293 562 388 596 ἑαυτήν
411 561 566 601 ἰστράφθαι,
582 562 627 589 καὶ
642 560 807 592 ἀδιαστάτως
841 559 925 598 ἔχειν’

94 608 141 636 καὶ
173 607 249 645 ἀρχή
290 608 337 643 μὶν
373 607 492 645 ἀριθμοῦ
531 607 662 634 τεθεῖσθαι
690 606 736 633 καὶ
762 605 927 642 πληθύσμοῦ

96 652 182 686 atria,
200 653 239 689 μὴ
272 652 362 688 μέντοι
392 651 437 679 καὶ
465 651 533 686 αύτή
558 651 699 689 πολύχοος
716 651 782 678 εἶναι
810 650 854 677 καὶ
881 649 926 677 εὐ-

96 695 209 735 σχιδής.
226 697 274 724 Διὸ
295 696 341 724 καὶ
365 695 404 727 εἷ’ς
429 706 454 723 τι
477 698 550 728 θεῖον
575 695 711 729 ἐτάσσετο,
725 695 770 723 καὶ
797 698 848 729 τῆς
871 696 924 722 τῶν

97 742 206 780 ἀγαθῶν
244 740 404 779 συστοιχίας
440 741 612 778 προεκάθητο
647 740 673 768 ἐν
709 742 744 777 τῇ
781 738 926 778 φιλοσόφῳ

94 788 272 825 καταγραφῇ.
301 785 353 814 Kal
381 784 452 812 aii-rw
482 785 529 822 μὲν
560 785 658 822 σεμνὸν
685 786 702 820 ἡ
735 784 872 821 μονάς-Ἥ
897 782 926 810 δὲ

96 830 173 864 δυὰς,
200 830 298 868 πρώτη
337 831 391 858 τῶν
421 829 516 868 ἐφεξῆς
549 829 681 866 ἀριθμῶν,
707 827 842 856 διάστασιν
876 838 926 864 με-

94 875 247 911 λιτήσασα,
271 874 317 902 καὶ
347 874 405 902 οἷον
440 874 637 911 ἀποσχισθεῖσα
666 877 717 908 τῆς
753 873 855 911 ἀρχῆς,
880 870 925 899 καὶ

94 919 222 956 πλήθους
263 918 435 956 κατάρξασα,
471 917 563 955 τόλμα
599 917 755 954 ἐπεκλήθη,
785 917 818 944 οὐ
855 917 925 945 πάνυ

95 967 216 1002 σεμνῶς,
242 962 316 992 ἀλλὰ
341 962 577 1001 σκωπτικώτερον.
605 963 655 990 Καὶ
691 962 779 990 τοίνυν
809 962 854 989 ἀπ’
878 961 925 989 αύ-

93 1011 146 1042 τῆς
185 1009 231 1037 καὶ
272 1009 322 1043 τήν
363 1008 543 1036 κακοπάθειαν
575 1007 600 1034 οἱ
628 1007 661 1034 τὰ
702 1008 816 1034 τοιαῦτα
846 1006 925 1046 σοφοὶ

92 1066 107 1080 ‹‹
129 1052 198 1089 δύην
223 1065 237 1080 ››
265 1051 458 1088 ἐκάλεσαν,ὡς
482 1052 531 1087 τήν
554 1052 622 1080 κατὰ
650 1053 730 1089 σῶμα
759 1050 923 1090 στοιχειώδη

91 1100 150 1131 καθ’
180 1099 256 1135 ἡμᾶς
281 1097 394 1132 ἑνότητα
423 1096 569 1132 δυάζουσαν
600 1095 668 1124 κατά
698 1107 727 1124 τε
758 1096 789 1124 τὸ
817 1096 923 1134 πάσχον

91 1144 137 1171 καί
163 1143 196 1171 τὸ
223 1145 331 1171 ποιοῦν.
347 1141 452 1171 Οὔκουν
481 1141 527 1169 καὶ
551 1143 610 1173 τοῖς
635 1140 688 1169 ἔσω
715 1141 759 1169 καὶ
788 1144 846 1172 τοῖς
873 1140 924 1178 ἔξω

95 1188 265 1225 μεριστέοςὸ
284 1187 417 1225 μοναχὸς,
445 1187 483 1218 ὡς
510 1185 596 1218 οὕτως
624 1186 682 1214 ἀντὶ
710 1188 759 1214 τοῦ
788 1188 836 1223 ζῇν
873 1196 923 1222 μο-

91 1233 138 1269 νὰξ
173 1231 315 1267 δυάζεσθαι
354 1231 432 1268 (ὅπερ
473 1231 522 1259 οὐκ
559 1230 691 1268 ἐτάξατο),
721 1231 766 1259 καὶ
803 1229 923 1263 ἐντεῦθεν

92 1277 271 1316 ἀφιλοσόφως
312 1275 468 1314 διαχέεσθαι
509 1275 548 1308 εἲς
590 1275 753 1313 πληθυσμὸν
788 1275 820 1303 οὐ
862 1281 922 1308 ese-

116 1321 177 1356 ιλῆ.

196 1366 228 1393 Εἰ
253 1364 276 1393 δ’
301 1364 378 1401 ἴσως,
402 1365 425 1392 ὦ
451 1364 660 1402 μοναστηριακὶ,
684 1364 830 1404 προφέρεις
854 1365 922 1401 ἡμῖν

95 1410 134 1443 εἷς
163 1409 288 1438 ἀθώωσίν
318 1419 366 1437 σου
403 1409 490 1437 έκεῖνο
526 1409 557 1437 τὸ
594 1409 770 1448 μακαριστὸν,
797 1409 834 1441 ὡς
862 1408 922 1448 ἄρα,

94 1455 166 1488 καθὰ
193 1456 212 1490 ἡ
240 1454 404 1492 εὐαγγελική
442 1453 542 1492 Μαρία,
566 1455 584 1489 ἡ
608 1455 676 1493 πρὸς
700 1456 759 1485 τοῖς
783 1453 862 1481 ποσὶν
883 1453 923 1482 ἀεὶ

93 1502 145 1528 τοῦ
171 1501 275 1535 Ἰησοῦ,
305 1497 392 1526 δέεται
413 1499 458 1526 καὶ
483 1497 606 1535 δευτέρας
632 1502 684 1534 τῆς
712 1498 837 1536 Μάρθας,
860 1508 923 1536 τυρ-

95 1542 243 1581 ϐαζούπης,
259 1543 304 1572 καὶ
331 1543 385 1581 οὐχ
407 1542 513 1580 ἁπλῶς,
543 1542 617 1570 ἀλλά
644 1543 706 1581 περὶ
731 1542 824 1571 πολλὰ
852 1543 923 1570 οὕτω

96 1588 276 1624 δυασθήσεται
303 1588 347 1616 καὶ
376 1589 394 1623 ἡ
425 1588 564 1626 μοναχική
595 1586 766 1626 ἀδελφότης·
794 1586 839 1619 δός
876 1598 923 1624 μοι

93 1635 145 1668 τὴν
171 1620 278 1672 Μαρίαν
303 1620 431 1667 ἐνταῦθα,
452 1620 516 1667 τήνμ
525 1620 705 1669 ἐκλεξαμένην
725 1620 838 1669 μερίδα,
861 1620 922 1667 fin;
938 1620 960 1654 α

94 1679 186 1717 ἀγαθὴ
221 1678 306 1712 οὖσα,
335 1677 385 1705 οὐκ
425 1677 632 1715 ἀφαιρεθήσεται
671 1677 717 1704 ἀπ’
745 1676 827 1711 αὐτῆς
844 1686 850 1693 ⁸
879 1685 930 1712 καὶ

95 1722 160 1750 ἰδὼν
192 1722 290 1757 αύτὴν,
319 1722 512 1760 συγγνώσομαι
541 1723 576 1758 τῇ
605 1720 673 1749 κατά
702 1731 731 1749 σε
754 1722 853 1759 Μάρθα
880 1724 930 1756 τῆς

93 1765 221 1805 τύρϐης·
250 1765 344 1798 ἄλλως
371 1767 421 1805 γὰρ
450 1766 499 1794 οὐκ
528 1767 671 1803 ἄμεμπτον
702 1766 815 1804 Μάρθαν
846 1767 930 1803 μόνην

96 1813 165 1841 εἶναι
193 1812 226 1840 τὸ
249 1811 470 1851 φροντιστήριον.
491 1810 570 1840 Οὕτω
595 1821 654 1842 πως
679 1811 725 1838 καὶ
752 1811 766 1838 ὁ
790 1814 838 1838 τοῦ
863 1815 930 1839 Ζακ-

95 1858 180 1896 χαίου
211 1857 296 1891 οἶκος,
321 1856 367 1883 καὶ
395 1857 409 1883 ὁ
437 1858 485 1884 τοῦ
531 1854 654 1893 μεγάλου
683 1855 834 1885 Ματθαίου.
862 1860 932 1884 Ζακ-

97 1905 180 1940 χαῖος
213 1900 296 1938 μόνος
325 1900 359 1934 ἦν
390 1910 467 1935 ποτε,
483 1900 528 1928 καὶ
557 1901 697 1932 Ματθαῖος
727 1900 821 1937 μόνος.
852 1897 932 1929 Ἀλλ’

96 1947 210 1984 ὕστερον
246 1945 355 1984 ἀφέντες
391 1944 424 1972 τὸ
459 1947 584 1972 τοιοῦτον
628 1944 754 1981 μονάζον,
778 1944 933 1981 ἐπλήθυναν

96 1990 210 2023 ὶαυτοὺς
252 1990 361 2029 ἀρεταῖς
379 2000 385 2007 ·
416 1989 462 2018 καὶ
496 1991 545 2017 τοῦ
587 1989 693 2026 κόσμου
727 1989 933 2029 ἀπαναστάντεςζ

96 2021 256 2071 ὶκόλληγσαν
271 2021 331 2066 ,τὰς
356 2033 447 2072 ψυχὰς
475 2032 564 2062 αὖτῶν
595 2021 683 2061 ὀπίσω
703 2036 750 2061 τοῦ
780 2037 846 2061 Θεοῦ
860 2044 866 2051 ·
888 2021 935 2062 κειὶ

98 2080 193 2108 ἔκτοτε
220 2079 416 2117 πορευόμενοι,
432 2078 595 2116 ἐπορεύοντο
622 2077 771 2116 βάλλοντες
797 2079 830 2106 τὰ
852 2079 934 2116 σπέρ-

101 2135 173 2163 ματα
210 2123 297 2152 αὐτῶν
334 2123 375 2151 ἐπ’
405 2124 499 2162 ἀγαθῷ
535 2123 620 2156 τέλει,
646 2123 669 2159 ᾦ
697 2123 742 2151 καὶ
768 2124 934 2162 προσέσχον,

100 2171 223 2208 χρυσοῦν
260 2169 340 2206 θέρος
373 2167 552 2206 δρεψάμενοι.
580 2168 618 2197 Οὗ
654 2167 685 2195 σὺ
722 2170 781 2199 πῶς
819 2167 849 2196 ἂν
877 2168 936 2196 ἐπι-

100 2213 198 2252 δράξῃ,
225 2214 240 2241 ὁ
264 2212 334 2241 κατὰ
359 2212 463 2248 κόσμον
500 2212 547 2249 μὶν
573 2212 718 2250 γλίσχρως
746 2213 938 2252 πονησάμενος

98 2261 133 2296 τῇ
165 2258 279 2296 γαστρὶ,
302 2257 348 2285 καὶ
378 2256 423 2285 διὰ
449 2259 530 2285 τοῦτο
568 2253 862 2294 καταγνοὺςῚκείνου,
892 2250 936 2286 καὶ

983 296 1056 328 Quid
1073 298 1150 325 enim
1167 299 1246 326 aliud
1257 299 1388 328 ?Eodem
1405 301 1490 328 modo
1507 309 1572 329 vere
1589 302 1750 329 monachus
1761 305 1806 329 vel

983 342 1093 369 mundo
1109 343 1248 377 totaliter,
1275 344 1320 372 vel
1346 346 1534 373 monasterio.
1552 347 1581 373 In
1611 347 1684 374 duas
1708 348 1804 382 partes

982 385 1060 414 enim
1076 387 1170 415 scindi
1186 397 1243 416 non
1260 391 1356 424 potest
1371 398 1456 417 verus
1473 389 1647 418 monachus.

1019 522 1203 551 149.8acrum
1214 523 1323 559 aliquid
1335 525 1412 560 apud
1422 526 1535 552 veteres
1547 525 1737 561 philosophos
1743 528 1805 554 erat

981 566 1090 600 unitas,
1107 567 1177 602 quia
1193 568 1222 595 in
1235 576 1266 595 se
1282 568 1346 604 ipsa
1358 568 1503 603 sistit,nec
1514 569 1602 597 habet
1612 569 1803 604 divisionem;

981 617 1015 637 ea
1032 610 1207 647 principium
1221 620 1412 640 numerorum
1430 613 1656 648 ponitur,causa
1671 613 1805 641 multitu-

981 654 1125 688 dinis,nec
1141 658 1238 684 tamen
1255 657 1422 685 multicolor
1437 659 1546 692 est,aut
1561 657 1726 685 divisihilis.
1738 658 1804 686 Ideo

980 698 1106 728 habetur
1137 704 1168 728 ut
1195 701 1307 737 aliquid
1338 702 1481 735 divinum,
1498 703 1527 729 in
1557 703 1632 730 serie
1660 703 1804 731 honorum

981 744 1076 779 primo
1092 745 1234 773 statuitur
1248 755 1263 773 ιι
1277 746 1480 781 scriptoribus.
1499 746 1546 774 Sic
1561 754 1645 774 sacra
1660 750 1723 774 erat
1739 747 1804 774 uni-

979 791 1036 816 tas.
1053 789 1115 817 Duo
1131 793 1241 823 autem,
1258 790 1372 826 primus
1397 791 1641 826 subsequentium
1667 800 1805 819 numero-

980 841 1057 868 rum,
1074 834 1247 863 divisionem
1261 835 1442 870 signiﬁcans,
1455 836 1539 871 quasi
1552 838 1687 872 separata
1697 845 1713 863 a
1726 836 1805 871 prin-

980 877 1065 914 cipio,
1078 879 1278 907 multitudinis
1293 880 1424 913 initium,
1435 880 1559 908 audacia
1574 880 1805 913 vocabatur,non

979 922 1066 963 plane
1077 924 1162 957 serio,
1180 924 1229 952 sed
1255 925 1339 959 quasi
1363 924 1495 952 ridendo.
1521 925 1631 952 Exinde
1654 925 1802 952 miseriam

985 967 1153 1004 philosophi
1168 968 1305 996 dixerunt
1319 968 1475 1004 duplicem,
1493 969 1577 1005 quasi
1594 969 1730 1004 primaeva
1740 977 1803 997 cor-

980 1012 1059 1048 poris
1075 1013 1168 1040 nostri
1184 1013 1280 1041 unitas
1295 1013 1325 1040 in
1351 1013 1425 1041 duas
1450 1016 1548 1049 partes
1563 1013 1756 1046 scinderetur,
1773 1013 1803 1040 in

980 1057 1050 1093 pati,
1067 1059 1095 1085 et
1108 1057 1138 1084 in
1154 1065 1249 1093 agere.
1265 1057 1365 1093 Neque
1379 1065 1445 1092 ergo
1461 1065 1559 1085 rerum
1575 1060 1761 1085 externarum
1776 1059 1804 1085 et

979 1102 1161 1130 internarum
1175 1102 1321 1137 particeps
1335 1110 1399 1130 esse
1414 1101 1500 1130 debet
1525 1102 1699 1136 monachus,
1715 1102 1755 1130 ita
1771 1104 1803 1130 ut

979 1155 1030 1182 pro
1046 1146 1104 1174 vita
1120 1146 1206 1174 unica
1221 1146 1387 1182 duplicetur
1408 1147 1499 1182 (quod
1526 1155 1584 1174 non
1608 1146 1802 1183 promiserat),

978 1193 1007 1219 et
1021 1191 1126 1219 deinde
1141 1191 1171 1219 in
1188 1191 1409 1219 multitudinem
1428 1194 1483 1219 Deo
1499 1192 1630 1220 odiosam
1645 1191 1803 1220 irrationa-

978 1235 1077 1264 biliter
1092 1236 1285 1264 dill‘undatur.

1015 1370 1076 1398 150.
1092 1369 1120 1397 Si
1133 1371 1230 1398 autem
1242 1370 1274 1397 ut
1281 1369 1484 1405 justiﬁceris,o
1495 1369 1726 1403 monache,bane
1737 1369 1803 1398 bea-

978 1414 1135 1443 titudinem
1151 1414 1238 1442 nobis
1249 1414 1480 1450 profers,nempe
1490 1414 1610 1442 Mariam
1621 1413 1702 1442 illam
1713 1422 1799 1442 evan-

978 1459 1180 1494 gelicam,quze
1191 1466 1308 1494 semper
1318 1458 1353 1486 ad
1366 1458 1454 1494 pedes
1464 1458 1534 1486 Jesu
1546 1458 1675 1494 sedebat,
1683 1458 1799 1494 eguisse

978 1503 1094 1531 Martha
1108 1503 1236 1530 secunda
1252 1510 1283 1530 se
1297 1503 1443 1534 turbante,
1461 1511 1518 1530 non
1535 1502 1613 1530 circa
1628 1511 1730 1536 unum,
1747 1503 1797 1530 sed

978 1559 992 1573 «
1010 1547 1086 1575 circa
1102 1546 1229 1583 plurima
1244 1559 1254 1571 ι
1268 1547 1300 1580 ³²,
1312 1548 1341 1574 et
1355 1547 1456 1574 eodem
1469 1547 1554 1574 modo
1566 1547 1594 1574 in
1611 1547 1685 1574 duas
1701 1549 1798 1582 partes

979 1591 1165 1620 dividendam
1180 1599 1245 1619 esse
1273 1591 1484 1618 monachorum
1514 1590 1724 1618 fraternitatem
1738 1599 1745 1624 ;
1762 1590 1800 1618 do.

982 1636 1054 1664 mihi
1069 1635 1214 1672 extemplo
1230 1635 1305 1663 hanc
1318 1635 1450 1670 Mariam,
1466 1643 1530 1670 quae
1544 1638 1656 1671 partem
1675 1635 1804 1671 elegerat

983 1682 1162 1713 bonam,non
1183 1681 1372 1708 auferendam
1388 1680 1424 1707 ab
1439 1688 1490 1714 ea;
1507 1688 1594 1714 quam
1611 1687 1678 1707 cum
1693 1679 1804 1715 videro,

985 1725 1105 1754 Marthae
1122 1727 1177 1752 tuae
1202 1725 1397 1752 turbationem
1422 1724 1610 1758 condonabo;
1628 1724 1713 1752 aliter
1727 1723 1806 1752 enim

985 1770 1099 1799 Martha
1114 1769 1176 1798 sola
1190 1769 1403 1798 monasterium
1420 1778 1477 1796 non
1497 1769 1553 1797 erit
1569 1770 1678 1804 absque
1693 1769 1806 1804 vitupe-

985 1815 1108 1843 ratione.
1125 1814 1172 1842 Sic
1187 1813 1373 1850 aliquomodo
1399 1813 1509 1842 Zechaei
1533 1814 1649 1847 domus,
1665 1816 1693 1841 et
1710 1812 1809 1849 magni

986 1859 1209 1894 Matthaai,solus
1228 1861 1291 1886 erat
1318 1858 1475 1894 aliquando
1503 1858 1650 1886 Zachzeus.
1680 1857 1766 1886 Solus
1782 1858 1812 1886 et

988 1904 1263 1933 MattheusPostea
1275 1906 1373 1931 autem
1385 1911 1451 1931 cum
1464 1903 1539 1931 hanc
1559 1902 1747 1931 solitudinem
1765 1911 1811 1931 re-

988 1949 1156 1985 liquissent,
1172 1947 1331 1976 virtutibus
1347 1947 1460 1983 seipsos
1475 1947 1700 1983 repleverunt,et
1715 1955 1813 1976 assur-

989 1996 1090 2029 gentes
1105 2001 1120 2020 e
1133 1993 1244 2020 mundo
1260 1993 1374 2020 animas
1389 2001 1459 2020 suas
1470 1992 1527 2020 Deo
1543 1992 1811 2028 agglutinaverunt,

989 2041 1127 2073 extraque
1141 2039 1281 2065 exeuntes
1296 2037 1379 2064 ibant
1402 2037 1551 2064 mittentes
1576 2037 1690 2064 semina
1712 2044 1766 2064 sua
1780 2036 1810 2063 in

990 2083 1079 2110 ﬁnem
1108 2081 1265 2117 optimum,
1294 2089 1380 2116 quem
1419 2080 1569 2108 consecuti
1599 2083 1669 2108 sunt
1696 2082 1814 2115 accepta

991 2135 1087 2155 messe
1102 2134 1199 2153 aurea.
1216 2125 1307 2157 Quem
1332 2133 1391 2160 qua
1416 2124 1527 2152 ratione
1543 2126 1575 2152 tu
1591 2123 1745 2158 obtinebis,
1762 2123 1814 2159 qui

991 2172 1021 2199 in
1036 2171 1146 2198 mundo
1162 2170 1208 2197 vix
1223 2169 1315 2197 ventri
1325 2168 1476 2203 laborasti,
1492 2177 1586 2204 eoque
1599 2168 1635 2196 ob
1652 2169 1727 2196 hanc
1744 2176 1814 2195 oau-

992 2224 1054 2244 sam
1071 2214 1309 2249 condemnato,in
1326 2213 1477 2241 meliorem
1489 2213 1579 2241 vitam
1591 2212 1815 2248 transiisti,qui-

993 2269 1049 2297 que
1064 2259 1167 2288 exinde
1183 2258 1270 2287 malis
1286 2258 1398 2286 artibus
1427 2257 1522 2293 major
1541 2258 1661 2286 effectus
1674 2256 1728 2285 es?
1743 2256 1815 2292 quid

102 2301 271 2340 μεταϐαλὼν
298 2301 336 2334 εἷς
372 2302 418 2330 τὸν
453 2302 596 2339 κρείττονα
624 2301 695 2340 βίον,
726 2301 878 2335 πλεονάσας
907 2302 924 2330 ὃ

990 2304 1153 2334 monachus
1169 2312 1186 2331 ε.
1200 2303 1421 2338 conversione,a
1433 2302 1529 2338 prima
1543 2301 1814 2329 conditionelucra-

100 2347 131 2376 ὶκ
158 2351 211 2383 τῆς
237 2347 300 2375 τότε
337 2346 543 2385 πονηρεύμασι;
570 2345 601 2373 Τί
629 2344 778 2384 κερδαίνεις
810 2348 932 2385 μοναχὸς

100 2396 152 2428 τῆς
187 2392 367 2430 μετατάξιως,
391 2395 442 2426 τῆς
481 2390 614 2429 προτέρας
643 2390 679 2418 ὢν
709 2391 827 2427 τάξεως;
858 2391 932 2429 Σύμ-

101 2437 186 2475 φορόν
216 2447 259 2465 σοι
291 2437 441 2475 στραφῆναι
468 2435 506 2467 εἰς
543 2436 590 2463 τὸν
627 2436 723 2473 πρώην
754 2435 860 2473 ἔμετον,
889 2437 933 2465 καὶ

100 2481 208 2521 ὀλίγοις
236 2483 333 2514 κακοῖς
362 2480 509 2513 ὑπεύθυνον
539 2480 619 2517 εἶναι,
646 2479 718 2519 ἤπερ
743 2483 783 2517 τῷ
812 2481 947 2519 καθαρείῳ

105 2526 259 2564 ἄσμηκτον.

138 2572 206 2609 ρνα’.
223 2570 274 2602 Δός
302 2580 348 2607 μοι
372 2570 417 2598 τὸν
444 2568 637 2609 ὠφελούμενον
664 2569 694 2597 ἐκ
719 2571 773 2598 τῶν
803 2573 855 2597 σῶν
888 2581 936 2607 μο-

103 2617 230 2654 χθηριῶν
263 2614 336 2653 Ἀρά
367 2625 398 2653 γε
423 2615 530 2653 τρέφεις
568 2614 683 2649 enimsic
722 2614 857 2653 πατέρας;
885 2615 937 2643 Καὶ

104 2660 194 2698 ἁγίοις
219 2658 333 2690 ικιίνοις
357 2658 416 2687 οὖσι
448 2660 573 2697 μοχθεῖς,
603 2659 683 2691 αὐτὸς
711 2662 861 2698 χορηγῶν;
887 2659 936 2687 Καὶ

101 2704 173 2733 οὕτω
205 2704 327 2742 μιρίτης
352 2704 444 2735 αὐτοῖς
469 2704 528 2742 γίνῃ
555 2705 603 2732 τοῦ
635 2704 732 2739 καλοῦ,
757 2705 827 2736 καθὰ
851 2705 895 2732 καὶ
917 2705 935 2739 ἡ

105 2748 266 2788 ὑμνουμένη
292 2749 389 2787 Μάρθα
412 2750 448 2787 τῇ
475 2748 589 2787 Μαρίᾳ;
605 2748 654 2777 Καὶ
682 2749 736 2786 μὴν
753 2748 779 2778 ἓν
807 2751 846 2786 τῷ
868 2747 937 2777 κατά

137 2849 162 2868 ⁸³
178 2849 252 2878 Luc.
267 2857 298 2884 x,
313 2849 359 2878 41.

988 2350 1053 2378 ris?
1069 2349 1174 2378 Melius
1189 2348 1242 2376 tibi
1257 2350 1320 2376 erat
1345 2348 1380 2375 ad
1406 2347 1534 2383 priscum
1550 2346 1692 2373 vomitum
1709 2345 1814 2373 reverti

989 2398 1016 2423 et
1031 2395 1128 2430 parvis
1143 2392 1229 2421 malis
1242 2392 1400 2420 obnoxium
1427 2399 1492 2419 esse
1517 2399 1604 2426 quam
1625 2390 1812 2418 accedentem

990 2440 1025 2467 ad
1039 2439 1128 2467 vitam
1146 2437 1330 2474 impollutam
1348 2436 1449 2464 sordes
1466 2444 1523 2463 non
1539 2438 1669 2463 extersas
1685 2434 1811 2463 trahere.

978 2482 1030 2520 βίῳ
1060 2478 1209 2520 προσϐάντι
1240 2479 1324 2518 ῥύπον
1354 2478 1399 2507 διὰ
1423 2480 1612 2517 κακοπραξιῶν
1637 2477 1813 2517 ἐπισύρασθαι

1027 2572 1087 2600 151.
1105 2571 1147 2599 Da
1163 2571 1234 2599 mihi
1251 2570 1400 2598 hominem
1414 2570 1449 2597 de
1465 2571 1516 2597 tua
1532 2569 1645 2597 malitia
1660 2569 1815 2606 proﬁcien-

994 2618 1062 2644 tem.
1091 2616 1230 2645 Nutrisne
1259 2618 1356 2652 patres
1384 2614 1523 2643 ascetas?
1544 2615 1578 2642 Et
1606 2614 1636 2642 hi
1667 2622 1733 2642 cum
1758 2607 1818 2640 si“t

992 2660 1132 2694 sancti,tu
1145 2661 1202 2688 dux
1214 2667 1314 2688 eorum
1329 2658 1477 2695 malignus
1490 2667 1521 2686 es
1531 2658 1662 2687 ?Siccine
1673 2659 1816 2686 bonorum

993 2713 1093 2733 eorum
1109 2713 1140 2732 es
1165 2705 1322 2740 particeps,
1339 2705 1372 2731 ut
1393 2702 1489 2731 Mariae
1518 2703 1631 2731 Martha
1657 2699 1816 2738 praedicta?

993 2750 1064 2778 Vide
1088 2757 1157 2786 ergo
1172 2749 1203 2777 in
1232 2750 1361 2777 torrente
1390 2747 1442 2783 qui
1464 2748 1550 2784 juxta
1573 2750 1602 2775 te
1626 2748 1690 2781 est;
1706 2745 1731 2774 si
1748 2745 1814 2781 quis
