2002 3158
219 197 277 228 855

605 193 815 224 EUSTATHII
837 193 1223 225 THESSALONICENSIS
1246 192 1539 224 METROPOLI'DE

1840 193 1892 224 856

220 261 342 292 sollicite
357 260 471 289 fodiens
483 259 663 288 metallicum
679 260 826 296 pulverem
839 260 926 292 lavat,
942 259 1040 296 paleas

1111 269 1129 287 rs
1154 258 1298 298 χειμάῤῥω
1328 257 1356 286 εἷ’
1379 268 1420 289 τις
1449 256 1588 294 ἐπιμελῶς
1608 256 1755 295 ἀνορόσσων
1770 257 1893 295 ἀποπλύνῃ

220 306 316 335 brevis
331 305 393 334 auri
411 307 461 333 aut
476 305 588 341 argenti
612 305 728 333 obscuri
745 304 838 340 eligit,
855 307 883 332 et
899 304 1044 340 reliquum

1111 304 1143 331 ·ὸν
1158 306 1224 342 χοῦν
1242 302 1463 339 ιιεταλλευτικῶς
1480 301 1570 340 βραχύ
1593 312 1618 329 τι
1640 304 1732 339 ψῆγμα
1758 302 1858 339 χρύσεον
1879 302 1894 337 ἢ

222 350 385 385 metallum,
404 349 562 386 particulas
587 357 676 377 carens
704 348 748 377 vel
773 349 845 377 aciei
871 351 969 377 atoma
988 357 1045 377 non

1111 349 1209 385 ισήμου
1225 348 1342 387 ἀργύρου
1358 347 1504 382 έκλέξιται·
1520 347 1552 374 τὸ
1576 345 1604 374 δὲ
1627 346 1721 375 λοιπὸν
1743 350 1789 381 τῆς
1816 346 1898 383 μιταλ-

221 395 342 424 adducit
356 396 391 423 ad
408 395 515 428 lucem,
532 394 631 422 omnia
645 402 712 421 vero
735 402 826 429 grana
841 394 1046 429 projiciuntur.

221 441 280 469 Cur
295 443 392 468 autem
409 439 465 468 alia
479 442 568 474 atque
584 439 632 466 isti
654 439 758 466 fratres
774 447 831 465 non
848 438 921 474 agis,
938 441 967 466 et
982 441 1048 466 tuos

220 486 336 514 labores
351 484 428 511 inter
440 483 603 518 indigentes
615 491 671 511 non
684 482 790 510 dividis
801 482 815 508 ‘l
826 483 859 510 Et
874 491 962 518 quam
973 483 1049 510 mul-

222 530 263 558 tis
279 528 480 565 indigentibus
510 527 593 555 facile
620 529 648 555 et
675 527 754 562 large
783 527 898 562 dividis,
916 527 966 563 qui
991 536 1049 555 non

224 573 321 603 solum
352 572 503 600 mendicos
532 572 568 599 ad
595 571 761 605 ditandum,
792 572 842 599 sed
872 572 970 607 etiam,
999 571 1051 599 ubi

224 617 366 654 possibile
384 619 436 648 est,
455 616 535 652 rapis
550 616 605 643 sub
631 617 769 651 praetextu
795 616 962 644 oeconomiae
986 625 1050 644 mo-

225 662 369 692 nasterii?
384 661 437 694 Qui
455 669 572 696 semper
587 660 712 696 colligis,
721 662 749 688 et
765 669 916 696 nunquam
932 661 1050 696 dividis,

227 709 259 736 ut
274 707 400 743 imperat
417 708 489 734 Deus
506 705 659 733 monachis
675 713 788 740 magnas
815 705 951 739 civitatis,
969 705 1051 739 solis,

227 754 259 780 ut
278 751 405 784 videtur,
429 753 457 778 et
486 750 640 786 quibusvis
667 749 735 778 alibi
763 757 864 777 eorum
892 749 1052 778 similibus.

225 796 299 824 Huic
311 795 391 824 enim
408 794 541 830 loquenti
556 802 606 822 vos
623 802 681 822 non
696 794 916 830 obtemperetis.

264 884 325 911 152.
355 883 384 911 Si
411 885 522 917 tamen,
551 891 567 910 ο
595 882 725 918 praelate.
760 883 981 911 concedendum
1011 884 1055 911 est

229 927 390 956 monachos
406 928 484 956 circa
498 927 626 963 plurima
651 928 763 955 turbari
790 935 886 963 posse,
908 930 936 955 et
951 927 1056 955 debere
1070 949 1093 981 Β

229 974 260 1002 in
276 972 386 1000 mundo
402 972 566 1000 conversari
581 984 588 1005 ;
604 980 693 1008 quam
717 972 754 999 ob
777 980 896 1000 causam
911 974 942 1000 tu
964 980 1053 999 manu

232 1017 352 1054 propria
368 1017 457 1045 istum
474 1016 604 1045 laborem
629 1016 767 1052 suscipis,
783 1024 850 1044 cum
876 1017 948 1044 alios
964 1016 1054 1044 habes

233 1061 405 1097 operarios?
419 1063 476 1088 Cur
490 1060 554 1096 ipse
568 1068 626 1088 non
652 1060 746 1088 instas
761 1060 798 1088 iis
813 1061 911 1094 rebus,
928 1069 1054 1096 quarum

231 1105 398 1134 sollicitudo
412 1114 429 1134 a
443 1106 501 1133 Deo
517 1105 578 1132 tuis
592 1104 702 1132 credita
717 1107 772 1139 est,
788 1107 816 1132 et
831 1105 978 1141 apostolos
994 1104 1055 1132 vul-

231 1158 268 1186 go
284 1150 506 1178 ministraturos
523 1157 579 1177 non
597 1149 713 1177 mittis?
728 1149 783 1177 Sed
807 1150 975 1185 frequenter
987 1157 1054 1177 cum

230 1195 273 1222 eis
288 1194 447 1231 egrederis,
464 1197 495 1222 ut
511 1193 663 1228 centurio;
689 1196 717 1221 et
737 1193 890 1221 monachis
904 1193 1055 1222 nonnullis

230 1239 267 1266 ad
282 1239 466 1274 sequendum
482 1238 511 1265 in
526 1238 588 1265 acie
603 1240 734 1265 extrema
753 1237 906 1272 ordinatis,
922 1237 988 1266 aliis
1004 1246 1056 1266 au-

229 1285 288 1311 tem
301 1283 337 1310 ad
354 1284 442 1318 caput
466 1282 646 1318 praepositis,
660 1282 724 1317 ipse
741 1281 857 1309 medius
872 1281 935 1317 agis
948 1282 1055 1309 trium-

230 1327 323 1363 phum
338 1328 350 1355 ?
363 1329 392 1355 et
405 1326 467 1354 vias
483 1326 654 1362 praeteriens
667 1327 775 1361 januas
791 1326 923 1362 efl‘ringis
933 1326 947 1354 ?
961 1326 991 1354 Si
1008 1335 1057 1362 po-

231 1371 368 1406 tentium,
385 1371 458 1399 forte
486 1370 648 1406 gloriosum
682 1372 768 1403 esset,
789 1370 840 1398 sed
875 1370 1055 1406 privatorum

230 1415 451 1453 plerarumque,
466 1417 495 1442 et
519 1414 639 1443 minime
662 1422 825 1450 procerum.
843 1415 971 1446 Quarum
988 1423 1054 1443 cum

229 1460 328 1491 velum
345 1463 496 1489 externum
522 1460 676 1487 reductum
702 1459 798 1497 fuerit,
816 1459 910 1487 multa
931 1460 1005 1496 juga
1025 1460 1054 1488 in

230 1504 333 1534 limine
349 1504 497 1533 manentia
513 1506 639 1532 ascetam
657 1503 737 1531 intus
745 1512 809 1532 esse
823 1503 1056 1540 indicant,spirir

230 1550 380 1586 tualiaque
391 1549 616 1586 peragere.Num
628 1549 746 1585 ignoras
756 1548 881 1576 maxime
891 1548 1002 1576 invium
1013 1557 1057 1577 es-

230 1603 263 1623 se
277 1594 439 1630 quemlibet
453 1595 624 1628 ascetam,et
639 1593 703 1621 ideo
711 1593 804 1621 turba:
815 1593 992 1628 invium,sed
1003 1594 1056 1621 dif-

1102 392 1176 423 λείας
1205 394 1311 429 μήποτε
1339 391 1401 419 οὐδὲ
1430 391 1536 429 χάλκεα
1554 391 1714 428 παραυγάζει
1735 390 1862 427 ψηγμάτια
1884 390 1898 425 ἢ

1103 435 1216 474 σιδηρᾶς
1238 436 1378 473 ἀτόμους·
1403 435 1476 463 ἀλλὰ
1505 436 1536 462 τὸ
1560 437 1611 462 πᾶν
1635 435 1743 472 ψαμμία
1767 435 1826 462 ιίσὶν
1846 435 1900 462 ἀπό-

1103 479 1202 517 ϐλητα.
1218 481 1248 508 Τί
1263 480 1292 508 δὶ
1312 479 1385 508 ἀλλὰ
1399 480 1534 511 τοιούτοις
1552 479 1598 516 μὶν
1621 478 1745 518 ἀδελφοῖς
1768 479 1795 506 οὐ
1815 482 1899 514 πονεῖς,

1107 524 1255 563 μεταδίδως
1271 524 1300 553 δὲ
1315 527 1369 553 τῶν
1386 527 1440 552 σῶν
1462 524 1628 561 πονημάτων
1654 526 1711 555 τοῖς
1737 522 1844 558 ένδιέσι;
1859 524 1901 552 Καὶ

1104 571 1194 602 ποίοις
1222 570 1336 601 ἐκείνοις
1360 569 1594 608 ἀπραγματεύτως
1617 567 1774 606 ἰνδαψιλεύῃ
1798 568 1901 604 πένησιν,

1107 616 1120 643 ὁ
1150 616 1187 652 μὴ
1219 614 1259 642 ὅτι
1289 625 1320 653 γι
1350 616 1482 650 μεταιτῶν
1511 613 1545 641 τὰ
1571 613 1610 645 είς
1631 612 1804 649 πλουτισμὸν,
1818 611 1872 640 ἀλλ’
1884 611 1905 639 εἴ

1107 670 1160 687 που
1185 658 1310 693 δυνατὸν,
1339 659 1385 686 καὶ
1423 658 1586 696 ἀφαρπάζων
1623 657 1752 696 προφάσει
1786 659 1834 684 τῶν
1864 659 1903 691 τῆς

1110 707 1215 741 μονῆς;
1231 703 1277 730 καὶ
1302 703 1342 731 ἀεὶ
1365 705 1414 731 τοῦ
1441 703 1563 740 συνάγειν
1589 700 1639 738 ὢν,
1653 702 1741 729 οὐκέτι
1757 700 1784 729 δὲ
1805 702 1844 729 καὶ
1866 703 1903 728 τοῦ

1108 749 1273 786 σκορπίζειν,
1291 748 1327 778 ὡς
1357 747 1492 775 ἐπιτάσσει
1522 748 1537 774 ὁ
1564 747 1628 778 Θεὸς
1655 749 1713 777 τοῖς
1743 744 1903 783 μεγαλοπολί-

1107 804 1165 824 ταις
1182 792 1287 829 μόνοις,
1309 792 1346 823 ὡς
1360 789 1443 828 ἔοικε,
1456 791 1502 819 καὶ
1514 794 1583 826 τοῖς,
1600 791 1660 819 ὅσοι
1676 790 1772 822 ἄλλοθί
1795 801 1841 818 που
1861 789 1904 817 κατ’

1109 837 1217 868 αὐτούς.
1234 837 1325 874 Ὑμεῖς
1341 836 1392 875 γὰρ
1409 835 1483 872 αὐτῷ
1498 834 1823 873 διαλαλοῢντιχωφιύετι.

1146 883 1212 920 ρνβ’,
1228 881 1302 913 Τέως
1318 892 1349 920 γε
1372 882 1438 918 μὴν,
1454 879 1477 908 ὦ
1500 881 1704 919 προκαθήμενι,
1719 880 1742 908 εί
1760 879 1801 907 καὶ
1824 878 1904 913 δοτέον,

1109 930 1210 965 χρῆναι
1240 923 1382 964 τυρϐάζειν
1410 925 1475 957 τοὺς
1506 924 1646 963 μοναχοὺς
1675 924 1718 953 ἰπὶ
1745 920 1859 959 πολλοῖς,
1871 923 1904 950 καὶ

1108 973 1248 1008 κοσμικῶς
1277 970 1502 1010 ἀναστρέφεσθαισ
1527 969 1555 998 τί
1584 968 1618 1006 δή
1649 979 1715 997 ποτε
1746 968 1775 996 σὺ
1802 967 1904 1005 αὐτόχειρ

1109 1015 1227 1054 ἀναδέχῃ
1255 1015 1301 1042 τὸν
1325 1017 1448 1042 τοιοῦτον
1474 1014 1608 1051 κάματον,
1634 1013 1736 1044 ἄλλους
1755 1011 1821 1051 ἔχων
1840 1022 1905 1047 καμα-

1107 1060 1229 1099 τηρούς;
1245 1060 1274 1087 Τί
1297 1059 1326 1087 δὲ
1352 1060 1389 1097 μὴ
1414 1059 1494 1090 αὐτὸς
1521 1059 1569 1096 μὶν
1594 1058 1750 1096 προσέχεις,
1775 1059 1812 1088 οἱς
1835 1056 1904 1094 χριὼν

1109 1105 1285 1144 προσανέχειν
1299 1104 1364 1136 τοὺς
1386 1104 1453 1132 διοιτιὶ⁴
1477 1104 1507 1131 σὲ
1527 1103 1675 1141 θειότερον,
1690 1106 1750 1134 ταῖς
1772 1102 1797 1130 δέ
1817 1098 1905 1139 τύρϐαις

1111 1149 1280 1181 ἀποστόλους
1322 1149 1440 1186 πέμπεις
1476 1147 1708 1184 διακονήσοντας;
1743 1146 1811 1174 ἀλλά
1841 1147 1906 1182 συχνὰ

1109 1195 1315 1234 προερχόμενος
1343 1194 1400 1231 ἅμα
1425 1192 1549 1228 ἆκείνοις,
1578 1193 1616 1224 ὡς
1638 1194 1684 1220 οἷα
1706 1191 1749 1220 καὶ
1774 1189 1906 1230 φαλαγγάρ-

1110 1249 1176 1277 χης,
1197 1239 1242 1266 καὶ
1269 1238 1334 1269 τοὺς
1360 1238 1408 1275 μὲν
1431 1240 1484 1265 τῶν
1513 1239 1643 1275 μοναχιῖιν
1669 1235 1796 1274 οὐραγοὺς
1821 1235 1906 1266 ἕπεσθαι

1109 1284 1198 1319 τάξας,
1212 1283 1275 1314 τοὺς
1306 1282 1335 1311 δὲ
1358 1283 1395 1314 ὡς
1424 1282 1462 1314 εἰς
1487 1282 1576 1319 στόμα
1599 1279 1830 1320 προϐαλλόμενος,
1846 1278 1906 1316 μίσος

1109 1328 1189 1359 αὐτὸς
1215 1327 1384 1364 πομπεύειςς
1411 1328 1456 1354 καὶ
1493 1326 1721 1365 προφορούμινος
1756 1325 1800 1355 τὰς
1836 1322 1906 1355 ὁδοὺς,

1111 1372 1192 1410 θύρας
1226 1369 1377 1409 ext-piatis;
1402 1370 1495 1399 Καλὸν
1524 1372 1571 1407 μὶν
1595 1369 1675 1405 ἴσως,
1698 1369 1740 1397 ἰὰν
1767 1368 1905 1410 δυναστευτι-

1203 1416 1276 1451 πλήν
1306 1415 1379 1444 ἀλλὰ
1405 1416 1453 1447 τὰς
1483 1415 1595 1443 πλείους
1625 1413 1772 1450 ἰδιωτικὰς,
1799 1412 1839 1441 καὶ
1861 1409 1907 1438 οὺδὶ

1109 1460 1282 1497 έπισήμους’
1308 1459 1345 1488 ὧν
1371 1463 1422 1495 τῆς
1457 1457 1510 1487 ἔσω
1548 1459 1664 1490 αὐλαίας
1691 1456 1906 1493 ἀποστενουμένης,

1109 1507 1142 1533 τὰ
1166 1505 1255 1533 πλείω
1279 1507 1331 1533 τῶν
1363 1504 1519 1542 ὑποζυγίων
1546 1503 1647 1542 θύραζε
1676 1503 1785 1540 μένοντα
1808 1511 1908 1536 καταμη-

1110 1550 1217 1578 νύουσιν
1248 1548 1300 1578 ἔσω
1330 1550 1396 1577 εἶναι
1424 1550 1470 1577 τὸν
1500 1549 1634 1584 ἀσκητήν,
1651 1548 1696 1576 καὶ
1710 1547 1863 1585 καταρτίζειν
1884 1543 1908 1571 τὶ

1110 1594 1288 1631 πνευματικά.
1306 1594 1365 1623 Οὐκ
1389 1592 1475 1627 οἶδας,
1500 1594 1541 1621 ὅτι
1571 1592 1719 1631 ἀπρόσιτος
1750 1593 1784 1623 ὡς
1814 1588 1907 1618 tumuli!

231 1629 306 1667 ﬁoile
322 1639 463 1668 obvium?
477 1639 530 1670 Qui
548 1638 571 1666 si
589 1639 706 1674 quando
725 1638 802 1665 exire
817 1639 942 1674 cogitur,
952 1638 1055 1666 metuit

1112 1629 1184 1670 dirae
1205 1639 1335 1674 ἀσκητὴς,
1353 1636 1388 1666 δι’
1402 1638 1468 1666 αὐτὸ
1497 1636 1526 1665 δὲ
1550 1637 1595 1665 καὶ
1611 1629 1768 1675 ἀπρόσιτος
1782 1638 1834 1667 τοῖς
1854 1632 1909 1661 πολ·

231 1684 357 1712 maxime
369 1684 488 1712 neinter
507 1682 804 1718 deliciastriumphet,
822 1682 977 1710 circuitum
993 1682 1058 1718 qui-

230 1728 357 1757 busdam
373 1728 501 1756 tenebris
518 1727 649 1760 involvit,
660 1735 696 1755 ne
712 1736 728 1754 a
741 1727 900 1754 mundanis
915 1727 1057 1761 videatur,

231 1773 283 1808 qui
299 1773 426 1801 ccelestis
438 1780 502 1800 esse
515 1772 737 1808 prazsumit.Cur
751 1778 820 1806 ergo
832 1771 876 1805 (ut
886 1770 990 1806 loquar
1000 1780 1059 1799 me-

229 1817 319 1852 jora),
337 1825 403 1844 cum
420 1824 527 1852 magno
540 1816 595 1843 Deo
611 1814 792 1851 promiseris,
800 1814 948 1843 similibus
963 1816 1058 1851 operi-

232 1862 291 1889 bus
306 1870 364 1889 non
374 1859 616 1889 sanctiﬁcaris7et
628 1860 683 1887 isto
695 1859 781 1887 modo
793 1859 997 1896 celebratus,et
1005 1861 1059 1888 fac-

233 1908 282 1932 tus
291 1905 428 1941 insignis,
443 1913 500 1932 non
509 1904 604 1932 trahis
613 1903 786 1939 discipulos,
793 1903 944 1940 allicisque
951 1913 1058 1941 magno

234 1948 314 1983 fune,
326 1949 437 1976 scilicet
447 1948 564 1976 vinculo
576 1948 728 1976 cbaritutis
739 1948 752 1976 ‘I
763 1948 803 1976 ita
818 1950 850 1976 ut
866 1957 984 1977 necesse
998 1958 1057 1978 non

228 1994 306 2021 sitte
312 1994 349 2021 ad
357 1993 432 2022 alios
438 1993 579 2027 exire,sed
587 1993 642 2029 ipsi
649 1993 683 2020 ad
692 1995 721 2020 te
730 1992 935 2021 allicianturex
941 1995 1059 2022 admira-

232 2039 356 2072 tione,te
365 2037 574 2066 invocentcum
582 2038 679 2065 studio
689 2038 833 2066 dicentes:
848 2049 862 2063 ‹‹
878 2039 1000 2071 Quando
1010 2047 1058 2067 ve-

231 2083 311 2112 niam
320 2085 348 2112 et
358 2083 503 2119 apparebo
511 2085 578 2111 ante
588 2083 804 2118 conspectum”
816 2082 873 2110 divi
885 2083 1057 2111 monachi?»

1113 1683 1183 1719 λοῖς,
1197 1683 1215 1718 ἢ
1241 1682 1439 1720 δυσπρόσιτος,
1455 1682 1487 1711 El
1517 1681 1546 1710 δέ
1569 1692 1638 1710 ποτε
1662 1681 1707 1710 καὶ
1730 1681 1843 1719 προϊέναι
1865 1678 1907 1715 χρὴ

1111 1728 1157 1756 τὸν
1193 1730 1329 1763 τοιοῦτον,
1367 1727 1442 1755 ὀκνεῖ
1482 1727 1589 1758 πάντως
1633 1726 1734 1757 ἐκεῖνος
1766 1721 1909 1763 θριαμϐεύειν

1113 1771 1272 1811 ἀϐρότιρον,
1297 1773 1437 1809 τιθέμενος
1464 1773 1498 1809 τῇ
1528 1771 1647 1808 ὲντροπῇ
1682 1771 1831 1808 ἀποκρυφήν
1855 1777 1908 1801 τινα,

1115 1819 1152 1855 μὴ
1181 1818 1224 1845 καὶ
1257 1816 1387 1855 βλέποιτο
1415 1819 1474 1847 τοῖς
1491 1818 1541 1844 τοῦ
1561 1816 1670 1854 κόσμου
1694 1817 1708 1844 ὁ
1735 1816 1782 1850 τὴν
1808 1813 1909 1851 πρόθεσιν

1114 1862 1309 1901 ὑπερκόσμιος.
1339 1861 1415 1889 Διατί
1451 1860 1480 1889 δὲ
1508 1860 1564 1897 (ἕνα
1591 1871 1618 1888 τι
1649 1861 1696 1889 καὶ
1726 1863 1812 1897 μεῖζον
1837 1855 1909 1891 εἴπω),

1115 1905 1221 1944 μεγάλα
1253 1906 1444 1944 ὑπεσχημένος
1470 1908 1510 1943 τῷ
1548 1907 1618 1942 Θεῷ,
1646 1906 1698 1933 οὐκ
1727 1903 1845 1938 ἰνθεάζιις
1865 1902 1910 1944 ταῖς

1112 1951 1223 1989 πράξεσι
1247 1951 1304 1978 κατ’
1336 1950 1441 1985 inim;
1470 1949 1515 1977 καὶ
1557 1950 1631 1978 οὕτω
1664 1946 1850 1986 καταμηνυθιὶς
1875 1942 1909 1971 ui

1113 1994 1273 2030 ἐξάκουστος
1300 1994 1428 2033 γεγονὼς,
1454 1993 1554 2032 ἑφέλκῃ
1580 1993 1645 2026 τοὺς
1677 1994 1845 2031 μανθάνοντας
1865 1989 1909 2033 ἔπι·

1113 2039 1257 2077 σπώμενος
1286 2032 1312 2066 ἰν
1340 2038 1455 2077 οχοινίῳ
1485 2041 1591 2075 μακρῷ,
1611 2041 1653 2075 τῷ
1681 2038 1738 2066 κατ’
1762 2036 1849 2074 ἀρετὴν
1873 2032 1909 2066 δη-

1114 2083 1208 2112 λονότι
1223 2094 1230 2119 ;
1247 2085 1284 2115 ὡς
1299 2083 1418 2115 ἐντεῦθεν
1437 2084 1476 2120 μὴ
1498 2083 1619 2121 ἀνάγκην
1636 2083 1702 2115 εἷναί
1727 2092 1755 2110 σι
1781 2080 1845 2118 παρὰ
1862 2077 1909 2106 τοὺς

231 2126 334 2159 ἄλλους
363 2129 471 2165 φοιτᾷν,
486 2126 548 2155 ἀλλ’
565 2125 681 2157 ἐκείνους
706 2126 749 2154 ἐπὶ
778 2127 806 2153 σὲ
829 2126 904 2161 ἥκειν
921 2128 1060 2164 ἁγιασμοῠ
1081 2129 1176 2167 χάριν,
1191 2129 1236 2156 καί
1252 2139 1305 2156 που
1319 2129 1364 2156 καὶ
1380 2128 1550 2163 ποτνιᾶσθαι,
1568 2126 1700 2166 λέγοντας
1725 2121 1908 2162 ἐπιθυμητικῶί

231 2184 246 2199 ι(
262 2175 332 2200 Ποτι
343 2170 412 2207 ἥξω,
427 2171 471 2199 καὶ
490 2170 646 2210 ὀφθήσομαι
661 2173 700 2207 τῷ
714 2171 854 2207 προσώπῳ
866 2173 915 2198 τοῦ
929 2171 1021 2203 ἐνθέου
1038 2175 1180 2211 μοναχοῦ;
1198 2184 1213 2198 η

267 2218 330 2245 453.
358 2218 414 2246 Sed
440 2217 476 2245 ad
501 2217 572 2253 quid
598 2217 655 2244 ista
678 2216 774 2244 dicere
797 2217 969 2244 hominibus
985 2226 1059 2253 quos

231 2264 309 2291 esset
322 2261 425 2290 utilius
447 2264 527 2290 extra
553 2260 718 2289 omnobium
747 2261 862 2295 degere,
877 2269 966 2297 quam
982 2261 1059 2290 intra

1150 2218 1216 2255 ρνγ’.
1237 2217 1267 2244 Τί
1291 2216 1314 2245 δ’
1330 2216 1402 2245 ἀλλὰ
1422 2219 1505 2245 ταῦτα
1520 2217 1594 2255 λέγω
1610 2217 1777 2255 ἀνθρώποις,
1792 2213 1835 2244 οὒς
1857 2209 1909 2248 μᾶλ“

1114 2260 1162 2288 λον
1177 2260 1313 2301 συμφέρόν
1329 2262 1362 2296 ἧν
1392 2260 1442 2297 ἔξω
1470 2263 1518 2289 τοῦ
1539 2261 1751 2300 φροντιοτηρίου
1779 2256 1905 2301 διατρίοξίνι

230 2314 383 2335 remanere
393 2306 407 2334 ‘I
421 2305 530 2334 Exinde
545 2305 625 2334 enim
636 2305 736 2333 emissi
748 2305 896 2333 licentiam
909 2305 982 2333 nihil
994 2314 1055 2334 om-

1113 2305 1182 2343 ἤπερ
1198 2299 1273 2333 ἔνδον
1297 2307 1384 2343 μένειν
1400 2315 1406 2341 ;
1424 2299 1656 2344 Προενηνεγμένοι
1686 2305 1733 2342 μὲν
1751 2304 1798 2342 γὰρ
1821 2299 1907 2329 ἐκεῖθεν.

231 2351 303 2380 nino
314 2351 420 2388 agendi
432 2353 590 2379 censentur
601 2349 838 2386 habere.Aliquid
850 2353 948 2378 tamen
959 2350 1059 2378 viden-

232 2397 282 2423 tur
297 2403 393 2432 agere,
410 2396 436 2424 si
457 2403 514 2423 non
541 2394 632 2428 aliud,
663 2395 766 2422 saltem
799 2395 946 2422 nudantes
960 2395 1059 2431 pedes,

234 2441 322 2475 atque
338 2439 476 2467 sensibus
491 2438 548 2467 late
565 2438 777 2475 percipientes;
794 2438 824 2466 in
850 2439 989 2466 asceterio
1005 2447 1059 2466 au-

232 2485 294 2510 tem
311 2483 382 2511 dum
399 2485 562 2516 remanent,
578 2482 662 2518 quasi
677 2482 814 2510 manibu
830 2484 859 2510 et
874 2483 998 2518 pedibus
1011 2491 1059 2511 ca-

232 2529 328 2561 reant,
341 2527 460 2555 omnino
472 2527 558 2555 otiosi
568 2535 662 2563 usque
673 2527 708 2555 ad
722 2529 845 2554 mortem
862 2529 1058 2563 perseverant.

231 2572 355 2599 Litteras
372 2571 491 2607 quidem
522 2580 580 2600 non
610 2576 762 2606 noverunt,
786 2579 853 2599 cum
879 2571 1010 2607 plerique
1026 2580 1060 2600 ex

231 2616 358 2646 ofﬁcinis
374 2616 502 2649 veniant,
519 2619 569 2644 aut
584 2616 673 2644 aliam
699 2618 791 2643 artem
815 2616 1014 2650 exercuerint;
1031 2619 1061 2644 et

230 2669 290 2690 non
303 2660 367 2688 dico
385 2660 420 2688 de
436 2660 683 2696 quibuscumque,
700 2660 750 2687 sed
767 2662 796 2687 et
819 2660 854 2687 de
870 2660 1059 2696 peritioribus

231 2706 416 2740 artiﬁcibus;
434 2705 521 2732 multi
538 2705 735 2740 compitorum
752 2704 840 2732 etiam
864 2706 933 2732 sunt
948 2704 1059 2740 incolae,

233 2751 275 2781 ita
290 2753 322 2780 ut
337 2757 431 2786 neque
445 2749 589 2778 librorum
615 2748 732 2778 casulas
756 2749 793 2777 ad
809 2748 986 2784 acquirendo.
999 2750 1060 2786 spi-

271 2860 295 2898 Ρ²
309 2861 387 2891 Paul.
401 2870 459 2899 xu,
474 2861 502 2890 3.

1099 2349 1244 2385 ’ἀδειάζιιν
1275 2349 1383 2378 δοκοῦσι
1409 2343 1458 2378 toti
1481 2350 1566 2388 πάντῃ
1589 2350 1693 2389 ἀργεῖν.
1708 2349 1758 2378 Καί
1784 2358 1804 2376 τι
1823 2343 1907 2389 sit?"

1112 2405 1156 2422 ται
1183 2384 1283 2429 ποιεῖν,
1310 2395 1333 2423 εὶ
1364 2394 1450 2432 μηδὲν
1480 2384 1562 2430 ἄλλο,
1592 2384 1666 2423 ἀλλὰ
1693 2391 1817 2422 καὶτοὺς
1841 2384 1906 2415 πόδα(

1113 2439 1306 2477 γυμνάζοντες,
1335 2440 1381 2467 καὶ
1408 2442 1468 2471 ταῖς
1498 2439 1654 2475 αἰσθήσεσιν
1682 2439 1720 2470 είς
1749 2434 1829 2465 πλατὺ
1849 2431 1907 2477 ,ἐνερ-

1113 2475 1233 2521 γοῧντες·
1257 2486 1305 2511 τοῦ
1333 2483 1362 2512 δὶ
1391 2483 1559 2522 ἀσχητηρίου
1588 2481 1673 2519 ὅντες,
1688 2479 1820 2510 παντελῶς
1845 2475 1908 2524 ἄπρας

1113 2539 1172 2556 κτοι
1201 2528 1444 2566 ἀποκαρτεροῢσιν,
1469 2528 1505 2560 ὡς
1533 2527 1556 2555 εί
1582 2528 1627 2556 καὶ
1662 2528 1769 2566 ἄχιιρις
1793 2523 1851 2558 ἦσαν
1874 2527 1907 2545 κ⁶ί

1114 2571 1224 2604 ἂποδες.
1242 2573 1392 2611 Γράμματα
1414 2573 1461 2609 μὲν
1481 2573 1531 2611 γὰρ
1553 2572 1601 2600 οὐκ
1626 2571 1742 2604 οἴδασιν,
1757 2569 1781 2604 ἐξ
1804 2567 1907 2604 ἐργαστη-

1115 2617 1179 2655 ρίων
1194 2617 1220 2644 οἱ
1235 2617 1350 2648 πλείους
1373 2617 1497 2652 ἥκοντες,
1514 2617 1559 2644 καὶ
1586 2616 1680 2648 ἄλλως
1705 2614 1733 2643 δὲ
1755 2611 1907 2651 χειρώνακτες

1115 2660 1189 2693 ὄντες
1207 2671 1213 2678 ·
1244 2662 1289 2689 καὶ
1320 2660 1383 2690 οὐδὲ
1419 2663 1445 2690 οἱ
1485 2662 1627 2700 τυχόντες,
1655 2660 1727 2689 ἀλλὰ
1747 2655 1908 2702 Δίτιιιπτήιῆξῒνιε

1118 2707 1256 2744 βάναυσοι·
1286 2706 1390 2734 πολλοὶ
1419 2705 1448 2734 δὲ
1475 2698 1663 2744 καῖέ-τριόδων
1696 2700 1830 2748 τρίϐωνες
1856 2698 1908 2748 ὧσξι

1116 2750 1177 2780 οὕτε
1204 2751 1375 2790 περιέλιυσις
1400 2751 1426 2779 ιν
1452 2751 1546 2784 αὐτοῖς
1578 2749 1724 2790 βιϐλιακοῦ
1748 2744 1856 2785 έδαφίουε
1877 2744 1906 2768 ιῖ(
