2018 3158
148 176 208 207 857

649 179 700 211 DE
721 179 965 211 EMENDANDA
990 181 1083 212 VITA
1105 181 1346 214 MONACHIGA.

1787 187 1847 219 858

147 241 278 280 ιμπορίαν
305 244 503 280 πνευματικὴν,
537 242 600 272 οὔτε.
630 244 758 283 ἀκρόασις
788 245 967 284 ἀναγνώσμα-

1028 248 1142 276 ritualia
1169 249 1360 283 circumeant,
1389 258 1483 286 neque
1512 253 1633 281 audiant
1660 257 1790 282 sanctam
1806 255 1848 283 le-

146 297 192 317 τος
208 288 294 325 ἱεροῦ,
318 287 391 322 πλήν
418 289 441 316 εἰ
467 287 518 326 ἄρα
547 288 572 316 ἐν
592 292 680 327 καιρῷ
707 288 883 325 κοινοϐιακῆς
901 290 969 318 ἐστι·

148 334 255 363 άσεως·
286 332 300 359 ὃ
338 333 381 360 καὶ
418 333 499 372 φαίης
538 333 568 361 av
606 333 796 372 ἐπιτραπὲζιον
838 335 969 373 εὑρίσκειν

148 375 257 413 ἔδεσμα,
283 377 321 408 ὡς
345 378 390 405 οἵα
408 377 472 409 τοὺς
494 377 592 416 λόγους
617 379 688 407 οὕτω
715 382 764 408 τοῦ
787 382 854 408 ϐιοῦ
883 382 972 418 ψωμι-

148 421 272 457 ζόμενος.

184 472 248 512 ρνδ’.
274 474 324 502 Καὶ
351 474 406 503 [cm
434 476 482 512 μὶν
507 475 591 504 καλὸν
611 477 656 505 καὶ
683 478 748 506 αὐτὸ
768 478 840 516 παρά
862 489 892 516 γε
911 481 970 510 τοῖς

122 519 191 546 Δκαὶ
222 519 364 556 μανθάνειν
403 520 528 549 ἒθὲλουσι
564 521 609 549 καὶ
638 523 899 560 ἀναμιμνήσκεσθαι,
925 521 972 551 ’ίνα

148 561 191 598 εἴη
210 565 303 600 μεῖζον
328 565 463 598 κάνταῦθα
482 568 531 594 τοῦ
553 565 635 604 ἔργου
659 567 691 594 τὸ
714 568 848 606 πάρεργον
863 577 869 584 ·
895 567 927 595 σὺ
942 566 971 595 δὲ

149 607 223 636 ἀλλὰ
259 609 442 646 παροιμιακόν
471 621 497 638 τι
525 613 593 646 ζῶον
623 611 730 644 ἀκούεις
760 611 844 650 λύρας
870 611 972 647 ταύτης

147 657 345 689 πνευματικῆς,
374 655 520 693 ὑπερηχῶν
559 655 609 690 τὴν
648 655 781 692 ἠρεμαίαν
821 656 971 694 ἀναγνωσιν

147 699 187 733 τῷ
199 707 228 724 τι
242 697 344 734 κόμπῳ
366 700 420 726 τῶν
445 709 516 736 μαση
523 700 627 736 μάτων,
648 700 693 727 καὶ
718 700 758 730 οἷς
771 700 804 728 τὰ
818 700 911 728 πολλὰ
925 700 971 728 καὶ

148 741 174 768 ἐν
190 743 224 779 τῇ
239 742 358 780 τραπέζῃ
386 742 571 782 βλασφημεῖς,
590 744 634 772 καὶ
654 744 762 781 μάλισθ’
775 745 837 772 ὅταν
854 745 970 782 σπανίζῃ

149 786 267 824 ἑταιρίας
295 787 326 814 τὸ
350 787 528 825 δστιατόριον.
558 787 653 816 Φίλων
681 789 732 827 γὰρ
757 799 799 816 τοι
823 799 971 827 παρατετυ-

149 830 289 868 χηκότων,
313 831 407 869 βαθεῖα
430 832 545 869 νηνεμία
565 835 666 870 κοσμεῖ
687 833 736 868 τὴν
762 834 907 871 τράπεζαν,
922 837 973 868 τῆς

150 873 294 911 δεσποίνης
331 875 501 915 ὑποκρίσεως
538 876 801 914 διοικονομουμὲνης
838 878 914 905 τουτὶ
941 878 972 906 τὸ

1025 293 1161 328 ctionem,
1179 294 1234 322 nisi
1247 294 1319 323 forte
1334 304 1421 323 omne
1432 297 1599 325 communis
1616 300 1846 335 tempore,quem

1025 338 1123 366 cibum
1139 339 1249 366 diceres
1262 348 1376 368 menses
1388 342 1506 377 apponi,
1520 342 1600 370 velut
1614 343 1638 371 si
1654 344 1741 372 verba
1757 344 1805 372 Dei
1817 345 1847 372 in

1026 383 1135 411 frustra
1150 387 1326 412 resecentur.

1062 473 1122 500 154.
1141 473 1221 501 Istud
1235 473 1323 501 etiam
1336 474 1445 502 bonum
1455 477 1501 503 est
1513 475 1700 511 cupientibus
1714 476 1810 505 dicere
1821 480 1850 505 et

1027 517 1209 551 meminisse,
1223 517 1291 546 licet
1315 526 1389 554 opus
1412 520 1618 547 secundarium
1644 520 1737 556 primo
1754 522 1849 556 majus

1026 561 1075 589 sit.
1092 563 1132 589 Tu
1148 564 1245 590 autem
1261 562 1316 590 vile
1339 563 1487 599 quoddam
1511 564 1619 592 animal
1647 566 1719 593 bene
1735 567 1849 601 notum,

1027 607 1111 634 audis
1140 606 1226 643 longe
1241 607 1356 635 diversa
1383 608 1419 635 ab
1441 608 1498 636 ista
1527 608 1589 645 lyra
1618 609 1783 645 spirituali;
1808 609 1850 638 le-

1027 650 1154 679 ctionem
1180 652 1342 679 modestam
1367 652 1490 688 strepitu
1506 653 1627 681 convivii
1653 654 1805 690 opprimis,
1823 657 1852 682 et

1027 695 1232 731 frequentibus
1247 696 1439 732 blasphemiis
1461 697 1496 725 ad
1519 705 1663 730 mensam,
1688 699 1850 734 praesertim

1027 748 1094 767 cum
1110 740 1225 768 sodales
1240 749 1255 768 e
1270 741 1418 769 ccenaculo
1434 741 1552 769 absunt.
1572 742 1683 770 Amicis
1703 743 1782 771 enim
1798 744 1849 771 ad-

1027 785 1185 818 stantibus,
1203 794 1334 814 mensam
1357 787 1475 814 decorat
1498 786 1589 815 altum
1615 787 1778 821 silentium,
1795 789 1851 816 hoc

1027 830 1138 857 bonum
1154 830 1339 858 ministrante
1354 833 1383 858 et
1398 831 1518 859 docente
1534 832 1679 868 hypocrisi
1696 833 1850 869 magistra.

1027 875 1110 910 Apud
1129 875 1282 910 prmdictos
1297 875 1465 911 monachos,
1483 878 1514 904 ut
1529 876 1667 910 diximus,
1685 885 1778 913 neque
1793 877 1852 905 lec-

149 919 242 948 καλόν.
259 919 326 948 Οὔτε
349 921 449 956 τοίνυν,
476 921 542 959 ὅπερ
565 921 677 962 ἔφαμεν,
701 921 852 960 ἀνάγνωσις
872 921 899 950 ἐν
915 925 971 954 τοῖς

1028 920 1078 952 tio,
1095 928 1188 955 neque
1202 919 1345 948 bonorum
1373 928 1493 956 operum
1508 921 1684 955 exercitatio,
1701 930 1718 950 a
1743 922 1850 958 quibus

151 964 376 1002 ἀνατεταγμένοις
407 969 552 1004 μοναχοῖς,
581 965 642 994 οὔτε
678 966 769 995 καλῶν
799 964 887 1005 ἔργων
916 966 974 995 ἐπι-

156 1006 239 1043 ϐολὴ,
256 1009 292 1036 ὧν
309 1009 442 1048 ἀπέχουσι
464 1011 512 1042 τὰς
537 1013 632 1049 χεῖρας
656 1011 718 1038 ὡσεὶ
743 1011 788 1039 καί
807 1022 881 1042 τινος
911 1012 976 1048 μιά-

156 1063 257 1089 σματος
275 1061 282 1068 ·
312 1055 385 1092 τάχα
409 1065 462 1082 που
489 1055 534 1082 καὶ
563 1052 686 1086 εὐλαϐῶς
708 1053 818 1094 ἔχοντες
842 1055 977 1092 ἀκκισμοῦ

156 1096 231 1135 λόγῳ
245 1096 264 1132 ἤ
286 1100 452 1136 σικχασμοῦ,
470 1099 508 1135 μὴ
532 1100 577 1126 καὶ
600 1098 723 1138 δυσγενὲς
741 1098 784 1136 εἴη
812 1100 856 1127 καὶ
878 1100 976 1137 ἀτιμο-

156 1142 235 1169 ποιὸν
254 1146 388 1180 μοναχοῖς
407 1143 440 1171 τὸ
464 1143 490 1171 ἰν
517 1142 604 1172 δέοντι
628 1147 811 1183 χειρουργεῖν.
827 1144 976 1177 Κάντεῦθεν

154 1185 317 1224 ἀργολογίαι
342 1186 534 1215 πολιτεύονται
558 1189 622 1225 παρ’
642 1188 745 1225 αὐτοῖς,
769 1188 806 1216 ὧν
826 1187 903 1217 οὐδὲν
914 1190 976 1228 κίρ-

153 1228 199 1262 δος
221 1231 414 1267 πνευματικόν.
446 1233 498 1260 Καὶ
530 1234 610 1260 τοῦτο
636 1233 682 1269 μὲν
707 1233 886 1271 ζωϊκώτερον,
917 1233 973 1261 ἐπεὶ

153 1273 198 1301 καὶ
222 1275 302 1310 ζώοις
326 1274 440 1313 ἀλόγοις
467 1276 500 1304 τὰ
523 1279 644 1304 τοιαῦτα
659 1276 806 1316 ἐμπέφυκε.
827 1277 878 1306 Kal
907 1278 976 1305 αὐτὰ

151 1318 202 1357 γὰρ
234 1317 318 1355 μηδὲν
347 1331 373 1347 τι
407 1321 547 1358 πεφυκότα
567 1320 783 1359 διαπράττεςθαι,
813 1321 884 1350 οὕτω
915 1332 974 1354 πως

153 1361 325 1392 διατίθενται.
350 1363 464 1400 ’ᾋδουσι
489 1365 536 1402 μὶν
560 1365 622 1403 γὰρ,
649 1365 709 1393 ὅσοι
726 1368 781 1394 τῶν
805 1366 918 1403 ὀρνίθων
936 1366 976 1394 s6-

152 1409 228 1446 φυῶς
255 1407 377 1446 ἔχουσιν.
406 1411 473 1436 ’Όσα
503 1410 541 1446 μὴ
569 1412 691 1446 τοιαῦτα,
718 1409 736 1445 ἤ
774 1410 931 1447 κλάζουσιν,
955 1409 974 1446 ἥ

151 1452 312 1490 κρώζουσιν,
339 1452 357 1488 ἤ
383 1454 598 1492 στρουθίζουσιν,
613 1452 631 1489 ἤ
656 1453 750 1486 ἄλλως
765 1455 867 1493 ἠχοῦσι
884 1465 890 1472 ·
909 1456 974 1494 βρυ-

152 1499 256 1534 χῶνται
277 1496 306 1524 δξ
330 1496 418 1535 ἕτερα,
442 1497 488 1525 καὶ
510 1500 647 1535 μυκῶνται
673 1497 754 1526 ἄλλα.
779 1499 819 1527 Τὰ
841 1499 928 1527 πάντα
945 1499 975 1528 δὶ

152 1539 334 1569 διακινοῦνται
356 1542 424 1580 πρὸς
447 1542 536 1580 ὄρεξιν
561 1542 733 1582 ἀργοφωνίας
754 1544 836 1574 τινὸς.
856 1543 879 1571 ιι
903 1544 974 1571 οὕτω

150 1586 206 1624 χρή
237 1585 380 1623 ὀνομάσαι.
412 1586 460 1618 Οἴς
494 1586 599 1623 ὁμοίως
636 1587 850 1625 ἀργοκογοῦντες
873 1588 918 1615 καὶ
948 1589 974 1615 o't

151 1629 244 1668 ἀεργοὶ
273 1630 402 1668 μοναχοὶ,
430 1629 527 1669 μικρόν
548 1641 575 1659 τι
597 1634 706 1659 ποιοῦσι
727 1632 821 1660 κακόν.
837 1632 914 1661 Ἀλλ’
930 1632 975 1661 ὅτι

150 1685 192 1707 τις
214 1677 269 1702 τιῖη
284 1675 411 1703 ἁπάντων
432 1674 569 1712 τολμήσαι
595 1676 633 1712 μή
656 1676 773 1704 ἐπαινεῖν
800 1676 864 1708 τοὺς
885 1677 975 1705 τοιού-

147 1730 212 1750 τους
241 1719 278 1750 ὡς
308 1719 353 1747 καὶ
381 1719 487 1757 ἁγίους,
512 1720 558 1747 καὶ
583 1719 705 1758 λογίους,
736 1721 781 1748 καὶ
807 1727 975 1760 θαυματουρ-

148 1763 226 1802 γοὺς,
253 1763 325 1800 μηδὶ
347 1764 489 1802 κατατείνῃ
519 1764 611 1802 ῥήσεις
637 1765 740 1801 μακρὰς
763 1764 909 1803 ἔγκωμίων
933 1765 974 1793 ἐπ’

149 1807 287 1839 αὐτοῖςει
313 1806 335 1835 ὣ
357 1811 408 1843 τῆς
433 1808 544 1841 ἰνταῦθα
571 1808 658 1844 λοιπῆ
682 1809 868 1848 ἀργολογικῆς
888 1809 975 1846 ἐπεξε-

149 1851 277 1888 mam,
307 1851 329 1880 ὣ
356 1855 411 1881 τῶν
442 1856 638 1892 συμομαχιῶν,
669 1852 691 1881 ὣ
711 1857 766 1882 τῶν
787 1854 972 1893 ἀντιλογιῶνι

151 1896 260 1934 μᾶλλον
276 1897 323 1934 μὶν
350 1897 408 1932 οὗν,
422 1896 445 1926 ὣ
472 1908 526 1926 των
548 1897 691 1935 πολέμων,
711 1898 733 1926 ὣ
747 1902 801 1927 τῶν
818 1899 973 1939 ωρῤαφῶν,

149 1940 173 1969 ὢ
190 1944 244 1969 τῶν
262 1943 463 1981 καταγραφῶνί
490 1941 554 1970 Οὐδ’
579 1943 609 1970 ἂν
636 1942 764 1981 βασιλεὺς
790 1944 974 1983 βλασφημού-

989 1613 1011 1647 C

1029 963 1108 992 velut
1123 973 1140 992 a
1155 964 1282 992 sordidis
1297 965 1383 992 rebus
1399 973 1504 992 manus
1519 968 1673 999 amovent;
1696 966 1774 994 haud
1790 966 1850 994 scio

1031 1017 1067 1037 an
1080 1008 1227 1043 timentes,
1243 1009 1327 1045 quasi
1344 1017 1411 1037 cum
1427 1009 1614 1038 simulatione
1629 1012 1657 1038 et
1673 1010 1800 1044 fastidio,
1815 1018 1851 1038 ne

1031 1053 1070 1081 sit
1085 1053 1253 1081 indecorum
1269 1056 1298 1081 et
1313 1053 1454 1081 monacho
1473 1054 1630 1090 indignum
1653 1055 1701 1082 ubi
1717 1063 1791 1091 opus
1806 1057 1852 1083 est

1031 1106 1139 1125 manus
1152 1099 1313 1126 admovere.
1330 1098 1403 1126 Hinc
1421 1106 1497 1126 vana
1520 1099 1737 1132 sermocinatio,
1761 1108 1777 1127 e
1792 1107 1852 1136 qua

1031 1142 1145 1170 nullum
1161 1142 1277 1170 lucrum
1291 1142 1453 1179 spirituale,
1470 1143 1547 1178 apud
1572 1151 1621 1171 eos
1637 1144 1849 1179 frequentatur.

1030 1187 1089 1215 Hoc
1104 1189 1200 1215 autem
1217 1189 1245 1215 et
1259 1186 1436 1214 animalibus
1455 1187 1599 1222 convenit,
1615 1187 1723 1223 quibus
1739 1188 1852 1216 ratione

1030 1231 1196 1259 carentibus
1212 1234 1316 1259 natura
1339 1231 1410 1258 illud
1430 1231 1557 1259 inditum
1581 1234 1635 1260 est.
1661 1232 1700 1259 Ea
1721 1233 1800 1260 enim
1814 1233 1850 1260 ad

1031 1276 1176 1311 agendum
1194 1275 1267 1302 nihil
1288 1275 1433 1308 ordinata,
1460 1275 1515 1303 isto
1542 1276 1628 1304 modo
1644 1276 1850 1312 disponuntur.

1029 1319 1145 1348 Canunt
1159 1328 1236 1355 aves,
1253 1327 1435 1356 quacunque
1451 1320 1486 1347 ad
1503 1320 1532 1348 id
1549 1320 1660 1349 idoneas
1683 1323 1761 1355 sunt,
1779 1322 1851 1349 dum

1029 1365 1129 1392 omnia
1143 1364 1243 1392 aliena:
1269 1365 1376 1400 speciei
1391 1363 1530 1392 animalia
1553 1364 1596 1392 vel
1611 1364 1789 1401 clangorem,
1806 1365 1851 1393 vel

1029 1410 1182 1444 crocitum,
1198 1409 1241 1436 vel
1261 1410 1405 1445 pipatum,
1428 1412 1478 1437 aut
1504 1409 1592 1437 aliam
1622 1419 1721 1438 vocem
1737 1411 1849 1446 edunt;

1029 1453 1087 1482 alia
1103 1455 1239 1488 fremunt,
1269 1454 1406 1490 mugiunt
1431 1454 1505 1488 alia;
1522 1455 1658 1482 universa
1683 1455 1718 1482 ad
1743 1463 1848 1483 vanam

1029 1499 1189 1534 quamdam
1204 1498 1404 1534 garrulitatem
1420 1498 1594 1532 excitantur,
1616 1499 1640 1527 si
1656 1499 1711 1527 hoc
1733 1500 1850 1527 nomine

1029 1546 1170 1572 utendum
1186 1547 1239 1572 est.
1250 1545 1292 1572 Ad
1304 1552 1428 1580 quorum
1440 1544 1605 1579 exemplum
1620 1544 1754 1572 monachi
1765 1544 1850 1572 otiosi

1030 1598 1104 1616 vana
1120 1589 1281 1624 loquentes,
1299 1588 1407 1616 malum
1425 1588 1573 1624 quoddam
1590 1597 1711 1624 parvum
1728 1597 1851 1625 operan-

1030 1636 1087 1661 tur.
1105 1633 1158 1661 Ubi
1173 1641 1241 1668 ergo
1252 1632 1385 1660 nonnulli
1402 1632 1437 1660 de
1452 1633 1538 1660 turba
1550 1633 1622 1660 istos
1637 1633 1673 1660 de
1686 1633 1850 1667 sanctitate,

1030 1681 1081 1706 aut
1096 1679 1132 1706 de
1147 1677 1340 1713 intelligentia
1356 1679 1407 1704 aut
1430 1677 1466 1704 de
1492 1677 1642 1705 miraculis
1667 1678 1777 1706 audent
1792 1686 1850 1706 non

1029 1723 1161 1756 laudare,
1177 1730 1229 1750 nec
1244 1721 1348 1757 longos
1371 1721 1468 1749 laudis
1489 1730 1639 1750 sermones
1665 1723 1701 1750 ad
1716 1731 1766 1750 eos
1782 1731 1850 1758 pro-

1028 1767 1161 1795 tendere:
1174 1766 1195 1794 Ο
1204 1775 1310 1794 vanam
1320 1766 1498 1794 locutionem
1508 1766 1646 1800 clamant,
1654 1768 1683 1794 et
1691 1766 1830 1795 ultionem
1841 1765 1847 1794 l

1029 1821 1045 1840 ο
1060 1811 1169 1840 bellum
1187 1811 1270 1839 acrel
1289 1819 1305 1839 ο
1330 1809 1472 1846 injuriasl
1495 1811 1538 1839 vel
1564 1811 1661 1847 potius
1676 1820 1693 1839 ο
1708 1811 1816 1848 prielie,
1833 1820 1849 1839 ο

1029 1856 1123 1891 dolos,
1139 1864 1155 1883 ο
1171 1855 1382 1884 detractiones!
1400 1855 1499 1892 Neque
1514 1864 1563 1883 rex
1584 1856 1721 1884 conviciis
1738 1856 1849 1892 appeti-

1028 1904 1086 1935 tus,
1104 1908 1199 1937 neque
1213 1900 1276 1936 ipse
1299 1900 1377 1928 Deus
1404 1900 1566 1928 ulciscitur.
1582 1900 1629 1928 Sic
1653 1900 1778 1929 modesti
1794 1909 1852 1928 mo-

1028 1945 1126 1980 nachi,
1144 1945 1277 1973 monachi
1290 1945 1366 1973 sicut
1381 1945 1613 1978 destinaverunt,
1628 1945 1670 1973 sic
1685 1945 1848 1981 tranquilli.

150 1996 241 2023 μενος,
268 1985 354 2017 οὕτως
383 1986 591 2023 ἐπεξελεόσιται,
617 1987 673 2015 οὐδ’
693 1987 724 2015 ἂν
751 1988 816 2020 Θεὸς
849 1988 941 2020 αὐτός.
971 1988 1065 2020 Οὕτως
1092 1989 1220 2020 ἑπιεικεῖς
1250 1989 1275 2016 οἱ
1313 1989 1440 2026 μοναχοὶ,
1479 1990 1609 2027 μοναχοὶ,
1637 1989 1675 2021 ὡς
1703 1989 1848 2025 ἐτάξαντοσ

148 2033 238 2066 οὕτως
251 2033 365 2073 ἥσυχοι.

183 2089 244 2126 ρνε¹.
268 2088 298 2116 Τί
319 2087 349 2116 δὲ
373 2089 424 2127 ἄρα
448 2088 493 2116 καὶ
520 2088 625 2127 βούλει,
650 2087 673 2116 ὥ
700 2089 825 2128 μοναχέ;
848 2091 970 2129 Μακαρι-

1060 2093 1122 2120 155.
1135 2092 1209 2126 Quid
1220 2091 1263 2120 vis
1275 2091 1376 2128 igitur,
1389 2100 1405 2119 ο
1420 2092 1562 2120 monache
1571 2092 1729 2120 ?Libenter
1741 2092 1850 2128 magni-

147 2133 234 2171 σοήσῃ
251 2133 382 2171 εὐκαίρως
398 2147 406 2168 ;
428 2132 492 2169 Nai,
518 2133 594 2172 φησί.
617 2135 710 2171 Πατήρ
722 2134 773 2172 γάρ
790 2134 846 2172 εἰμι
863 2144 870 2152 ·
887 2135 967 2173 πατρὶ

1028 2137 1159 2164 ﬁcaberis
1169 2136 1183 2164 ?
1200 2136 1313 2171 Utique,
1326 2137 1376 2164 ait.
1390 2136 1474 2163 Pater
1488 2139 1596 2169 sum,et
1607 2137 1682 2172 patri
1698 2136 1775 2164 filios
1783 2143 1849 2164 con-

147 2176 176 2205 8t
202 2177 349 2216 ἀντιλέγειν
377 2177 454 2208 υἱοὺς
482 2177 531 2205 οὐκ
560 2177 654 2213 ἔξεστι.
682 2178 731 2206 Καὶ
761 2179 827 2215 μὴν,
857 2179 880 2206 ὦ
901 2180 969 2207 κατὰ

1028 2181 1165 2209 tradicere
1180 2189 1236 2208 non
1253 2180 1330 2208 licet.
1347 2180 1413 2214 Sed,
1428 2180 1478 2216 qui
1495 2183 1606 2215 patrem
1622 2183 1648 2208 te
1660 2181 1767 2216 jactas,
1783 2188 1849 2208 oon-

146 2223 175 2250 σὶ
199 2222 293 2260 πάτιρ,
310 2221 416 2250 δέδοται
440 2222 485 2249 καὶ
501 2221 562 2258 υὶῷ,
578 2222 600 2250 εί
617 2221 732 2258 μηδενὸς
747 2222 840 2262 ἐτὲρου
852 2234 969 2262 κακουρ-

1023 2225 1137 2253 ceditur
1150 2225 1210 2253 tilio
1224 2227 1337 2261 patrem
1353 2225 1389 2252 de
1412 2225 1526 2253 insania
1549 2233 1682 2261 arguere,
1698 2225 1721 2253 si
1738 2233 1796 2252 non
1811 2225 1848 2253 de

145 2268 281 2305 γήματος,
311 2267 459 2305 παρανοίας
484 2269 549 2304 γοῦν
577 2266 697 2295 ἀλίσκιιν
722 2269 768 2296 τὸν
797 2261 965 2306 γεινάμενον.

1028 2270 1077 2298 ilio
1107 2277 1283 2306 quocunque
1308 2269 1388 2297 vitio.
1409 2269 1552 2302 Quoniam
1581 2277 1650 2306 ergo
1666 2271 1766 2297 contra
1782 2278 1846 2298 mo-

146 2311 178 2339 El
193 2313 257 2349 γοῦν
273 2311 318 2339 καὶ
334 2311 365 2339 σὺ
389 2312 462 2349 παρὰ
489 2311 536 2339 τὸν
563 2312 711 2350 μοναχικὸν
727 2313 827 2341 κανόνα
841 2314 967 2352 πράττων

146 2359 301 2394 παρανοεῖς,
331 2356 377 2384 καὶ
415 2355 486 2384 οὕτω
519 2359 698 2394 παρανομεῖς,
731 2357 757 2385 τί
785 2356 968 2396 δυσχεραίνεις

145 2400 196 2434 τὴν
225 2399 268 2427 ἐπὶ
293 2400 435 2439 παροινίας
468 2402 600 2440 γραφήν;
635 2402 747 2434 Ἔοικας
776 2401 805 2430 δὲ
830 2403 881 2441 ἄρα
905 2402 969 2435 τοὺς

146 2444 327 2481 αἴτιωμὲνους
348 2445 575 2484 παρακρούεσθαι,
603 2456 643 2474 ινα
665 2446 709 2474 καὶ
733 2448 782 2482 τὴν
807 2447 837 2475 ἐκ
859 2449 908 2475 toi}
920 2447 968 2485 ἀρ-

145 2489 263 2528 χιιρὲως
281 2488 384 2526 μέμψιν
402 2488 531 2529 ἐκφύγῃς,
547 2493 596 2518 τοῦ
610 2491 736 2528 μείζονος
751 2492 852 2530 πατρὸς
866 2491 884 2527 ἥ
900 2492 968 2520 κατὰ

146 2534 185 2571 at,
201 2536 249 2562 τοῦ
261 2533 300 2565 εἰς
321 2532 405 2560 τύπον
432 2534 511 2562 Οεοῦ.
535 2535 615 2573 Λέγω
635 2535 668 2572 δή
691 2547 732 2564 σοι
754 2536 908 2574 τολμήσας,
929 2536 966 2568 ὡς

146 2578 168 2606 εἰ
182 2579 220 2616 μὴ
236 2579 251 2607 ὁ
267 2577 424 2615 ἐπίσκοπος,
449 2578 491 2610 τίς
513 2578 564 2616 ἄρα
590 2577 680 2618 ἕτερος
702 2581 830 2620 θαῤῥήσει
852 2581 921 2619 πρὸς
938 2581 968 2609 et

146 2622 289 2658 λαλῆσαι;
319 2625 403 2654 Heio:
429 2621 458 2650 δὲ
495 2624 585 2650 κακὼν
618 2624 713 2664 ἀφίησί
751 2637 780 2653 σι
808 2624 965 2662 ἀδέσποτον,

145 2668 310 2706 ἀκυρίευτον,
335 2666 466 2705 ἄναρχον,
501 2666 648 2707 ἀκέφαλον,
671 2669 874 2708 ἂνεκλόγιστον,
898 2669 965 2698 ἀλο-

144 2714 317 2751 γοπράγητον
335 2723 343 2749 ;
360 2710 443 2739 Οὖδὶν
468 2709 544 2743 ἔθνος
568 2710 744 2742 ὸὸασίλευτον
762 2725 768 2731 ·
789 2715 887 2743 ούκοῦν
903 2713 966 2742 ούδὲ

142 2768 183 2789 τις
211 2757 276 2789 λαὸς
299 2759 357 2793 Θιῷ
382 2755 595 2794 κεκληρωμένος
623 2757 742 2798 ἄναρχός
770 2759 852 2788 ἐστιν.
877 2771 893 2787 α
921 2759 964 2796 Ἐξ

143 2800 194 2840 ἄρα
213 2801 247 2838 δή
270 2812 297 2830 τι
321 2801 413 2830 ἔπειτα
436 2801 502 2833 Θεὸς
530 2801 629 2840 φρένας
651 2802 763 2840 ὤλεσεν,
780 2816 795 2831 η
825 2803 848 2832 ιι
877 2803 964 2836 οὕτως

144 2845 345 2887 ἁλλοφρονεῖς·
374 2846 405 2878 ὃς
428 2845 509 2884 ἀξιῶν
534 2847 666 2876 πάντοθεν
690 2848 861 2887 ἀνιξὲταστος
886 2849 962 2887 εἶναι,

1024 2314 1179 2343 nachicum
1194 2322 1335 2342 canonem
1364 2322 1453 2350 agens
1469 2313 1592 2348 insanis,
1622 2316 1651 2342 et
1674 2313 1716 2341 sic
1732 2321 1846 2350 peccas,

1025 2359 1094 2396 quid
1112 2359 1327 2387 accusationem
1342 2359 1466 2387 insania:
1491 2359 1547 2386 fere
1561 2357 1771 2394 impatienter?
1786 2359 1846 2386 Ao-

1023 2406 1174 2433 cusatores
1189 2404 1328 2440 repellere
1351 2403 1471 2436 videris,
1495 2405 1528 2430 ut
1552 2402 1683 2431 convicia
1697 2402 1845 2439 pontificis

1024 2448 1123 2485 magni
1139 2449 1241 2484 patris,
1268 2448 1312 2476 vel
1338 2448 1422 2484 juxta
1450 2450 1489 2482 te,
1513 2448 1577 2483 ejus
1605 2447 1654 2483 qui
1682 2448 1779 2475 locum
1794 2447 1845 2475 Dei

1022 2495 1113 2528 tenet,
1130 2493 1262 2529 effugias.
1287 2493 1346 2529 Ego
1363 2495 1461 2520 autem
1491 2492 1541 2520 libi
1565 2492 1687 2520 ﬁdenter
1715 2491 1797 2520 dico:
1814 2491 1845 2519 Si

1023 2546 1081 2566 non
1105 2536 1271 2574 episcopus,
1297 2537 1348 2573 qui
1374 2537 1450 2564 alius
1479 2538 1575 2564 tecum
1598 2537 1680 2572 loqui
1705 2535 1846 2564 audebit?

1022 2583 1174 2616 Quodnam
1186 2583 1236 2618 jus
1249 2581 1390 2617 relinquit
1413 2583 1439 2609 te
1458 2580 1522 2609 sine
1547 2581 1697 2618 magistro,
1715 2581 1779 2608 sine
1793 2581 1845 2608 do-

1022 2628 1113 2662 mino,
1129 2628 1193 2656 sine
1222 2625 1377 2663 principio,
1406 2626 1470 2653 sine
1499 2626 1604 2662 capite,
1634 2626 1698 2654 sine
1722 2625 1843 2658 ratione,

1021 2672 1084 2700 sine
1099 2673 1202 2700 ordine
1226 2673 1360 2707 agentem
1371 2670 1386 2698 ?
1406 2670 1493 2698 Nulla
1507 2679 1580 2707 gens
1602 2678 1669 2706 rege
1684 2672 1782 2703 caret;
1799 2668 1844 2696 id-

1021 2717 1096 2745 circo
1112 2725 1166 2745 nec
1181 2716 1308 2753 populus
1323 2715 1381 2743 Deo
1397 2717 1586 2743 consecratus
1610 2714 1673 2742 sine
1689 2715 1762 2741 duce
1777 2712 1843 2740 erit.

1020 2761 1060 2789 Ex
1073 2761 1128 2790 hoc
1141 2760 1322 2789 intellectum
1333 2759 1409 2788 Deus
1420 2759 1581 2794 abstulit,si
1596 2759 1653 2787 isto
1665 2758 1752 2786 modo
1764 2765 1844 2785 men-

1018 2807 1078 2834 tem
1094 2806 1216 2839 alienas,
1231 2804 1281 2840 qui
1305 2812 1372 2832 cum
1389 2811 1423 2832 ex
1446 2804 1526 2832 nulla
1554 2805 1637 2840 parte
1658 2801 1730 2831 velis
1743 2801 1843 2830 obser-

1019 2850 1093 2886 vari,
1105 2849 1202 2879 simile
1210 2848 1320 2885 aliquid
1329 2847 1492 2885 agis,quasl
1501 2849 1649 2877 recusaret
1658 2854 1764 2876 aurum
1774 2853 1843 2875 eum
