2002 3158
205 172 265 202 859

206 245 262 266 εει-ο
278 238 414 273 mixtum,
431 240 555 277 ideoque
575 241 733 279 impurum,
761 245 961 280 probationem
978 255 1030 283 per

204 281 313 317 ignem.
328 285 387 311 Hoc
403 286 499 312 autem
516 294 610 322 neque
633 288 861 322 patriarchicum
884 281 1029 326 caputlef-

204 328 280 363 fugit
294 328 411 363 ipsum;
428 331 477 358 sed
495 335 572 358 certo
594 335 724 369 tempOre
748 335 784 362 ab
798 344 830 363 eo
855 344 905 372 pro
922 337 1029 372 quibus

204 373 355 408 oportebat
370 376 443 403 ratio
461 377 598 411 poscitur.
625 378 659 406 Et
674 379 735 414 ipse
760 380 836 407 Deus
864 389 928 409 cum
945 381 1030 409 boni-

204 419 264 445 tate
271 420 413 447 rationem
425 421 560 456 reddens,
572 422 705 452 homines
718 424 772 453 sibi
785 426 893 455 amicos
904 427 1031 455 sustinet

204 462 418 498 interrogantes
432 473 438 492 :
455 466 558 500 Quare,
578 468 706 501 Domine.
725 469 779 497 hoc
795 472 823 498 et
850 471 929 499 istud
945 471 1031 508 agis?

206 509 239 534 ut
253 507 358 536 deinde
380 510 543 539 convincat.
569 511 734 548 Aliquando
759 514 844 543 etiam
862 507 1030 544 misericor-

206 551 281 578 diter
296 560 453 582 conversus
468 555 502 582 ad
520 563 620 584 eorum
637 557 742 593 placita
758 558 926 588 inclinatur.

246 686 305 714 156.
330 687 372 714 Tu
390 690 487 729 autem
502 697 567 718 vere
581 691 724 720 maximus
737 700 777 726 os,
792 694 883 729 major
898 694 976 722 omni
989 703 1031 722 ra-

208 731 286 758 tione
297 726 483 767 reddcnda,el
497 734 603 763 idcirco
615 745 703 772 super
720 738 808 765 Deum
825 739 924 775 ipsum
936 739 1030 767 eleva-

207 778 266 810 tus,
284 778 334 813 qui
352 778 437 814 plane
461 781 561 809 renuis
586 782 745 818 apostolica
769 784 926 812 observari.
952 786 1030 814 Talis

208 829 275 849 cum
291 823 342 857 sis,
359 823 428 858 quid
445 833 461 851 a
477 825 620 861 principio
636 835 701 855 cum
714 828 742 855 in
760 830 880 856 tonsura
891 831 1029 865 rationes,

207 865 452 902 interrogationes
468 872 495 896 et
519 871 695 905 quaestiones
724 873 851 909 audires,
868 882 917 902 cor
945 877 1029 903 tuum

207 909 302 938 valide
318 919 375 939 non
396 913 584 950 conﬁrmasti,
599 924 652 943 nec
671 917 793 946 consilio
818 919 930 954 potenti
947 920 1029 947 resti-

207 954 270 982 tisti
287 955 535 992 interrogantibus
560 959 737 995 frequenter,
752 970 787 990 ne
811 963 900 991 simul
916 972 1030 1000 progre-

206 999 320 1028 dientes
335 1003 362 1028 ts
378 1001 406 1028 in
432 1003 505 1030 retia
528 1003 729 1033 ineluctabilia
752 1009 780 1034 et
808 999 930 1036 molesta
946 999 1030 1037 indu-

207 1046 323 1072 cerent:
340 1046 390 1073 sed
407 1048 466 1073 tam
483 1047 567 1075 facile
583 1049 710 1085 subiisti,
726 1053 755 1078 et
776 1051 859 1080 nulla
874 1061 904 1080 re
918 1053 1032 1089 objecta

207 1090 417 1125 spopondisti?
433 1091 506 1124 Quia
521 1100 588 1129 ergo
603 1102 619 1121 ιι
634 1095 777 1131 principio
797 1096 945 1125 humiliari
963 1106 1030 1125 con-

209 1134 334 1168 cessisti,
352 1135 380 1162 in
400 1138 546 1171 posterum
566 1138 635 1165 audi
650 1139 803 1174 profutura
828 1140 895 1170 licet
910 1141 1031 1175 invitus,

209 1179 390 1211 convincere,
422 1182 484 1208 esto
513 1182 652 1217 sapiens,
682 1185 845 1213 secundum
873 1186 1030 1214 consilium

209 1222 381 1251 Salomonis.
398 1224 471 1252 Ama
486 1227 513 1253 te
529 1226 676 1262 integrum
697 1237 772 1262 esse,
789 1230 812 1257 si
839 1238 897 1258 non
913 1233 946 1258 ut
963 1231 1032 1259 Pro-

209 1268 343 1296 metheus
354 1269 419 1304 (i7),
436 1269 539 1298 saltem
555 1272 639 1307 quasi
656 1273 852 1309 Epimetbeus.

248 1363 308 1392 157.
322 1364 478 1402 Memento,
490 1375 558 1404 ergo
567 1369 658 1398 multa
673 1370 884 1401 irrationabilia
894 1373 1033 1402 animalia

212 1407 388 1437 clamoribus
411 1411 570 1446 admonita,
586 1422 649 1442 cum
664 1418 772 1449 errant,
789 1417 904 1453 corrigi.
921 1417 1033 1449 Quanto

213 1453 308 1488 magis
323 1454 351 1481 id
368 1454 455 1483 homo
470 1457 577 1492 cupiet,
594 1461 622 1486 et
637 1462 755 1495 quaret,
772 1463 877 1490 etcum
892 1462 1035 1490 invenerit

214 1497 315 1526 beatus
330 1499 384 1526 erit
397 1499 402 1526 !
421 1500 460 1528 De
475 1501 529 1529 hoc
542 1506 678 1532 sexcenta
693 1506 825 1542 exempla
835 1506 902 1535 licet
917 1507 1034 1535 aliunde

213 1552 329 1579 quoque
345 1544 499 1581 colligere;
516 1548 589 1576 satis
605 1550 659 1577 erit
676 1551 752 1586 quod
770 1553 913 1588 sequitur.
927 1554 1036 1581 Ferunt

211 1590 378 1616 Maurorum
395 1590 543 1626 mulieres,
560 1601 625 1621 cum
650 1594 750 1623 leones
765 1595 842 1624 circa
858 1605 964 1632 pagum
980 1597 1032 1624 ali-

212 1640 298 1668 quem
336 1636 429 1668 erant,
464 1635 535 1664 viris
573 1638 744 1667 absentibus
782 1641 925 1676 (abundat
953 1641 1032 1668 enim

210 1677 276 1704 istis
300 1676 369 1705 feris
394 1680 560 1708 Maurorum
581 1683 681 1718 regio),
704 1684 821 1719 injuriis
837 1687 865 1714 et
895 1685 1032 1714 conviciis

211 1721 350 1757 impetere
365 1722 465 1751 solitas
489 1732 564 1753 esse.
587 1727 661 1759 Quid
681 1736 749 1764 ergo
764 1728 808 1757 leo
837 1730 946 1765 regius,
962 1731 1031 1758 adeo

211 1766 357 1801 egregius,
374 1775 432 1794 non
448 1769 603 1803 erubescit,
619 1771 654 1798 ad
678 1780 818 1807 personas
837 1783 894 1803 non
921 1774 1032 1802 validas

210 1810 318 1843 venire,
331 1811 439 1845 quibus
451 1821 503 1841 nec
516 1815 819 1852 roburmanuum,nec
830 1819 940 1855 aliquid
950 1819 1032 1847 virile

213 1855 406 1899 estlQuibus
422 1858 530 1886 auditis
558 1859 660 1888 dicunt
685 1861 798 1891 leonem
822 1865 927 1892 rubore
943 1865 1030 1899 afﬁci,

213 1898 298 1934 quasi
314 1899 474 1935 inspirante
492 1906 597 1930 natura
621 1905 798 1941 rationabili,
823 1909 986 1937 verecunde
1002 1917 1033 1937 se

213 1945 387 1975 convertere.
414 1947 501 1980 atque
529 1947 564 1974 ad
593 1949 710 1984 propria
738 1952 840 1980 reverti
865 1952 938 1980 nihil
963 1952 1033 1980 mali

202 1986 394 2016 'inferentem.
412 1991 468 2016 Cur
483 1998 550 2026 ergo
566 1994 596 2020 tu
613 1992 656 2022 leo
678 2002 743 2023 esse
756 1996 895 2026 adversus
908 1998 1034 2025 munda-

213 2039 267 2059 nas
280 2032 430 2067 passiones
454 2035 584 2071 edoctus,
611 2047 666 2066 non
692 2041 777 2069 modo
802 2041 896 2070 velum
913 2041 1034 2078 pudoris

213 2075 255 2103 ori
272 2077 322 2104 tuo
338 2085 395 2105 non
411 2077 548 2115 imponis,
565 2089 632 2109 cum
657 2083 773 2112 solitam
800 2086 974 2114 modestiam
990 2093 1034 2113 re-

212 2121 334 2157 linquis,
352 2131 418 2150 cum
443 2124 479 2152 ad
496 2127 638 2155 mundum
668 2130 840 2166 transfugis,
856 2133 886 2158 et
908 2131 945 2158 ob
960 2131 1036 2158 hanc

213 2174 332 2194 causam
349 2167 515 2204 corriperis,
540 2171 590 2198 sed
616 2172 704 2201 etiam
720 2174 840 2210 rugiens
869 2178 901 2203 ut
924 2175 968 2203 leo
982 2175 1035 2203 ob-

210 2210 366 2247 jurgantes
382 2214 517 2248 proteris,
533 2217 562 2243 et
576 2216 620 2244 vis
646 2217 810 2247 dilaniare?
827 2219 976 2248 Didiceras
990 2221 1036 2247 ta-

215 2263 280 2284 men
296 2256 420 2292 injurias
445 2258 561 2294 injuriis
586 2269 642 2289 non
668 2263 819 2299 repellere,
843 2267 872 2294 et
892 2265 970 2293 mala
985 2273 1036 2301 pa-

214 2301 291 2328 tiens
306 2309 363 2329 non
380 2302 497 2332 minari.

594 177 807 209 EUSTATHII
830 180 1030 212 THESSALO

1089 183 1210 216 lENSlS
1233 185 1524 217 METROPOLITE

1830 186 1879 217 860

1043 248 1182 285 Αὸμοιον
1211 260 1237 278 τι
1267 253 1366 285 ποιεῖς,
1396 252 1432 282 ὡς
1459 251 1483 278 εἰ
1512 250 1556 278 καί
1578 261 1604 278 τι
1620 252 1728 289 χρυσίον
1741 251 1878 289 ὑπόχαλκον

1083 293 1127 320 καὶ
1141 293 1212 322 οὕτω
1239 293 1373 330 κίϐδηλον
1396 294 1482 328 ἰθέλιι
1514 299 1698 333 παραιτεῖσθαι
1720 296 1766 330 τὴν
1789 294 1827 322 διὰ
1838 307 1879 323 πυ-

1084 338 1130 374 ρὸς
1157 337 1286 376 δοκιμήν.
1319 341 1366 367 Καὶ
1396 341 1450 377 μὴν
1480 340 1545 368 αὐτὸ
1569 340 1632 368 οὐδὲ
1656 341 1827 378 πατριαρχιχή
1849 351 1881 371 τις

1085 380 1259 421 διαφυγγάνει
1297 384 1414 422 κεφαλὴ,
1443 384 1507 413 ἀλλ’
1544 384 1569 412 ἐν
1607 387 1692 422 καιρῷ
1718 384 1881 422 λογιστεύεται

1084 427 1129 454 καὶ
1144 427 1223 463 αὐτὴ,
1250 427 1284 456 δι’
1305 428 1337 456 οὗ
1361 429 1459 467 ἐχρῆν.
1486 429 1536 458 Καὶ
1559 430 1623 460 Θεὸς
1646 428 1674 457 δὲ
1687 429 1763 460 αὐτὸς
1775 430 1882 467 ἀνιχεται

1084 469 1189 507 ἄλλως,
1219 473 1344 505 ὶτιιεικῶς
1382 474 1558 512 λογιστεύων,
1596 474 1740 512 ἀνθρώπων
1766 473 1883 513 θεοφιλῶν

1083 519 1130 544 καῖ
1150 517 1359 555 πυνθανομένων
1372 528 1379 535 ·
1407 531 1422 545 ‹‹
1453 519 1488 548 Tt
1515 518 1568 554 ὅτι,
1594 518 1684 557 Κύριε,
1705 517 1767 546 τάδε
1780 518 1820 546 καὶ
1833 517 1885 546 τάδε

1084 564 1193 596 Reisig;
1215 574 1229 589 ››
1259 563 1313 590 Καὶ
1340 563 1426 594 οὕτως
1451 563 1580 600 ὑπομένει
1606 563 1820 602 ἐπανερωτῶντας
1845 561 1885 598 δῆ-

1085 611 1127 638 θεν
1145 607 1183 637 εἱς
1198 606 1322 645 ἔλεγχον.
1348 608 1399 636 Καί
1424 618 1491 636 ποτε
1513 608 1769 645 κατακαμπιόμενος
1786 606 1886 644 ἑλεημό-

1084 661 1149 687 νως,
1164 654 1239 679 ποιεῖ
1253 652 1287 679 τὰ
1301 651 1339 684 εἷς
1355 651 1517 690 ἱλαρότητα.

1121 696 1185 732 ρνς’.
1203 697 1276 724 Πάνυ
1296 699 1360 734 γοῦν
1387 697 1418 724 σὺ
1446 697 1527 735 μέγας
1551 695 1634 733 οὕτω,
1661 697 1707 724 καὶ
1737 697 1800 734 ὑπὲρ
1813 699 1882 724 πᾶσαν

1085 738 1284 778 λογοπραγίαν,
1300 741 1344 768 καὶ
1361 740 1405 768 διὰ
1428 743 1510 769 τοῦτο
1530 740 1667 779 ὖτιέρθεος,
1690 740 1886 778 άποπροσποιού-

1086 794 1166 820 μενος
1197 784 1283 820 πάντη
1313 785 1419 817 πάντως
1448 786 1480 813 τὸ
1506 786 1678 824 ἐφορεύεσθαι
1707 785 1884 815 ἀποστολιχῶς.

1084 828 1116 856 El
1133 828 1164 864 δὴ
1181 832 1305 861 τοιοῦτος
1320 830 1400 865 ἦσθα,
1428 830 1453 857 τί
1480 829 1513 865 δὴ
1538 831 1587 864 τήν
1609 830 1711 868 ἀρχὴν,
1727 830 1770 857 ὅτι
1778 830 1885 867 κειρόμε-

1084 883 1130 904 νος
1155 873 1340 912 λογοπραγίας
1354 874 1437 912 εἴχις,
1459 873 1505 902 καὶ
1529 873 1687 913 ἰρωτήσεις,
1711 874 1753 902 καὶ
1767 873 1884 910 πύσματα,

1045 935 1070 969 Β
1087 919 1125 955 μὴ
1149 916 1273 956 ἕσφιγξας
1298 920 1347 954 τὴν
1371 917 1483 957 καρδίαν
1507 929 1555 946 σου
1580 918 1710 969 ατῷβᾱῖκ,
1732 919 1775 946 καὶ
1790 918 1886 969 ἴσχυρο-

1085 963 1268 1001 γνωμονήσας
1297 963 1424 999 ἀντέστης
1452 966 1511 994 τοῖς
1548 963 1774 1001 πολυπράγμοσιν
1802 962 1886 1000 ἐρωτη-

1088 1010 1224 1044 ματικοῖς,
1258 1009 1296 1045 μὴ
1325 1008 1369 1035 καὶ
1399 1007 1606 1039 συνελαύνοντες
1638 1007 1830 1036 κατακλείσωσι
1852 1006 1887 1034 καὶ

1086 1052 1115 1080 es
1131 1052 1169 1084 εἰς
1186 1053 1307 1090 ἀποριῶν
1324 1052 1386 1081 λίνα
1408 1051 1590 1092 δυσδιάφυκτα
1607 1062 1613 1069 ·
1625 1052 1691 1080 ἀλλ’
1707 1052 1791 1083 οὕτως
1801 1052 1887 1089 ἀπραγ-

1088 1096 1179 1134 μόνως
1204 1097 1325 1133 ὗπεῖσας,
1360 1097 1404 1125 καὶ
1433 1097 1557 1133 κατέθου,
1587 1097 1777 1137 ἀντιφωνήσας
1797 1095 1887 1133 μηδένς

1086 1142 1147 1171 ’Ότι
1162 1142 1227 1180 γοῦν
1253 1143 1399 1178 ὑπέμεινας
1421 1143 1617 1177 ταπεινωθῆναι
1642 1142 1692 1174 τὰς
1716 1141 1810 1180 ἀρχὰς,
1824 1139 1889 1168 ἄκουι

1085 1188 1134 1214 τοῦ
1162 1186 1261 1214 λοιποῦ
1284 1186 1330 1214 καὶ
1359 1185 1430 1214 ἄκων
1452 1186 1486 1214 τὰ
1508 1187 1680 1215 συνοίσοντα.
1707 1187 1751 1214 καὶ
1779 1185 1888 1224 ἐλέγχου,

1085 1231 1130 1259 καὶ
1154 1231 1232 1268 γίνου
1260 1232 1357 1269 σοφὸς,
1383 1231 1453 1259 καθὰ
1485 1232 1502 1266 ἡ
1542 1229 1754 1268 Σολομώντειος
1781 1229 1887 1265 ὄποθήιη

1089 1276 1238 1314 βούλεται·
1260 1276 1305 1303 καὶ
1327 1276 1427 1313 ἀγάπα,
1453 1275 1525 1304 οὕτω
1549 1274 1757 1314 διορθούμενος,
1772 1274 1846 1303 εἶκαὶ
1858 1274 1887 1311 μὴ

1087 1321 1155 1349 κατὰ
1168 1321 1325 1359 Προμηθέα,
1342 1319 1377 1348 δι’
1392 1321 1566 1358 Ἐπιμηθέως
1578 1323 1655 1358 γοῦν.

1124 1375 1188 1413 ρνζ’.
1218 1375 1402 1412 Ἐνθυμήθητι
1431 1374 1457 1402 ἐν
1483 1374 1591 1406 τούτοις
1614 1375 1674 1410 καὶ,
1702 1375 1739 1406 ὡς
1760 1372 1889 1402 παλλακαὶ

1087 1421 1140 1447 τῶν
1168 1418 1277 1456 ἀλόγων
1313 1419 1389 1454 ζώων
1426 1418 1622 1457 ἐγκραζόμενα,
1651 1419 1697 1447 ὅτε
1733 1418 1891 1458 σφάλλονται,

1089 1464 1274 1502 ἀνορθοῦνται.
1304 1466 1349 1499 Τῷ
1377 1464 1457 1491 παντὶ
1487 1462 1520 1499 δὴ
1550 1463 1633 1491 πλέον
1667 1464 1681 1491 ὁ
1704 1462 1836 1501 ἅνθρωπος
1856 1460 1891 1488 καὶ

1088 1509 1202 1544 ποθήσει
1229 1507 1305 1543 αὐτὸ,
1327 1508 1371 1536 καὶ
1393 1509 1528 1543 ζητήσει·
1553 1508 1598 1535 καὶ
1621 1507 1709 1545 εὑρὼν
1734 1505 1892 1545 εὖϐρανθήσι-

1087 1563 1143 1581 ται.
1169 1553 1219 1582 Καὶ
1249 1552 1281 1587 ἦν
1308 1553 1356 1589 μὲν
1383 1551 1496 1584 ἐνταῦθα
1523 1551 1698 1587 ἰπιλέξασθαι
1725 1553 1795 1589 ἡμᾶς
1813 1549 1891 1588 ὁμοιό-

1088 1608 1158 1633 τητα
1188 1597 1283 1634 μυρίαν
1311 1597 1476 1634 πράγματος
1503 1596 1548 1624 καὶ
1578 1595 1698 1624 ἄλλοθεν
1716 1607 1723 1613 ·
1750 1596 1846 1634 ἀρέσκει
1871 1593 1893 1621 δὲ

1089 1642 1165 1679 ὅμως
1195 1642 1226 1669 τὸ
1255 1641 1503 1680 προτεθησόμενον.
1534 1641 1718 1677 ἰποροῦνται
1744 1639 1891 1679 Μαυρούσιαι

1084 1688 1219 1726 γυναῖκες,
1235 1684 1342 1713 ἐπειδὰν
1372 1685 1434 1724 περί
1455 1695 1514 1713 τινα
1535 1685 1633 1722 κώμην
1664 1685 1720 1713 hui
1738 1696 1789 1713 που
1803 1684 1892 1722 ἐπιχωι

1087 1731 1199 1770 ριάσωσι
1221 1729 1340 1764 λέοντες,
1366 1731 1404 1767 μὴ
1428 1729 1570 1768 παρόντων
1594 1728 1703 1768 ἀνδρῶν
1733 1729 1857 1768 (πέπληθε
1869 1726 1891 1755 δὲ

1086 1777 1189 1812 θηρίων
1216 1775 1347 1803 τοιούτων
1376 1775 1408 1802 τὸ
1436 1774 1606 1812 Μαυρούσιον
1632 1774 1743 1812 κλίμα),
1768 1773 1889 1802 ἐπιλαλεῖν

1087 1821 1180 1851 αὐτοῖς
1207 1819 1281 1852 ἐθάδι
1305 1819 1417 1858 γλώσσῃ
1442 1818 1625 1856 ὀνειδισμοὺς,
1656 1819 1702 1847 καὶ
1737 1819 1767 1847 τὸ
1795 1816 1890 1847 ὄνειδος·

1088 1877 1102 1891 ‹‹
1115 1866 1148 1894 Τί
1162 1863 1194 1900 δή
1210 1875 1276 1892 ποτα
1290 1865 1304 1891 ὁ
1322 1863 1450 1902 βασιλεὺς
1473 1863 1553 1899 λάων,
1579 1864 1593 1891 ὀ
1615 1863 1704 1895 οὕτως
1719 1862 1891 1901 ἁξιωματικὸς,

1087 1910 1138 1938 οὐκ
1160 1908 1325 1947 ἐντρέπεται,
1341 1908 1414 1946 παρὰ
1441 1909 1574 1945 πρόσωπα
1603 1907 1681 1942 ἥκων
1705 1909 1743 1945 μὴ
1763 1907 1891 1944 ἀξιόμαχα,

1089 1953 1129 1986 οἷς
1141 1952 1202 1981 οὔτε
1218 1953 1298 1991 ῥώμη
1315 1955 1428 1991 χιιρῶν,
1445 1951 1507 1980 οὔτε
1522 1951 1592 1980 ἄλλο
1604 1962 1630 1979 τι
1651 1954 1731 1990 μετὸν
1748 1951 1848 1990 ἀνδράσι
1862 1961 1867 1984 ;
1881 1961 1892 1975 η

1090 1999 1142 2026 Καὶ
1168 1999 1182 2026 ὁ
1206 1997 1275 2025 λὲων
1301 1997 1417 2032 ἀκούων,
1439 1996 1564 2033 αἰδεῖται,
1588 1997 1664 2036 φασὶ,
1688 1998 1748 2029 καθ’
1772 1994 1893 2030 ὑποϐολήν

1087 2053 1147 2071 τινα
1171 2043 1275 2081 φύσεως
1313 2041 1442 2080 ἐλλόγου,
1475 2041 1520 2069 χαὶ
1545 2041 1704 2079 κατακύψας
1733 2039 1893 2078 αιδημόνωςῖ

1089 2087 1116 2119 ἐς
1131 2087 1165 2115 τὰ
1179 2086 1266 2114 οἰκεῖα
1280 2085 1334 2121 ἤθη
1361 2086 1530 2135 παλινορ-νεῖ,
1557 2084 1640 2135 μηδξν
1667 2085 1808 2135 τι-ξράσας
1820 2084 1896 2135 δυσγε-

1089 2131 1144 2163 νὲς.
1171 2131 1201 2159 Τί
1231 2129 1277 2158 οὖν
1307 2131 1345 2167 μή
1370 2129 1414 2158 καὶ
1444 2129 1486 2164 σὺ,
1517 2130 1531 2157 ὁ
1560 2130 1629 2158 κατᾶ
1655 2131 1748 2158 παθῶν
1774 2130 1893 2166 κοσμικῶν

1090 2175 1162 2204 λέων
1191 2176 1256 2203 εἶναι
1284 2175 1461 2214 ἀποταχθιὶς,
1490 2174 1521 2202 οὐ
1550 2174 1632 2211 μόνον
1664 2175 1695 2202 οὗ
1724 2180 1838 2213 προϊσχῃ
1856 2174 1894 2200 τοῦ

1090 2220 1240 2258 προσώπου
1265 2217 1418 2258 πρόϐΛημα
1449 2218 1553 2254 αἰδοῦς,
1592 2223 1642 2255 τῆς
1681 2219 1776 2252 ἐθάδας
1796 2217 1894 2256 ἡσυχίας

1092 2265 1320 2302 ἀπανιστάμενος,
1350 2264 1395 2292 καὶ
1423 2261 1570 2292 διαϐαίνων
1596 2264 1634 2296 εἰς
1662 2265 1698 2292 τὰ
1725 2261 1894 2301 κοσμικὲμιαῖ

1056 2301 1294 2346 θόνειδιζόμενος
1328 2307 1362 2336 δι’
1389 2308 1476 2344 αὐτό;
1515 2307 1605 2336 Ἀλλὰ
1646 2309 1693 2336 καὶ
1735 2308 1894 2347 βρυχώμενος

215 2344 347 2373 λέεντειον
377 2346 547 2385 ἐπεμπηδᾷς,
577 2350 620 2377 καὶ
650 2349 855 2391 διασπαράττειν
882 2355 976 2393 βούλει
1003 2356 1049 2384 τὸν
1074 2344 1241 2393 ἐγκραγόντα
1270 2363 1337 2389 σοις
1365 2354 1417 2382 Καὶ
1445 2353 1499 2390 μὴν
1525 2352 1558 2381 οὖ
1590 2353 1676 2390 μόνον
1704 2344 1896 2391 λοιδορούμενος

215 2388 383 2426 τιτύπωκας,
400 2391 449 2420 οὐκ
464 2393 672 2433 ἀντιλοιδορεῖν,
689 2388 761 2425 ἄλλα
775 2399 819 2426 καὶ
835 2388 961 2438 πάσχων,
980 2399 1049 2438 μηδὲ
1059 2402 1125 2438 γοῦν
1141 2398 1321 2427 ἅπειλεῖσθαι-

256 2434 316 2483 1ξ8.
343 2436 413 2464 Ecce
448 2438 558 2467 librum
596 2441 721 2477 regulae:
763 2445 871 2480 accipe,
891 2434 985 2483 "lege,
1010 2434 1039 2475 et

218 2478 380 2527 condemns
403 2482 541 2518 teipsum.
567 2484 638 2512 Cum
668 2487 780 2523 absque
801 2478 911 2525 pudore
927 2478 1001 2527 agis,
1022 2499 1038 2520 ο

218 2523 372 2558 mouache,
388 2527 482 2562 cogita
498 2531 646 2558 mortuum
662 2532 690 2558 te
702 2523 900 2568 impudentem
917 2523 990 2564 esse.
1006 2536 1038 2564 In

217 2570 338 2596 tonsura
354 2570 430 2598 enim
456 2576 587 2602 mortuus
616 2583 656 2603 es.
678 2577 749 2604 Cum
778 2580 961 2616 conviciaris,
978 2589 1038 2609 mc-

217 2617 316 2642 mento
325 2614 402 2643 inter
409 2620 490 2646 muta
498 2621 644 2649 redactum
653 2621 853 2659 blasphemiae
861 2614 1036 2663 teproierre:

218 2669 276 2688 non
293 2661 414 2690 edoctus
429 2670 460 2691 es
491 2664 534 2692 sic
557 2665 706 2702 loquacem
730 2677 804 2697 esse.
829 2661 934 2700 Desine
949 2672 1040 2709 igitur

252 2762 309 2801 (i7)
325 2763 516 2801 Prometheus
531 2767 559 2793 et
573 2765 772 2801 Epimetheus.
785 2770 870 2799 ambo
884 2771 964 2800 Jovis
975 2772 1037 2801 ﬁlii.

217 2796 356 2844 gerebant
366 2800 501 2828 Prometh
507 2809 573 2843 eum
581 2796 627 2829 rés
638 2805 705 2844 ante
714 2796 850 2834 eventum
857 2796 1038 2844 ῂιῐεὲνίῐιέἐέξ

218 2832 419 2868 Epimetheum
435 2845 493 2865 non
509 2837 567 2866 nisi
579 2838 725 2873 prasterita
739 2832 1039 2878 numeral-{unde};

1130 2444 1197 2481 ρνη’.
1215 2442 1284 2473 Ἰδοὺ
1313 2443 1344 2471 τὸ
1375 2440 1483 2481 βιϐλίον
1510 2446 1560 2478 τῆς
1587 2446 1730 2481 συνταγῆς,
1763 2443 1804 2470 καὶ
1820 2438 1896 2469 λαϐὼν

1094 2489 1240 2526 ἀνάγνωθι,
1268 2488 1314 2516 χαὶ
1347 2489 1499 2526 κατάγνωθι
1528 2490 1650 2516 σεαυτοῦ.
1680 2489 1746 2518 "Ore
1773 2487 1896 2523 ἀναισχυν-

1092 2536 1158 2568 τιῖς,
1185 2534 1208 2561 ὦ
1238 2535 1354 2570 μοναχὶ,
1382 2533 1486 2569 νόμιζε,
1520 2531 1562 2560 ὅτι
1589 2533 1684 2571 νεκρὸς
1713 2532 1749 2559 ὢν
1777 2529 1896 2565 ἀναιδεῦῃ.

1093 2579 1229 2614 Τέθνηκας
1261 2578 1313 2616 γὰρ
1344 2577 1369 2605 ἐν
1396 2579 1437 2614 τῷ
1468 2577 1612 2616 κείρεσθαι.
1644 2578 1710 2607 Ὀτε
1741 2574 1896 2608 καταλαλιῖς,

1094 2623 1189 2659 ἐννόει,
1220 2622 1260 2651 ὅτι
1285 2622 1311 2650 ἐν
1337 2622 1457 2661 ἀφώνοις
1484 2622 1657 2660 τεταγμένος,
1681 2621 1815 2660 διαρθροῖς
1839 2618 1896 2657 βλα-

1095 2669 1228 2708 σφημίαν.
1259 2667 1298 2697 Οὐ
1323 2667 1375 2706 γὰρ
1401 2667 1541 2698 ἐτύπωσας
1571 2667 1641 2695 οὕτω
1663 2665 1750 2698 λάλος
1774 2662 1896 2694 clauim

1094 2767 1228 2796 rivantur
1250 2769 1349 2805 Graeca
1371 2766 1502 2805 nomina.
1531 2765 1685 2805 Addebsnt
1707 2763 1838 2805 etiamsi)
1855 2759 1896 2805 illo

1095 2806 1196 2832 cautos
1211 2805 1240 2832 et
1253 2803 1400 2840 sapientes
1413 2802 1557 2836 homines,
1573 2801 1692 2830 insanas
1702 2809 1768 2830 vero
1781 2803 1808 2828 et
1820 2801 1895 2833 impo-

1094 2844 1167 2873 ritos
1181 2844 1218 2872 ab
1234 2844 1289 2873 hoc
1303 2844 1396 2873 fuisse
1410 2844 1533 2872 creatos.
