2018 3158
147 202 204 232 861

649 204 701 235 DE
724 203 968 235 EMENDANDA
994 203 1094 242 VITA
1107 203 1350 234 MONACHICA.

1791 201 1850 231 862

147 268 211 308 ἄφες
228 270 339 296 τοιαῦτα
358 272 550 308 τερατουργεῖν
576 269 620 298 ἐπὶ
650 269 703 306 σοὶ,
731 271 769 307 μὴ
795 269 839 297 καὶ
868 279 970 307 παρορ-

1035 271 1087 297 .ειυι
1103 269 1233 305 prodigia
1247 269 1276 297 in
1292 272 1320 298 te
1334 269 1459 306 operari,
1471 278 1507 297 ne
1521 270 1556 297 ad
1573 269 1753 297 iracundiam
1783 276 1850 304 pro-

145 313 226 350 γίσῃς
241 313 286 340 τὸν
303 314 340 345 ὡς
355 313 466 349 ἀληθῶς
485 314 596 351 ὕψιστον
627 314 842 352 θαυματουργόν.
870 314 970 350 Στέρνα

144 357 254 384 τύπτειν
277 357 383 393 τέταξαι
411 360 444 386 τὰ
473 360 505 386 σὰ
528 358 572 386 ἐπὶ
599 359 737 396 μετανοίᾳ,
766 359 795 386 οὐ
828 359 880 395 μήν
904 358 971 385 κατὰ

145 400 259 436 καρδίας
287 401 396 430 τύπτειν
410 402 473 434 τοὺς
492 403 575 442 μικρὰ
604 404 620 438 ἢ
649 402 725 431 οὐδὲν
740 403 853 434 αίτίους’
871 401 972 440 δάκρυα

143 446 301 485 καταριἕέειν
316 447 361 475 ἐπὶ
387 447 535 484 μεταμιλῳ
549 447 589 484 τῷ
604 448 645 485 ἱφ²
671 448 825 486 ἁμαρτίαις,
856 447 886 475 οὐ
917 447 970 483 μὴν

144 493 295 528 τυραννεῖν,
326 491 364 522 εἰς
399 491 512 530 δάκρυα·
550 491 678 529 ψάλλειν,
720 493 750 520 οὐ
785 492 970 529 κατακράζειν·

145 534 312 572 ὀρθοστάδην
344 535 444 567 ἄϋπνος
476 536 648 575 ἐντυγχάνειν
686 540 754 573 Θεῷ,
785 537 816 564 οὐ
847 537 901 573 μὴν
931 536 972 563 ἐπ’

145 579 312 618 ἀμφοτέραις
349 580 483 618 χωλιύειν
524 581 629 619 ἰγνύαις
668 581 873 619 ἀμαρτητικῶς
906 580 972 618 γόνυ

144 623 245 652 κλίνειν
271 623 314 651 ἐπὶ
341 628 530 663 προσευχαῖς,
560 625 590 653 οὐ
615 625 751 661 κατακλᾷν
779 624 862 660 σκέλη
894 623 971 660 δίκην

146 663 257 703 λῃστοῦ’
273 667 355 694 ὁποῖα
377 668 421 695 καὶ
449 671 560 696 τοιαῦτα
583 668 676 696 πολλᾶ
691 668 717 696 ἐν
732 671 789 700 τοῖς
814 669 873 700 καθ’
897 669 971 704 ἡμᾶς

147 709 296 748 βλέπομεν.
311 714 342 740 Ἠ
369 710 468 750 ῥάϐδος
491 724 539 741 σου
563 715 609 741 καὶ
632 715 649 748 ἡ
675 713 814 751 βακτημία
830 723 878 740 σου
889 722 972 750 παρα-

146 754 314 784 λαλείτωσαν
330 757 394 789 τοὺς
406 756 457 784 ὐπό
472 757 510 793 σὲ,
527 757 572 785 καὶ
589 757 703 789 λοιποὺς
720 756 748 785 δὲ
764 757 876 792 ἄλλους,
894 757 973 788 ὅσους

145 798 290 838 ίξισχύεις·
309 801 348 837 μὴ
359 800 571 839 παραλυέτωσαν
583 801 611 830 δὲ
625 806 675 837 τῆς
689 805 761 837 ζωῆς
772 799 970 842 φοϐερώτερον.

145 843 309 882 Ἀγκαλίζσυ
335 846 428 884 γερσῖν
452 846 491 878 εἰς
520 847 706 884 πνευματικὴν
742 847 906 885 χαρμονήν·
932 846 970 882 μὴ

146 888 240 928 σφίγγε
255 889 294 921 είς
309 901 342 918 πν
349 901 374 929 ιγ
379 892 462 928 μονήν
468 913 475 920 .

186 965 249 1002 ρνθ’.
279 965 369 994 Ἀλλὰ
391 969 475 994 ταῦτα
498 967 546 1004 μὲν
571 969 669 998 κοινῶς
696 966 766 1005 πρός
779 977 808 995 τε
836 966 900 998 τοὺς
932 955 1014 1004 ιιι-Β

149 1008 365 1046 γαλοσνχήμονας
379 1011 424 1037 καὶ
451 1010 515 1042 τοὺς
532 1010 570 1048 μὴ
586 1011 643 1039 κατ’
656 1011 763 1043 αὐτούς.
793 1013 849 1040 Τοῦ
875 1010 974 1039 λοιποῦ

152 1051 181 1079 δὲ
205 1051 260 1088 ἰδίᾳ
283 1054 329 1081 καὶ
352 1057 410 1085 τοῖς
437 1056 521 1092 μήπω
545 1056 786 1093 ἀπογραψαμένοις
812 1055 846 1083 τὰ
873 1055 975 1083 τελεώ-

151 1106 218 1124 τατα
231 1097 379 1134 ὁμιλητὲον
403 1099 447 1127 διὰ
475 1099 600 1138 βραχέων
631 1100 669 1132 ιῐς
699 1100 786 1137 μόνην
812 1099 973 1137 ἀνάμνησιν·

152 1141 183 1168 οὐ
201 1142 251 1180 γὰρ
277 1143 353 1178 οἶμαι
384 1144 486 1182 ἀγνοεῖν
504 1143 561 1172 οὐδ’
589 1144 694 1181 αὐτοὺς,
711 1146 777 1183 ἅπερ
803 1145 974 1174 ἀκούσονται.

151 1186 200 1214 Καὶ
228 1187 297 1218 τέως
321 1188 500 1225 παρεκθετέον
526 1189 576 1224 τήν
605 1191 653 1217 τοῦ
684 1191 807 1228 μοναχοῦ
834 1189 944 1224 κλῆσιν,
961 1190 976 1216 ὃ

149 1229 176 1257 τί
191 1241 257 1258 ποτε
287 1231 426 1268 βούλεται.
455 1234 552 1270 Ἦρεσε
584 1235 618 1270 τῇ
640 1234 708 1261 κατὰ
733 1233 828 1273 σοφίαν
852 1232 977 1272 ἀκριϐείᾳ

149 1275 181 1301 τὸ
206 1275 289 1311 μόνον
314 1276 360 1303 καὶ
375 1276 420 1303 τὸν
439 1276 520 1313 μόνον
541 1278 585 1305 καὶ
611 1278 661 1312 τὴν
688 1278 776 1314 μόνην
796 1281 914 1310 νοεῖσθαι
930 1279 977 1314 μὲν

150 1317 195 1346 καὶ
225 1318 318 1350 ἄλλως
345 1320 505 1357 ὁμωνυμίας
526 1321 614 1358 νόμῳ,
640 1320 765 1359 λέγεσθαι
793 1321 820 1350 δὲ
847 1333 910 1350 ποτε
931 1322 976 1350 καὶ

151 1362 221 1400 πρὸς
254 1363 285 1390 τὸ
314 1366 446 1401 συζυγοῦν
467 1367 507 1400 τῷ
531 1365 604 1403 ἄρτῳ
629 1366 666 1397 εἰς
693 1370 798 1405 τροφῆς
826 1366 954 1402 ἀρτίωσιν
970 1387 976 1395 .

153 1406 232 1436 Οὕτω
246 1408 292 1435 καὶ
312 1408 394 1444 μόνος
418 1409 505 1446 χιτών
531 1420 583 1437 τινι
610 1410 764 1447 πρόσεστιν,
793 1411 837 1438 ὅτι
852 1409 980 1439 ἀσυνδύα-

154 1451 216 1483 στός
245 1453 313 1480 ἐστιν
343 1453 449 1492 ἐτεροίᾳ
471 1452 628 1492 περιϐολῇ,
661 1455 695 1490 ἧς
718 1455 858 1493 παρούσης
887 1456 924 1487 ὡς
951 1456 978 1484 ’ἐν

152 1507 204 1524 τινι
231 1497 348 1533 συζεύξει
364 1498 452 1526 οὐκέτι
471 1500 627 1536 μεμόνωται
644 1500 657 1526 ὁ
673 1501 769 1537 χιτών.
799 1503 842 1536 Τῷ
868 1499 891 1527 δ’
906 1501 979 1537 αὐτῷ

155 1541 229 1579 λόγῳ
254 1541 299 1569 καὶ
325 1542 410 1579 μόνην
428 1541 501 1581 ἔχειν
519 1543 626 1581 λέγεταί
641 1554 682 1575 τις
705 1544 833 1582 χλαῖναν,
863 1545 908 1572 ὅτε
930 1549 980 1580 τῆς

154 1585 300 1614 ἐπιλοίπου
325 1587 463 1624 συζυγίας,
489 1587 537 1615 εἶτ’
561 1588 606 1615 οὖν
635 1589 802 1626 συστοιχίας,
832 1589 899 1624 αὐτὴ
926 1588 979 1616 8ιέ-

1026 322 1109 341 voces
1122 314 1269 341 excelsum
1281 314 1487 342 miraculorum
1495 314 1756 341 artiﬁcem.Pectus
1765 316 1847 340 tuum

1026 367 1078 395 per
1088 358 1285 393 pwnitentiam
1295 361 1442 394 percutere
1450 367 1480 386 es
1491 359 1736 391 informatus,non
1751 360 1848 385 autem

1027 412 1076 430 cor
1088 403 1257 439 lransﬁgere
1274 411 1362 439 parva
1378 405 1428 430 aut
1442 402 1521 430 nulla
1533 402 1786 438 delinquentium:
1807 401 1850 428 la-

1027 455 1141 483 crymas
1156 447 1303 474 effundere
1319 455 1353 475 ex
1369 449 1552 483 peccatorum
1577 446 1687 480 dolore,
1717 455 1775 473 non
1801 454 1851 481 op-

1027 492 1153 528 primere
1169 500 1262 527 usque
1277 492 1312 519 ad
1329 491 1492 528 lacrymas;
1509 491 1644 527 psallere,
1659 499 1716 518 non
1745 490 1849 517 clami-

1027 538 1099 571 tare,
1115 539 1228 564 rectum
1238 538 1266 564 et
1280 535 1397 572 vigilem
1414 536 1471 563 Deo
1485 536 1612 568 adstare,
1630 543 1686 562 non
1704 535 1848 562 ambobus

1028 581 1164 608 cruribus
1206 580 1396 608 claudicando
1425 580 1558 608 incedere
1581 588 1587 606 Ζ
1612 588 1708 615 genua
1737 579 1851 607 ﬂectere

1028 627 1064 654 ad
1112 625 1267 658 orandum,
1297 633 1357 652 non
1385 633 1480 658 crura,
1506 633 1585 652 more
1609 624 1742 658 latronis,
1768 632 1850 651 rum-

1029 678 1114 706 pere;
1139 678 1203 705 quae
1216 670 1315 697 omnia
1344 670 1420 705 apud
1439 677 1492 696 nos
1514 669 1679 704 frequenter
1704 668 1850 695 videmus.

1027 714 1115 750 Virga
1129 718 1179 742 tua
1205 717 1234 742 et
1264 714 1386 742 baculus
1410 716 1479 741 tuus
1501 712 1690 741 consolentur
1716 712 1851 739 subditos

1026 762 1093 787 tuos
1109 762 1136 786 et
1147 759 1219 786 alios
1228 767 1421 794 quoscunque
1436 758 1555 794 poteris,
1572 760 1605 785 ut
1620 757 1716 793 quiete
1740 756 1850 784 vivant.

1027 803 1162 831 Manibus
1176 803 1350 839 amplectere
1359 803 1393 830 ad
1408 803 1655 830 manifestandam
1668 799 1852 837 spiritualem

1027 847 1171 880 laetitiam,
1187 856 1244 875 non
1262 847 1373 883 stringe
1390 847 1426 875 ad
1442 847 1656 874 sull‘ocandum.

1066 968 1126 995 159.
1155 969 1219 994 llaec
1243 967 1343 995 omnia
1368 967 1397 994 in
1443 966 1592 994 communi
1628 966 1662 994 ad
1694 967 1854 995 monachos

1030 1012 1128 1048 magni
1146 1012 1322 1045 indumenti,
1339 1015 1367 1040 et
1379 1012 1414 1039 ad
1444 1011 1517 1039 alios
1549 1020 1605 1039 non
1636 1011 1748 1039 similes
1776 1011 1854 1039 dicta

1029 1057 1097 1084 sint.
1113 1056 1255 1092 Relinque
1270 1059 1367 1084 autem
1383 1056 1419 1084 iis
1435 1056 1484 1091 qui
1498 1055 1704 1091 perfectionem
1722 1055 1853 1083 nondum

1029 1101 1261 1136 spoponderunt,
1277 1100 1424 1136 privatim,
1449 1100 1551 1136 paucis
1574 1100 1679 1133 verbis,
1695 1100 1730 1128 ad
1758 1099 1851 1128 solam

1029 1145 1259 1173 recordationem
1277 1145 1449 1181 proferenda
1463 1146 1549 1172 sunt:
1565 1153 1614 1172 eos
1629 1144 1707 1172 enim
1729 1144 1854 1172 dicenda

1030 1189 1165 1225 ignorare
1180 1198 1237 1217 non
1252 1190 1386 1217 arbitror.
1408 1192 1502 1217 Antea
1526 1191 1624 1217 autem
1646 1189 1852 1225 exponendum

1031 1237 1077 1262 est
1092 1243 1196 1262 nomen
1214 1234 1349 1262 monachi
1365 1234 1434 1270 quid
1451 1234 1607 1270 signiﬁcet.
1624 1234 1739 1261 Placuit
1751 1233 1854 1269 exqui-

1031 1279 1088 1306 sita
1112 1279 1294 1314 sapientibus
1323 1279 1376 1306 has
1403 1286 1487 1306 voces
1514 1278 1711 1312 solummodo,
1743 1277 1852 1312 solum,

1032 1322 1221 1351 solitudinem
1250 1331 1302 1359 pro
1324 1323 1447 1351 diversis
1471 1322 1606 1359 intelligi,
1637 1323 1721 1359 quasi
1751 1323 1854 1350 homo-

1032 1375 1132 1404 nyma,
1147 1370 1176 1395 et
1190 1367 1326 1403 usurpari
1356 1368 1564 1401 indifferenter,
1585 1367 1662 1395 sicut
1686 1367 1770 1403 panis
1792 1375 1858 1403 pro-

1033 1413 1212 1440 conﬁcicndo
1228 1412 1301 1440 cibo.
1330 1412 1437 1440 Eodem
1462 1413 1547 1439 modo
1572 1412 1660 1439 unica
1682 1412 1782 1439 tunica
1812 1413 1856 1439 est

1033 1457 1209 1489 alicui,cum
1226 1457 1400 1484 vestimento
1430 1456 1511 1484 alteri
1538 1464 1594 1483 non
1621 1456 1768 1491 jungitur,
1797 1463 1854 1491 quo

1034 1501 1163 1533 admoto,
1177 1500 1268 1528 veluti
1284 1502 1409 1536 qundam
1427 1500 1455 1527 in
1473 1500 1688 1534 unione,unicn
1705 1500 1769 1535 jam
1801 1507 1858 1526 non

1033 1547 1078 1573 est
1093 1545 1201 1572 tunica.
1219 1545 1325 1572 Eadem
1343 1545 1455 1572 ratione
1489 1544 1609 1572 unicum
1637 1544 1759 1580 pallium
1786 1543 1858 1570 dici-

1035 1593 1084 1617 tur
1098 1589 1209 1625 aliquis
1227 1589 1343 1625 habere,
1361 1598 1426 1617 cum
1451 1598 1467 1616 a
1483 1589 1606 1624 reliquis
1635 1587 1804 1623 conjunctis
1832 1589 1861 1614 et

155 1641 260 1660 σταται.
284 1631 320 1659 Τὸ
343 1630 372 1659 δὲ
398 1633 495 1668 ὅμοιον
511 1635 650 1671 θεωρεῖται
665 1633 710 1661 καὶ
727 1633 769 1661 ἐπὶ
789 1633 892 1672 μυρίων
909 1633 979 1662 ὅσων

1037 1633 1179 1670 proximis
1189 1634 1318 1662 vestibus
1334 1633 1439 1661 diﬂ‘ert.
1457 1634 1490 1661 Et
1511 1633 1622 1661 similia
1651 1633 1687 1660 de
1713 1631 1860 1660 sexcentis

155 1675 263 1713 ἑτέρων.

190 1752 236 1789 ρξ’.
266 1750 352 1784 Οὗτος
368 1751 401 1787 δὴ
418 1753 432 1780 ὁ
448 1751 530 1791 λόγος
551 1754 565 1781 ὸ
589 1756 648 1781 κατ’
676 1752 789 1788 ἔννοιαν,
813 1755 836 1782 ὧ
867 1755 980 1792 μοναχὶ,

157 1795 232 1828 ὅστις
251 1797 312 1824 ποτ’
325 1797 356 1824 ἂν
379 1796 425 1824 καὶ
441 1795 511 1832 είίης,
535 1798 580 1825 καὶ
603 1799 639 1835 τῇ
655 1798 689 1835 σῇ
712 1798 796 1836 ταύτῃ
817 1798 915 1834 κλήσει
938 1799 982 1837 ἐγ-

155 1841 296 1876 κάθηται.
325 1841 455 1869 Τοιούτου
482 1841 573 1869 τοίνυν
603 1844 648 1870 οἶα
675 1843 721 1870 καί
749 1853 824 1874 τινος
852 1842 982 1880 θεμιλίου

157 1882 385 1922 ὑποϐεϐλημένου
410 1896 473 1922 σοι⁷
502 1886 693 1924 ἀναμνήσομὲν
721 1897 750 1914 σε
780 1887 847 1924 μετὰ
875 1887 980 1925 βραχὺν

157 1929 251 1967 λόγον,
281 1930 319 1962 ὡς
348 1929 380 1957 οὖ
402 1931 460 1958 κατ’
476 1930 555 1958 αὐτὸν
572 1930 741 1968 οἶκοδομιῖς,
772 1932 846 1959 ἇλΛὰ
858 1935 899 1968 τῷ
914 1933 981 1960 ὑπο-

156 1975 276 2011 κειμένῳ
301 1973 427 2011 θεμέθλῳ
456 1975 639 2008 ἀνακόλουθόν
668 1987 710 2004 σοι
738 1976 770 2004 τὸ
799 1977 956 2014 παρόψωμα
973 1998 980 2005 .

152 2019 184 2048 Ὀ
208 2019 259 2057 γὰρ
288 2019 469 2050 ἀποστολικὸς
500 2021 634 2058 μοναχὸς,
649 2021 746 2048 ταυτὸν
774 2020 802 2048 δὶ
818 2021 914 2055 εἰπεῖν,
931 2021 981 2057 μό-

153 2074 211 2098 νος,
237 2062 313 2091 οὐδὶν
326 2064 431 2103 ὀφείλει
447 2063 520 2101 ἔχων
534 2063 604 2092 ἄλλο
621 2066 680 2101 ζῇν,
700 2065 723 2092 εί
741 2065 779 2101 μὴ
795 2065 898 2099 ἑαυτὸν,
915 2064 982 2103 δίχα

155 2106 263 2143 δηλαδὴ
295 2110 474 2146 ωζυγοῦντος
501 2110 536 2142 τῇ
556 2109 614 2136 κατ’
640 2107 780 2147 ἄνθρωπον
810 2111 866 2146 ζωῇ
897 2110 981 2137 ἅπαν-

153 2162 201 2183 τος
216 2152 386 2190 πράγματος,
417 2153 474 2180 οἷον
503 2153 566 2185 ἄτερ
585 2154 675 2191 πήρας
689 2153 733 2180 καὶ
751 2152 909 2191 βαλαντίου,
925 2156 980 2181 τῶν

153 2197 199 2225 καὶ
229 2196 388 2235 ἀχρειωὸὦν
415 2198 459 2225 κηὶ
478 2197 706 2235 μοχθηροτάτωνο
732 2198 756 2225 εἰ
781 2198 826 2226 καὶ
842 2200 900 2230 τοῖς
914 2198 982 2237 ἀφι-

155 2240 294 2278 λιστέροις
318 2241 344 2269 ἰν
373 2244 480 2280 σμικρῷ
493 2242 594 2270 τίθεται
623 2243 641 2277 ἡ
669 2246 720 2278 τῆς
743 2242 846 2270 τούτων
872 2243 981 2280 ἀποχῆς

156 2285 334 2325 παραγγελία.
363 2289 409 2323 Τῷ
434 2286 572 2325 βαλαντίῳ
597 2287 644 2324 μὲν
667 2286 779 2320 ἐνταῦθα
804 2287 818 2315 ὁ
846 2288 981 2325 θησαυρὸς

1037 1678 1102 1706 aliis
1119 1679 1207 1706 rebus
1219 1679 1343 1706 dicenda
1359 1680 1438 1706 sunt.

1074 1755 1133 1782 160.
1151 1755 1216 1782 Haec
1232 1754 1305 1782 ratio
1324 1753 1585 1790 interpretationis,
1601 1761 1617 1781 ο
1637 1752 1790 1785 monacho.
1808 1753 1859 1780 aut

1036 1799 1171 1835 quisquis
1184 1799 1302 1826 tandem
1314 1801 1416 1833 es,tuo
1432 1798 1550 1834 proprio
1566 1797 1677 1826 nomini
1691 1797 1858 1833 adaptatur.

1036 1844 1150 1876 Quo,ut
1165 1843 1422 1877 fundamento,tibi
1438 1843 1600 1878 supposito,
1616 1845 1644 1870 te
1659 1841 1858 1875 monebimus,

1037 1891 1102 1923 post
1117 1897 1210 1924 pauca
1225 1888 1324 1920 verba,
1341 1888 1371 1915 in
1387 1896 1419 1915 eo
1436 1896 1493 1915 non
1505 1887 1655 1920 habitare;
1678 1887 1727 1914 sed
1745 1886 1769 1914 ei
1787 1886 1857 1914 sub-

1037 1935 1085 1960 tus
1106 1932 1217 1968 jacenti
1241 1932 1437 1967 adjiciendam
1462 1940 1526 1960 esse
1549 1931 1639 1959 aliam
1663 1933 1856 1958 structuram.

1036 1977 1220 2013 Apostolicus
1240 1977 1319 2005 enim
1336 1979 1510 2009 monachus,
1532 1976 1574 2004 vel
1591 1976 1668 2012 quod
1697 1976 1774 2003 idem
1804 1978 1858 2009 est,

1037 2021 1195 2057 solitarius,
1210 2021 1304 2049 vivere
1319 2021 1405 2049 debet
1421 2021 1492 2048 nibil
1510 2021 1587 2048 aliud
1604 2020 1758 2056 possidens
1773 2028 1861 2055 quam

1036 2065 1246 2101 seipsum,sine
1253 2065 1313 2093 ulla
1320 2074 1349 2092 re
1357 2065 1423 2093 vita;
1431 2065 1566 2092 humanae
1573 2065 1720 2092 adhaerere
1727 2064 1861 2098 faciente,

1037 2112 1071 2138 ut
1085 2112 1154 2137 sunt
1170 2118 1238 2145 pera
1249 2112 1278 2137 et
1291 2109 1426 2144 loculi,et
1446 2109 1563 2144 quidem
1576 2108 1704 2143 minimi,
1718 2110 1746 2136 et
1756 2107 1859 2135 miser-

1037 2154 1278 2188 rimi,dummodo
1294 2154 1369 2189 apud
1378 2153 1528 2188 simplices
1542 2152 1710 2188 sitalicujus
1721 2151 1862 2179 momenti

1036 2198 1196 2226 admonitio
1213 2198 1249 2226 de
1264 2198 1310 2226 his
1327 2199 1414 2226 rebus
1429 2197 1761 2233 deponendis.Namque
1777 2197 1806 2224 in
1818 2195 1861 2224 lo-

1036 2243 1111 2271 culis
1125 2242 1255 2271 thesauri
1268 2242 1393 2279 depositi
1401 2245 1480 2276 sunt,
1493 2244 1521 2270 et
1537 2243 1566 2269 in
1575 2250 1643 2278 pera
1654 2241 1771 2277 reliquae
1786 2241 1860 2268 divi-

1035 2287 1205 2316 tite.Saccus
1212 2287 1290 2315 enim
1302 2289 1347 2314 est
1354 2289 1465 2323 pera,et
1477 2285 1774 2322 sacculointelligitur
1784 2285 1862 2320 quod

157 2323 381 2367 auecxgéﬂnmt,
395 2323 438 2369 1ft
460 2332 536 2369 πήρᾳ
564 2331 593 2359 δὲ
621 2333 635 2360 ὁ
660 2331 757 2364 λοιπὸς
772 2323 979 2370 χρηματισμός·

1038 2340 1153 2368 cunque
1169 2332 1337 2360 divitiarum
1369 2331 1596 2367 receptaculum.
1627 2330 1693 2358 Tibi
1716 2330 1818 2366 igitur,
1846 2337 1863 2357 ο

159 2376 257 2407 σάκκος
270 2376 320 2414 γάρ
335 2387 377 2408 τις
401 2376 446 2404 καὶ
475 2376 492 2404 ὰ
518 2378 602 2415 πήρα.
630 2379 676 2414 Τῷ
701 2376 730 2405 δὶ
745 2378 850 2414 σακκίῳ
875 2376 984 2415 δοχεῖον

159 2419 227 2446 ἅπαν
260 2423 456 2449 συνεπινοεῖται
491 2421 718 2459 χρηματιστικόν.
753 2422 899 2450 Ἐπίκειται
939 2421 984 2449 οὖν

158 2464 203 2492 καὶ
219 2464 262 2491 σοὶ
289 2464 384 2502 χρέος,
412 2466 435 2492 ὦ
464 2465 622 2505 εἱσαγωγικὲ
648 2467 751 2505 μοναχὶ
780 2467 844 2504 (ἀπὸ
873 2469 921 2494 σοῦ
935 2467 986 2505 γὰρ

157 2508 189 2536 τό
205 2519 236 2547 γε
263 2508 309 2536 νῦν
333 2508 479 2547 ἄρχομαι),
503 2513 703 2549 γεγυμνῶσθαι.
731 2513 820 2539 Τοῦτο
849 2512 901 2549 γάρ
931 2511 986 2539 ἐστι

158 2553 190 2581 τὸ
207 2555 309 2592 χρῆναι
337 2554 382 2582 τὸν
413 2555 533 2592 μοναχὸν
559 2556 652 2584 ἑαυτὸν
666 2556 711 2584 καὶ
738 2556 822 2592 μόνον
839 2555 922 2593 ἔχειν.
939 2559 987 2583 Γε-

155 2597 316 2636 γυμνῶσθαι
340 2598 370 2626 δὲ
392 2609 464 2636 φημι
492 2599 523 2626 οὐ
548 2600 580 2627 τὸ
609 2599 801 2638 περιεοτάλῦαι
818 2599 903 2637 μηδὲν
917 2611 943 2627 τι
959 2599 986 2631 ἐς

158 2640 308 2678 ἀναϐολὴν,
338 2641 536 2680 διατεθειμένον
552 2645 716 2682 Βραχμᾶνος
745 2643 824 2680 δίκην
849 2655 986 2683 γυμνοσο-

160 2689 273 2727 orno-3,
303 2688 371 2715 κατὰ
393 2687 438 2715 τὸν
464 2687 578 2716 πεσόντα
603 2688 633 2716 ἐκ
657 2689 765 2721 κοιλίας
785 2688 845 2727 ἄρτι
871 2690 987 2727 πρώτως

163 2735 299 2770 μητρικῆς
323 2733 349 2768 (ὃ
377 2731 410 2768 δή
443 2742 506 2760 ,ποτε
534 2733 632 2772 ἀγαθὸν
657 2734 702 2762 καὶ
727 2733 872 2772 ἡμετέροις
902 2733 987 2772 ἁγίοις

162 2777 279 2815 Πατράσι
296 2777 453 2815 θαυμασίως
483 2776 655 2816 ινέλαμψιν),
672 2777 747 2806 ἀλλὰ
767 2779 798 2806 τὸ
822 2781 881 2810 τοῖς
907 2779 987 2816 ἀναγ-

161 2821 316 2855 καιοτάτοις
351 2822 506 2860 ἀρκεῖσθαι,
544 2822 590 2850 καὶ
628 2821 713 2860 μηδέν
745 2834 771 2852 τι
806 2825 985 2862 περικεῖσθαι,

145 2889 149 2893 λ
164 2865 239 2905 λόγῳ
255 2865 364 2904 δηλαδὴ
380 2866 584 2906 πιριττότητος.
599 2867 634 2896 Τὸ
651 2866 680 2897 δὶ
690 2868 762 2897 οὕτω
773 2865 986 2908 περιϐεϐλῆσθαι

1041 2377 1184 2405 monacho
1200 2377 1363 2412 recipienda
1379 2378 1408 2410 (a
1424 2379 1451 2404 te
1467 2376 1544 2404 enim
1565 2375 1766 2412 incipiendum
1795 2374 1862 2410 est).

1040 2430 1159 2450 necesse
1172 2424 1215 2449 est
1232 2421 1348 2449 nudari.
1364 2421 1423 2449 Hoc
1439 2421 1581 2455 innuitur,
1602 2428 1668 2447 cum
1681 2419 1788 2447 dicitur
1800 2427 1862 2446 mo-

1041 2466 1168 2494 nachum
1185 2466 1327 2502 seipsum,
1344 2468 1372 2493 et
1386 2474 1418 2493 se
1433 2465 1529 2493 solum
1550 2473 1614 2493 esse
1643 2472 1862 2500 possessurum.

1042 2511 1151 2539 Nudari
1162 2510 1238 2545 dico,
1259 2518 1316 2538 non
1326 2509 1398 2538 nihil
1415 2510 1598 2538 induendum
1613 2517 1738 2543 servare,
1757 2517 1815 2536 non
1831 2515 1862 2536 se

1041 2556 1149 2584 habere
1163 2555 1256 2584 instar
1279 2554 1475 2583 Brachmanni
1503 2554 1761 2591 gymnosophistae,
1786 2553 1866 2581 velut

1042 2600 1149 2636 aliquis
1165 2600 1332 2637 nuperrime
1347 2600 1524 2635 egressusde
1539 2601 1639 2627 ventre
1654 2599 1758 2626 matria
1775 2598 1866 2634 (quod

1043 2645 1153 2673 bonum
1170 2645 1247 2680 apud
1263 2647 1379 2672 nostros
1395 2646 1513 2672 sanctos
1530 2644 1630 2671 Patres
1652 2643 1726 2670 mire
1750 2641 1866 2677 enituit)

1042 2690 1092 2718 sed
1119 2690 1206 2718 rebus
1231 2689 1406 2717 necessariis
1431 2691 1601 2717 contentum
1625 2696 1702 2722 esse,
1731 2685 1865 2721 nihilque

1042 2735 1224 2763 circumdare
1240 2734 1434 2770 superfluum.
1446 2735 1481 2762 Et
1496 2734 1703 2762 indumentum
1719 2731 1787 2766 hoc,
1813 2730 1864 2759 ali-

1043 2788 1100 2816 quo
1117 2779 1203 2808 modo
1219 2779 1345 2807 nuditati
1361 2787 1419 2807 non
1430 2778 1585 2812 dissimile,
1597 2776 1760 2814 quamlibet
1778 2775 1867 2804 aliam

1041 2826 1151 2853 vestem
1167 2823 1304 2859 excludit,
1319 2823 1387 2859 quia
1399 2823 1472 2852 satis
1487 2825 1542 2857 est,
1567 2826 1595 2851 et
1619 2822 1688 2858 quia
1713 2820 1866 2849 retinenda

1041 2870 1087 2898 est
1097 2868 1175 2899 dicta
1189 2867 1317 2898 solitudo
1332 2867 1486 2898 monachis
1501 2875 1640 2904 congrua.
