2018 3158
186 198 245 228 863

575 197 784 228 EUSTATHII
806 194 1191 228 THESSALONICENSIS
1213 193 1505 225 METROPOLITAS

1838 193 1898 224 864

186 262 352 300 γυμνωσιώς
366 272 426 290 τινα
443 262 525 300 λόγον
542 260 617 300 ἔχον,
634 260 762 290 suam“
774 264 860 290 πᾶσαν
878 260 967 297 ἄλλην
981 259 1115 299 περίθεσιν
1131 258 1176 288 διὰ
1189 260 1221 288 τὸ
1235 258 1378 298 αὔταρκες,
1392 258 1438 287 καὶ
1452 257 1597 298 φυλάττειν
1611 258 1637 286 iv
1659 257 1702 285 σοὶ
1717 258 1769 292 τήν
1784 257 1896 295 εἰρημέ-

187 317 236 342 νην
254 307 370 344 μόνωσιν
385 308 436 342 τὴν
452 310 585 345 μοναχοῖς
600 307 766 344 πρέπουσαν.

225 361 286 389 161,
306 361 374 389 Vere
391 361 517 389 maxime
534 361 734 389 necessarium
766 363 811 389 est
837 360 921 396 panis
950 360 1011 387 {ru-
1026 359 1055 393 Α

189 407 288 438 stum;
304 409 333 433 et
349 414 431 442 aequo
448 406 595 433 modicum
610 406 721 439 vinum,
737 405 872 433 similiter
883 407 911 433 et
927 405 1012 432 obso-

191 451 274 478 nium
291 451 451 478 modicum.
480 451 546 483 Qus:
575 459 642 478 cum
673 450 775 486 habes,
803 449 901 486 aliquo
927 449 1012 477 modo

191 498 224 524 ut
241 495 404 523 monachus
421 503 477 523 non
494 495 555 530 agis
567 496 786 522 sntemundum
802 494 905 530 (habes
934 493 1013 521 enim

193 539 292 575 aliqua
312 539 424 567 ratione
447 540 628 575 conjuncta),
655 539 705 567 sed
729 539 786 567 alio
814 539 901 566 modo
929 547 1014 566 verus

195 583 357 611 monachus
372 583 490 611 videris.
508 582 626 610 lnutilia
636 583 713 611 enim
731 592 747 610 a
763 586 792 611 te
815 582 960 616 amovisti,
987 584 1015 610 et

193 630 297 655 cetera
313 627 421 663 quibus
437 627 574 663 conjungi
592 635 709 655 necesse
724 636 781 655 non
797 630 841 655 est
864 627 1014 655 hominem

193 671 258 699 vitm
274 671 451 699 continentis
466 671 620 707 cupidum,
642 680 699 699 non
724 671 912 707 passionibus
937 670 1016 698 dedi-

192 718 268 748 tum,
303 723 354 743 nec
383 716 574 744 necessitates
605 715 752 744 naturales
777 715 1015 752 praetergredien-

192 762 264 788 tem.
281 759 391 788 Taliter
406 761 500 788 vivere
516 761 540 788 si
556 761 684 797 potueris
700 761 741 796 (et
765 763 847 796 potes
873 759 1014 794 omnino),

194 806 228 831 ut
243 803 367 839 elegisti,
384 804 414 832 in
431 804 590 843 solitudine
613 804 693 832 vivus
711 805 850 840 deinceps
875 806 940 840 post
970 803 1014 831 in-

194 857 328 884 gressum
344 851 438 877 tuum.
454 849 480 876 Si
493 851 590 877 autem
615 848 797 885 impossibile
821 849 882 876 fore
909 856 1014 883 cogno-

193 892 281 927 veris,
297 893 444 929 egredere.
457 894 498 921 Ad
514 893 570 921 hoc
583 893 661 922 enim
691 893 744 920 tibi
773 902 789 921 a
817 893 918 930 regula
943 896 1016 920 tem-

193 945 249 974 pus
279 937 458 974 recogitandi
483 940 528 965 est
553 940 783 971 concessum,ut
810 937 940 965 conﬁsus
969 945 1015 964 re-

194 984 366 1016 maneas,et
386 981 521 1010 diffidens
551 982 648 1009 abeas.
673 982 728 1009 Sed
754 981 960 1014 considerasti,
985 981 1016 1009 in

193 1026 295 1054 limine
323 1030 424 1055 sancto
443 1026 614 1061 constitisti,
630 1026 706 1054 inter
731 1034 815 1054 sacra
844 1024 1016 1054 benedictus

195 1080 236 1107 es,
248 1073 277 1099 et
291 1073 400 1099 vestem
416 1071 605 1106 apostolicam
628 1070 762 1099 induisti.
795 1070 924 1098 Remane
947 1077 1016 1106 ergo

196 1115 281 1151 quasi
295 1115 483 1151 apostolicus,
500 1117 529 1143 et
546 1123 612 1143 mox
627 1115 814 1152 evangelious
843 1113 1016 1143 monachus.

196 1161 230 1188 Et
256 1159 364 1196 duplici
388 1159 473 1188 modo
495 1160 674 1193 remansbis,
705 1167 763 1187 non
804 1159 1017 1187 circumvolans

197 1207 306 1238 mente,
335 1204 439 1241 potiori
466 1207 547 1240 parte
590 1206 701 1232 natura
737 1206 805 1240 tum,
848 1211 902 1231 nec
944 1212 1018 1231 usus

197 1256 316 1284 corpore
331 1249 367 1276 ad
385 1248 510 1276 liberum
526 1248 691 1276 arbitrium.
709 1247 798 1276 Aliter
812 1247 890 1276 cnim
915 1248 1017 1284 jussus

197 1292 374 1326 ministrare,
395 1292 498 1328 exibis,
513 1295 541 1320 et
569 1293 675 1320 iterum
710 1293 817 1320 redibis
843 1292 1016 1328 monachus,

196 1336 295 1372 qualis
307 1335 428 1370 exieras,
445 1336 619 1373 impollutus
641 1339 738 1365 mente
771 1339 800 1365 et
822 1345 953 1372 corpore.
983 1337 1018 1364 Et

197 1380 311 1416 siquid
337 1381 469 1409 redeunti
498 1381 683 1409 referendum
711 1384 766 1416 est,
787 1382 822 1410 ad
851 1381 1018 1418 exemplum

198 1423 261 1460 apis
277 1425 418 1453 studiosae
439 1425 467 1452 id
493 1433 572 1461 ages,
598 1434 702 1461 nempe
725 1425 845 1462 colliges
873 1427 902 1454 et
931 1426 1016 1458 feres,

197 1469 246 1497 ubi
264 1469 428 1506 contigerit,
445 1469 562 1506 aliquod
583 1470 692 1498 bonum
721 1469 765 1498 vel
795 1469 944 1505 corporale
965 1471 1017 1498 do-

196 1522 267 1542 num
289 1514 485 1542 christianum
513 1523 548 1542 ex
574 1515 674 1550 aliqua
694 1518 776 1550 parte
799 1515 835 1542 ad
859 1515 1016 1542 utilitatem

197 1559 381 1593 monasterii,
399 1558 443 1587 vel
459 1559 611 1595 spirituale
627 1560 688 1587 sive
703 1559 813 1588 sanctis
829 1559 1016 1587 sermonibus

195 1603 315 1637 auditis,
337 1604 396 1631 sive
419 1604 476 1639 piis
496 1603 651 1632 desideriis
675 1604 705 1632 in
726 1606 855 1632 mentem
878 1603 1016 1640 acceptis.

194 1648 298 1683 Sicque
326 1648 438 1684 aliquid
468 1649 504 1676 ab
534 1648 728 1676 exterioribus
748 1647 892 1684 lucratus,
924 1649 1017 1684 major

194 1693 300 1721 evades
316 1695 433 1729 propter
447 1693 655 1728 egressionem.
675 1693 793 1728 Absque
804 1693 892 1728 jussu
917 1695 1015 1721 autem

194 1746 248 1766 nec
261 1737 435 1766 vilissimam
450 1737 619 1774 lanuginem
635 1737 749 1765 auferre
764 1737 871 1765 licebit.

232 1881 292 1909 162.
317 1880 364 1908 Sic
391 1888 460 1916 ergo
486 1880 664 1917 explicatum
693 1880 831 1908 monachi
870 1888 976 1908 nomen
1001 1889 1018 1908 ιι

200 1924 283 1952 nobis
307 1925 527 1953 consideratum
553 1930 606 1959 est,
636 1933 731 1961 neque
766 1924 868 1961 procul
897 1933 914 1953 θ.
939 1927 1018 1953 recte.

198 1968 321 2003 ratione,
335 1971 368 1996 ut
383 1969 518 1997 arbitror.
534 1970 594 1998 Sub
616 1969 673 1998 alio
702 1971 836 2006 respectu
862 1970 939 1998 idem
965 1978 1018 1998 no-

199 2021 266 2041 men
281 2012 517 2050 licetinquirere.
534 2015 616 2049 Apud
633 2014 788 2050 plerosque
805 2014 886 2042 solus
913 2023 1017 2050 quam-

198 2057 266 2085 dem
281 2057 483 2086 excellentiam
498 2061 608 2086 naturis
618 2061 681 2094 μοι
694 2059 806 2086 numeri
835 2059 951 2095 proprie
977 2059 1017 2086 si-

197 2102 326 2138 gniﬁcat,
341 2106 369 2131 et
393 2102 470 2131 hanc
497 2103 584 2131 modo
612 2102 802 2137 laudabilem,
832 2111 897 2131 eam
920 2106 1019 2132 tamen

198 2147 356 2184 aliquando
385 2148 611 2184 vituperandam
654 2156 718 2176 esse
755 2155 840 2175 nemo
882 2148 1013 2183 negabit.

200 2192 350 2219 Invenitur
365 2200 433 2228 ergo
449 2192 557 2228 aliquis
577 2192 657 2220 solus
686 2193 781 2220 dictus
803 2192 880 2228 apud
908 2195 1019 2221 veteres

200 2235 402 2272 philosophos,
430 2239 459 2264 et
481 2237 562 2265 solus
603 2237 679 2265 inter
702 2237 817 2265 dicendi
842 2237 963 2273 peritos,
992 2239 1021 2265 et

199 2281 301 2308 eodem
325 2281 411 2308 modo
440 2281 517 2310 inter
539 2282 649 2318 justos,
675 2283 726 2309 aut
753 2281 826 2310 alios
850 2281 1021 2309 fortitudine

199 2324 385 2361 conspicuos.
402 2325 496 2354 Solum
506 2326 612 2354 iterum
626 2334 643 2353 a
658 2326 835 2362 quibusdam
844 2326 1022 2354 transfertur

199 2369 234 2395 ad
252 2368 408 2404 malitiam,
435 2370 482 2398 cui
514 2371 662 2407 pessimus
688 2369 824 2398 diabolus
851 2370 1019 2406 praeficitur.

1105 357 1168 394 ρξα’.
1192 357 1418 395 ’Δναγκαιότατον
1447 357 1462 384 ὁ
1485 355 1583 393 ψωμός
1598 365 1605 372 ⁶
1632 355 1672 387 εἲς
1696 354 1758 383 ’ἴσον
1786 354 1896 393 ἔρχαται

1066 402 1111 429 καὶ
1149 402 1258 440 μέτριος
1296 402 1378 433 οίνος’
1418 402 1515 438 ὅμοιον
1546 401 1646 428 καὶτὸ
1674 403 1787 438 σῶφρον
1817 398 1896 437 ὄψον.

1066 447 1157 475 Ταῦτα
1180 444 1265 485 ἔχων,
1289 446 1390 485 τρόπον
1415 445 1462 482 μέν
1485 456 1543 474 τινα
1570 445 1619 473 οὐκ
1642 445 1797 484 ἀναστρέφῃ
1819 455 1900 481 μονα-

1068 490 1119 529 χὸς
1150 490 1176 518 ἐν
1205 491 1302 528 κόσμῳ
1332 489 1418 528 (ἔχεις
1443 490 1494 528 γάρ
1521 501 1547 518 τι
1575 490 1701 518 ὁπωσοῦν
1733 488 1897 527 συζυγοῦν)·

1067 536 1168 574 τρόπον
1185 534 1215 564 ὃὶ
1229 534 1316 563 ἄλλον
1331 534 1438 570 ἀληθὴς
1466 534 1588 575 πέφηνας
1619 534 1753 572 μοναχός.
1771 534 1902 569 ’Δπέζιυ-

1069 581 1113 617 ξας
1129 580 1182 618 γὰρ
1209 581 1322 608 σεαυτοῦ
1346 580 1381 608 τὰ
1405 580 1529 617 περιττὰ,
1552 579 1597 607 καὶ
1622 578 1672 606 ὅσα
1688 579 1728 616 μὴ
1753 579 1899 616 ἀναγκαῖον

1069 625 1244 662 συνεζεῦχθαι
1283 626 1323 660 τῷ
1359 623 1574 662 ἐγκρατευτικῶς
1614 625 1661 661 ζῇν
1703 633 1898 661 πραγματευο-

1071 668 1153 706 μένῳ,
1175 669 1230 706 οὐχ
1254 669 1426 706 ὑπιρπαθῶς,
1454 668 1491 700 ὡς
1516 666 1685 705 ὑπερϐαίνειν
1709 668 1757 696 καὶ
1781 669 1833 702 τὴν
1850 679 1899 707 φυ-

1068 714 1147 748 σικὴν
1177 713 1321 748 ἀπαίτησιν
1337 734 1344 741 .
1384 712 1417 742 Et
1456 713 1503 749 μὶν
1536 713 1581 740 οὖν
1610 711 1719 740 δύνασαι
1749 712 1798 749 ζῇν
1828 712 1900 740 οὕτω

1070 758 1189 794 (πάντως
1223 756 1251 785 δέ
1288 756 1422 795 δύνασαι),
1451 757 1521 790 καθὰ
1543 758 1587 785 καὶ
1611 756 1755 795 προείλου,
1785 760 1849 792 ζῆθι
1875 757 1900 784 iv

1068 804 1103 840 τῇ
1121 804 1192 839 μονῇ
1214 804 1263 830 τοῦ
1279 801 1378 830 λοιποῦ
1404 802 1471 839 μετὰ
1493 802 1542 836 τὴν
1564 801 1725 838 εἰσδρομήν·
1752 801 1775 829 si
1798 800 1827 829 δὶ
1855 812 1902 828 κα-

1069 846 1244 885 ταγινώσκεις
1260 847 1298 883 μὴ
1315 846 1346 874 ἃν
1369 845 1541 881 δυνήσεσθαι,
1565 846 1719 883 ἆπόδραμι.
1744 846 1795 877 Εἰς
1816 849 1900 874 τοῦτο

1069 892 1121 930 γὰρ
1145 891 1190 918 καὶ
1212 891 1313 929 χρόνος
1337 890 1521 918 κικανόνισταί
1555 901 1596 918 σοι
1627 890 1765 928 σκέψεως,
1800 889 1850 918 ’ίνα
1882 891 1899 925 ἦ

1070 935 1176 974 θαρῥῶν
1198 935 1377 974 παραμιίνῃς,
1406 934 1425 969 ἢ
1451 936 1489 971 μὴ
1505 935 1645 968 πεποιθὼς
1660 934 1794 967 ἀπέλθὰς.
1812 933 1902 963 Ἀλλὰ

1072 980 1127 1017 μὴν
1147 980 1193 1007 καὶ
1217 980 1332 1017 ἐσκέψω,
1354 979 1399 1007 καὶ
1424 980 1537 1012 κατέθου
1560 979 1604 1007 ἰπὶ
1628 982 1677 1007 τοῦ
1697 980 1773 1016 ἱεροῦ
1797 979 1845 1006 καὶ
1870 979 1900 1006 σὺ

1072 1025 1206 1063 βήματος,
1229 1024 1273 1052 καὶ
1289 1024 1443 1062 εὖλογήθης
1456 1024 1548 1062 ὶερῶς,
1573 1024 1616 1052 καὶ
1633 1025 1682 1060 τήν
1709 1024 1899 1058 ἀποπολικήν

1071 1067 1187 1097 ένεδύσω
1212 1067 1325 1104 στολήν.
1351 1068 1492 1106 Παράμενε
1519 1069 1610 1097 τοίνυν
1639 1069 1677 1100 ὡς
1701 1067 1898 1102 ἀποστολικὸς,

1070 1114 1169 1142 αὐτίκα
1198 1113 1226 1142 δὶ
1247 1114 1291 1141 καὶ
1314 1113 1488 1151 ιύαγγιλικὸς
1512 1113 1643 1151 μοναχός.
1669 1116 1843 1152 Παραμενεῖς
1871 1111 1900 1140 ὂὶ

1072 1157 1172 1196 διχῶς,
1197 1159 1267 1195 μήτε
1280 1159 1315 1195 τῇ
1331 1159 1407 1196 ψυχῇ
1424 1155 1474 1193 ἔξω
1494 1155 1676 1196 ῥεμϐόμενος,
1692 1160 1733 1194 τῷ
1763 1158 1901 1196 κρείττονι

1071 1203 1180 1234 πάντως
1205 1203 1279 1240 μέρει
1300 1206 1350 1238 τῆς
1374 1202 1441 1230 κατᾶ
1461 1203 1490 1230 ci
1514 1201 1655 1240 διαρτίας,
1680 1202 1753 1240 μηδέ
1779 1203 1836 1239 μὴν
1862 1204 1904 1238 τῷ

1072 1248 1178 1284 σώματι
1202 1247 1415 1285 καταχρώμενος
1441 1246 1479 1279 εἷς
1501 1247 1681 1283 αὐτεξούσιεν.
1707 1246 1826 1278 ’Δλλως
1850 1247 1903 1284 γὰρ

1072 1290 1205 1319 διακονεῖν
1243 1291 1462 1329 έπιτεταγμένος,
1494 1290 1640 1329 έξελιύσῃ·
1664 1291 1711 1320 καὶ
1739 1291 1820 1324 αὖθις
1846 1291 1905 1319 εἶσ-

1072 1335 1169 1373 ελιύσῃ
1204 1336 1335 1374 μοναχὸς,
1374 1336 1469 1368 ὁποῖος
1494 1336 1539 1364 καὶ
1563 1336 1685 1372 ἐξῆλθες,
1710 1337 1830 1374 καθαρὸς
1855 1336 1901 1363 καὶ

1073 1382 1153 1417 σῶμα
1166 1380 1212 1408 καὶ
1224 1381 1328 1419 ψυχήν.
1352 1380 1388 1408 Εἴ
1405 1391 1431 1408 τι
1456 1379 1485 1409 δὶ
1507 1381 1553 1409 καὶ
1578 1384 1777 1420 συνεισαγαγιῖν
1808 1379 1901 1416 διήσιι

1072 1425 1098 1453 iv
1120 1427 1156 1463 τῇ
1183 1425 1388 1464 ἐπαναστροφῇ,
1417 1426 1485 1453 κατὰ
1513 1425 1628 1463 μίμησιν
1661 1426 1727 1454 αὐτὸ
1762 1425 1902 1465 φιλιργοῦ

1074 1468 1206 1506 μελίσσης
1231 1471 1368 1506 ποιήσεις,
1394 1470 1582 1508 ἀνθολογήσας
1603 1470 1711 1506 δηλαδή
1734 1471 1778 1498 καὶ
1811 1470 1903 1508 οέρων

1072 1515 1183 1553 ἀγαθὸν,
1204 1514 1229 1543 εἴ
1257 1515 1303 1552 μὲν
1332 1515 1492 1553 παραπέσῃ,
1519 1516 1563 1543 καὶ
1593 1516 1748 1552 σωματικὸν
1783 1513 1902 1547 ἔκποθεν

1072 1558 1255 1599 φιλοχρίστου
1282 1559 1384 1599 δωρεᾶς
1409 1559 1448 1592 εἷς
1473 1559 1606 1600 ὠφέλειαν
1628 1562 1663 1598 τῇ
1690 1561 1773 1598 μον-ᾗ
1805 1559 1904 1591 ἄλλως

1073 1603 1102 1632 δέ
1116 1614 1147 1642 γε
1171 1604 1334 1642 νοερώτιρον
1361 1604 1387 1632 έν
1411 1607 1452 1641 τῷ
1475 1604 1493 1640 ἢ
1516 1603 1614 1644 λόγους
1629 1604 1745 1642 ἀγαθοὺς
1769 1604 1903 1632 ivi-ntea-

1071 1649 1142 1683 σθαι,
1167 1648 1185 1683 ἢ
1214 1648 1358 1684 ένθυμήσει
1382 1649 1484 1687 ἀγαθὰς
1514 1649 1707 1677 ιὶσοικίσασθαι
1742 1649 1770 1676 iv
1810 1651 1901 1686 ψυχῇ.

1072 1693 1120 1720 Καὶ
1149 1692 1224 1720 οὕτω
1244 1691 1341 1731 κέρδος
1365 1703 1390 1720 τι
1422 1690 1518 1728 ἔξωθεν
1542 1694 1738 1732 πορισάμενος,
1763 1692 1844 1731 ἔχοις
1871 1693 1901 1721 ἂν

1072 1736 1144 1765 οὕτω
1160 1737 1337 1774 σεμνύνασθαι
1353 1735 1399 1764 διὰ
1418 1741 1469 1772 τῆς
1483 1737 1652 1773 έξιλεύσιως.
1677 1739 1848 1777 Ἑκφορῆσαι
1875 1736 1904 1765 δέ

1071 1791 1104 1819 γι
1115 1785 1165 1817 τῆς
1183 1785 1268 1819 μονῆς
1282 1780 1346 1820 δίχι)
1361 1781 1510 1814 κιλεύσιως
1536 1781 1600 1811 οὖδὶ
1615 1781 1702 1820 ἄχνην
1727 1781 1902 1817 λεπτοτάτην

1071 1826 1173 1862 ἇξέσται
1185 1837 1238 1855 σοι.

1107 1880 1174 1917 pEB'.
1190 1877 1268 1907 Ἀλλ’
1293 1879 1364 1907 οὕτω
1392 1880 1438 1917 μὲν
1464 1881 1532 1917 ἡμῖν
1557 1881 1575 1916 ἠ
1598 1883 1646 1908 τοῦ
1661 1882 1784 1919 μοναχοῦ
1798 1879 1902 1916 κλῆσις

1071 1923 1260 1962 ἀκιπτυγμὲνη
1294 1924 1473 1962 τεθεώρηται,
1510 1924 1560 1953 οὔκ
1587 1922 1649 1962 ἔξω,
1679 1926 1769 1962 οἶμαι,
1794 1924 1901 1962 ἆγαοοῦ

1072 1968 1166 2006 λόγου.
1182 1969 1258 1996 ’Ἐστι
1283 1967 1312 1996 δὶ
1335 1968 1379 1996 καὶ
1399 1970 1459 1996 καθ’
1480 1969 1598 2007 έτιροίαν
1614 1967 1748 2004 επιϐολὴν
1772 1970 1804 1997 τὸ
1834 1969 1901 1997 αὐτὸ

1072 2012 1210 2045 διαθέσθαι
1226 2011 1323 2050 ὄνομα.
1338 2014 1370 2042 Ὀ
1395 2014 1478 2050 μόνος
1494 2013 1520 2041 ἐν
1536 2013 1655 2047 πολλοῖς
1677 2015 1821 2052 ὑπεροχήν
1839 2025 1901 2042 τινα

1073 2057 1185 2093 ίδιάζιιν
1216 2057 1292 2086 δοκεῖ
1321 2057 1413 2090 οὐσίας
1431 2080 1438 2093 ,
1472 2057 1527 2086 εἴτι
1554 2059 1711 2095 ποιότητος·
1741 2058 1788 2086 καὶ
1813 2059 1902 2092 αὐτῆς

1073 2103 1118 2130 ὁτὲ
1145 2103 1192 2140 μὶν
1215 2102 1424 2139 έπαινουμένης·
1441 2103 1492 2130 οὐκ
1518 2102 1548 2130 ἂν
1577 2102 1607 2131 δὶ
1635 2102 1707 2131 εἴποι
1731 2113 1773 2134 τις
1798 2103 1838 2134 ὡς
1862 2104 1902 2140 μή

1072 2149 1117 2176 καὶ
1142 2149 1293 2186 ψεγομένης
1321 2149 1413 2186 ἑτέρας
1443 2147 1514 2176 ἔστιν
1543 2149 1586 2178 οὗ.
1614 2148 1735 2187 Εὕρηται
1763 2151 1829 2187 γοῦν
1858 2159 1902 2180 τις

1074 2193 1295 2231 ἀποτεταγμένος
1322 2193 1405 2230 μόνος
1429 2192 1455 2220 iv
1477 2192 1638 2232 φιλοσόφοις
1651 2196 1711 2225 τοῖς
1737 2192 1836 2229 πάλαι,
1857 2193 1901 2221 καὶ

1077 2237 1169 2274 μόνοις
1194 2236 1221 2265 iv
1241 2239 1302 2269 τοῖς
1324 2237 1479 2276 ῥητορεύειν
1502 2237 1679 2275 ἠσκημένοις·
1707 2237 1780 2266 οὕτω
1804 2237 1835 2266 Si
1855 2237 1901 2265 καὶ

1074 2280 1101 2309 ξν
1130 2280 1242 2316 δικαίοι,
1266 2281 1310 2309 καὶ
1335 2283 1377 2314 οἷς
1404 2283 1422 2317 ἡ
1447 2280 1541 2321 ἀνδρία
1562 2283 1712 2320 προσέσχεν
1727 2304 1733 2311 .
1763 2282 1900 2320 Ἀπηνέγ-

1073 2336 1140 2354 κατο
1156 2325 1186 2354 ai
1207 2336 1249 2358 τις
1266 2325 1352 2358 ἄλλος
1375 2327 1406 2354 τὸ
1436 2330 1553 2365 μονῆρες
1577 2327 1622 2355 καὶ
1639 2327 1665 2355 ὲν
1679 2327 1769 2363 κακία,
1784 2327 1819 2362 ἧς
1835 2337 1899 2364 πρι-

1073 2370 1188 2407 κάθηται
1202 2371 1216 2398 ὁ
1239 2371 1392 2410 ἀρχέκακος
1406 2370 1521 2408 δαίμων.
1549 2372 1577 2400 '0
1600 2371 1690 2400 τοίνυν
1716 2371 1794 2404 ίδίως
1816 2371 1898 2410 λεγό-

199 2412 253 2444 Ουί
269 2421 337 2449 ergo
350 2415 428 2450 apud
439 2416 604 2443 mundanus
615 2415 751 2443 homines
766 2414 928 2443 monachus
952 2423 1017 2451 pro-

1075 2425 1156 2452 μινος
1185 2416 1307 2453 μοναχὸς
1327 2415 1353 2443 ἔν
1368 2418 1428 2448 τοῖς
1443 2417 1510 2444 κατᾶ
1522 2417 1626 2454 κόσμον
1643 2417 1806 2453 ἀνθρώποις,
1822 2416 1898 2448 ὅστις

199 2457 261 2493 prie
276 2458 393 2493 dicitur,
408 2459 544 2496 quisquis
558 2459 864 2496 est,'solivagus,sicut
877 2462 907 2488 et
919 2459 1019 2489 solita-

197 2502 260 2530 rius
274 2503 369 2531 veraci
379 2504 497 2532 nomine
513 2504 662 2539 dicitur,st
672 2504 756 2532 facile
767 2503 865 2538 solus;
882 2512 940 2532 non
950 2513 1020 2541 pro-

196 2547 273 2574 fecto
289 2550 408 2583 propter
436 2548 578 2577 malitiam
606 2557 693 2585 quam
724 2548 839 2585 fugiens
868 2549 955 2577 exivit
983 2550 1020 2578 de

195 2591 295 2628 vulgo,
306 2600 337 2620 es
353 2593 388 2620 de
403 2593 625 2627 communitate,
640 2597 668 2621 et
683 2593 770 2630 eleglt
787 2594 1017 2630 monasterium;

197 2637 247 2665 sed
265 2637 440 2666 manifestus
455 2640 572 2675 propter
586 2638 734 2667 virtutem.
752 2639 785 2666 Et
807 2638 928 2675 insuper
955 2647 1018 2667 mo-

197 2681 311 2709 nachus
341 2682 371 2710 in
413 2683 511 2711 divina
544 2683 726 2711 sublimitate
769 2682 850 2711 solus
888 2685 943 2718 est,
967 2684 1018 2719 qui

198 2727 445 2763 apprOpinquavit
473 2728 509 2755 ad
529 2730 620 2756 Deum
653 2736 720 2756 vere
748 2727 844 2756 solum
877 2728 1017 2762 bonitate,

197 2772 362 2799 secundum
372 2771 457 2800 illum
473 2772 617 2800 formatus
643 2775 698 2808 est,
726 2771 887 2808 insignitus
915 2774 972 2809 est,
988 2775 1018 2802 et

197 2813 227 2841 in
242 2815 292 2843 illo
307 2816 471 2853 evangelica
482 2823 654 2852 permanere
669 2817 790 2846 edoctus
801 2818 856 2852 est,
872 2825 908 2845 ne
936 2819 1018 2847 extra

198 2864 265 2886 sum
280 2859 451 2890 vulneratus
466 2860 544 2890 mala
571 2863 699 2891 extreme
727 2861 865 2898 patietur.
896 2863 1018 2899 Propter

1073 2460 1134 2488 ποτ’
1167 2459 1196 2487 ἂν
1232 2459 1277 2487 καὶ
1310 2458 1364 2496 εἴη,
1402 2462 1526 2499 μονήρης
1549 2461 1605 2489 ἐστὶ
1628 2462 1673 2489 καὶ
1696 2461 1778 2493 αὐτὸς
1806 2471 1898 2501 φιρω-

1073 2504 1172 2541 νυμίας
1192 2503 1278 2543 λόγῳ,
1302 2505 1395 2533 καθότι
1419 2506 1464 2533 καὶ
1483 2507 1618 2543 μονάζων’
1633 2506 1711 2538 εὐθὺς
1735 2505 1764 2534 δὲ
1782 2506 1828 2534 καὶ
1846 2506 1896 2542 μό-

1073 2558 1128 2580 νος·
1154 2547 1247 2576 καὶοῦ
1277 2547 1365 2585 δήπου
1389 2549 1439 2585 τὴν
1464 2549 1569 2585 κακίαι,
1592 2551 1623 2586 ἣν
1649 2550 1756 2589 φεύγων
1783 2549 1900 2586 ἰξετοπί-

1074 2599 1123 2629 σθη
1152 2593 1199 2631 μὶν
1220 2595 1269 2621 τοῦ
1292 2596 1386 2622 κοινοῦ
1400 2594 1445 2622 καὶ
1462 2594 1581 2630 πολλοῦ,
1595 2595 1684 2624 εἵλετο
1713 2594 1743 2623 δὲ
1755 2595 1787 2623 τὸ
1815 2605 1897 2632 μονα-

1073 2639 1165 2676 χικὸν,
1180 2637 1253 2666 ἀλλᾶ
1279 2639 1330 2673 τὴν
1347 2639 1444 2675 ἀρετὴν
1471 2637 1616 2676 δήπουθεν.
1645 2639 1695 2667 Καὶ
1720 2637 1775 2667 ιιι-ιι
1799 2639 1895 2667 λοιπὸν

1073 2683 1087 2710 ὁ
1118 2683 1240 2720 μοναχὸς
1266 2682 1291 2710 iv
1312 2683 1395 2721 ὲξοχῇ
1421 2683 1558 2716 θειότατος
1585 2685 1679 2721 μόνος,
1709 2684 1747 2717 ὡς
1770 2684 1814 2712 οἷα
1838 2685 1896 2720 Θιῷ

1071 2729 1285 2766 προσχωρήσας,
1323 2730 1363 2765 τῷ
1393 2727 1504 2763 ἀληθῶς
1537 2729 1613 2766 μόνῳ
1646 2730 1696 2765 τὴν
1730 2729 1893 2768 ἁγαθότητα,

1071 2772 1115 2800 καὶ
1140 2773 1209 2810 πρὸς
1239 2771 1341 2800 ἐκεῖνον
1378 2774 1513 2805 τυπωθεὶς
1528 2795 1536 2809 ,
1564 2774 1610 2802 καί
1638 2774 1892 2812 χαρακτηρισθεὶς,

1070 2817 1116 2845 καὶ
1146 2816 1233 2854 μένειν
1263 2817 1447 2856 ιῦαγγῑλικῶς
1471 2817 1497 2846 iv
1510 2817 1603 2856 έκιίνῴ
1628 2818 1752 2857 ταχθείς·
1777 2817 1825 2846 ἵνα
1853 2818 1890 2855 μὴ

1070 2861 1123 2900 ιεω
1147 2860 1271 2900 βληθιΐς,
1286 2863 1368 2896 πάθοι
1389 2863 1424 2891 τὰ
1448 2861 1586 2893 πάνδεινα.
1612 2866 1691 2892 Ὥστε
1716 2863 1777 2892 κατ’
1805 2863 1890 2902 ιξαίρε
