2018 3158
131 172 191 203 865

632 171 685 202 DE
706 169 950 202 EMENDANDA
970 169 1064 200 VITA
1090 170 1335 202 MONAGHICA.

1775 172 1836 202 866

128 247 176 265 τον
205 238 303 276 ἀριτήν
327 237 502 275 ὑπεροχικῶς
516 237 531 264 ὁ
548 236 670 274 μοναχὸς
698 235 866 273 ὠνόμασται,
883 240 955 267 euo-

1025 236 1157 272 nsignem
1182 237 1274 274 igitur
1299 238 1437 266 virtutem
1472 239 1634 267 monachus
1663 238 1838 267 excellenter

127 283 210 318 τάτην
237 282 338 318 ταύτην
367 280 584 320 περιδυσάμενος

132 337 227 364 ματος.

167 371 231 410 ρξγ’.
248 370 321 407 Δῧτη
339 369 450 409 δευτέρα
470 371 539 407 ἡμῖν
564 369 655 398 ἔννοια
678 369 823 408 Ξρμηνείας
851 369 894 397 ἐπὶ
919 371 959 405 τῷ

134 417 261 454 μοναχῷ,
290 417 329 452 τῷ
369 412 538 452 ἀξυμϐλήτῳ
578 415 644 453 πρὸς
671 414 736 446 τοὺς
764 415 889 448 Λοιποὺς,
919 414 959 450 τῷ

132 460 295 498 ἀσυγκρίτῳ,
310 461 349 496 τῷ
379 458 564 496 ἀσυνδυάπῳ,
587 460 632 487 καὶ
662 458 697 487 δι’
719 459 787 487 αὑτὰ
813 459 958 496 μονάζοντι

133 507 191 533 κατ’
210 504 320 542 ἐξοχὴν,
337 504 374 535 ὡς
395 504 503 543 ίῤῥέθη,
521 504 654 542 ἐνάρετον,
671 503 701 531 οὐ
733 504 786 541 μὴν
814 506 959 542 τυραννιῶ-

134 559 191 577 σατ·
214 550 251 580 ὡς
275 548 364 577 δοκεῖν
390 549 436 577 τὸν
466 549 626 587 κιιράμενον
654 547 735 586 μόνον
752 548 836 576 οἲκεῖν
851 548 894 575 ἐπὶ
910 549 960 580 τῆς

131 598 194 633 γῆς,
223 595 316 632 μήπου
343 593 372 622 δὲ
397 594 441 622 καὶ
478 592 676 628 συνθλίϐεσθαι,
708 594 746 631 μὴ
775 594 958 632 χωροόμενον

132 639 159 668 ἐν
189 639 268 677 αὐτῇ.
285 640 371 667 Φάναι
401 638 430 667 Si
456 639 524 667 κατὰ
542 639 637 677 τρίτην
661 636 794 673 ἐπιϐολὴν
825 638 959 675 ἐτυμότη-

132 695 190 719 τος,
206 684 243 715 ὡς
271 685 305 721 τῇ
332 685 381 711 τοῦ
410 686 533 721 μονοιχοῦ
547 683 644 719 κλήσει
672 683 703 711 τὸ
732 681 801 721 ἆίχος
830 680 958 721 ἔγκειται,

133 729 173 760 είς
199 727 308 763 ἔνδειξιν
334 730 383 756 τοῦ
410 728 455 756 καὶ
484 729 630 765 μονοῦσθαι
658 727 750 764 αὐτὸν,
770 727 816 755 καὶ
840 726 958 766 ὀφείλειν

132 773 264 811 ἅχνυσθαι
280 772 355 811 λόγῳ
369 773 503 809 πενθίμου
525 773 586 808 βίου
613 771 662 800 τοῦ
687 772 756 800 κατὰ
782 773 832 807 τὴν
860 773 959 809 κυυρᾶν

132 817 336 856 ἐπιστρεπτικὸν
365 818 412 854 μὲν
439 817 495 845 ἐστι
520 819 569 845 τοῦ
606 816 772 855 μονάζοντος
797 816 835 848 sic
867 816 958 844 ταπεί-

132 873 226 898 νωσιν,
256 861 529 900 λογοπραγηθήσεται
573 860 613 896 δὶ,
652 862 752 901 γραφὶν
792 861 957 899 τολμηρίας,

132 907 206 945 παρά
220 917 250 945 γε
262 909 320 938 τοῖς
334 906 380 934 καὶ
391 906 425 934 τὰ
438 908 551 934 τοιαῦτα
565 909 712 944 κριτικοῖς.

630 279 862 320 μεγαλοπρέπειαν
895 280 957 308 ὀνό-

171 994 234 1034 ρξδ’.
250 996 381 1024 Ἐνταῦθα
409 993 438 1023 δὶ
464 993 560 1033 λόγου,
576 994 675 1031 ἐλθὼν,
691 993 713 1022 ὦ
736 993 846 1032 ἀδελφὶ,
862 995 962 1026 πυνθά-

133 1040 217 1077 νομαί
242 1050 300 1075 σου,
317 1039 342 1067 εἲ
362 1040 429 1078 πρὸς
455 1037 593 1075 ἀκρίϐειιον
609 1039 766 1067 καθέστατοιί
782 1050 830 1076 μοι
858 1041 958 1074 mare;

135 1085 256 1120 Δοκήσας
286 1083 314 1112 δὶ
343 1083 466 1118 ἀκοῦσαι,
482 1084 519 1115 ὡς
547 1081 749 1122 ἠκριϐωσάμην
773 1084 804 1112 τὸ
829 1082 960 1119 λαληθὲν,

132 1130 332 1167 προσεπερωτῶ
348 1139 388 1165 σε,
403 1128 448 1156 καὶ
460 1130 539 1159 ποῖον
554 1127 584 1156 ἂν
607 1127 667 1166 ἔχοι
696 1139 738 1160 τις
768 1128 864 1166 ψόγον,
880 1134 961 1160 καθα-

131 1173 266 1210 πτόμενος
297 1175 420 1211 μοναχοῧ
449 1172 642 1210 εἰσαγωγικοῦ,
671 1173 798 1201 τοιούτου
835 1173 882 1209 μὶν
916 1172 962 1201 καὶ

131 1215 214 1244 αὗτοῦ
236 1215 427 1255 ἐποφείλοντος
455 1215 532 1250 εῖναι,
549 1215 666 1244 ἀλλοίου
693 1215 722 1244 δὲ
749 1214 962 1248 ἀπεκϐαίνυντος

131 1259 170 1292 εἷς
185 1260 216 1288 τὸ
230 1260 379 1294 παντελὲς
395 1262 472 1288 Δοκῶ
500 1270 547 1296 μοι
576 1260 713 1292 κάνταῦθα
739 1260 908 1298 ἐνηχεῖσθαι,
925 1261 962 1292 ὡς

131 1303 285 1335 ίπαινετὲος
299 1305 343 1332 καὶ
360 1305 374 1331 ὁ
388 1305 434 1332 τὸν
462 1306 586 1332 τοιοῦτον
619 1305 739 1342 μοναχὸν
772 1304 962 1343 ἐπισκώπτων,

131 1348 177 1376 καὶ
210 1348 296 1381 οὕτως
331 1348 489 1376 ἀνακόπτων
516 1352 565 1383 τῆς
592 1347 636 1376 ἰπὶ
668 1349 702 1376 τὰ
730 1348 823 1387 φαῦλα
849 1349 960 1385 ὁρμῆς·

132 1391 233 1429 πολλῷ
263 1391 292 1420 δὶ
323 1392 440 1429 μάλιστα
468 1392 512 1420 καὶ
534 1392 608 1420 ὁτὸν
625 1392 822 1432 πολυχρόνιον.
839 1393 891 1421 Καὶ
918 1393 962 1422 ἐπὶ

132 1436 241 1468 τούτοις
257 1436 391 1474 ὁμολογῶ
405 1439 530 1468 τοιοῦτος
544 1437 589 1464 καὶ
604 1437 684 1468 αὐτὸς
699 1437 767 1465 εἶναι
790 1437 852 1465 Λίαν
878 1437 962 1474 μάλα,

133 1480 171 1512 ὡς
198 1480 244 1508 καὶ
272 1480 299 1508 ιῦ
329 1479 408 1512 εἷ’δὼς
433 1484 535 1519 χρῆναι
550 1481 609 1508 κατ’
626 1479 690 1519 ἴχνη
719 1481 758 1517 τῷ
786 1480 961 1520 μεγαλοσχή-

136 1535 199 1562 μονι
225 1524 290 1556 τοὺς
323 1525 361 1562 μὴ
391 1525 531 1556 τοιούτους
558 1524 762 1560 ἐπακολουθεῖν,
783 1525 828 1552 καὶ
856 1535 961 1564 παρηγ-

132 1567 268 1608 γιλμίνος
283 1569 313 1598 tu.
327 1571 394 1597 Θιοῢ
409 1571 575 1606 παρακαΛιῖν
603 1568 628 1597 ἐν
641 1571 700 1600 τοῖς
719 1568 855 1601 τοιούτοις
881 1580 962 1597 πνιυ-

137 1616 268 1651 ματικῶς,
285 1614 330 1641 καὶ
346 1614 483 1652 ἐλέγχειν,
500 1614 545 1641 καὶ
561 1612 699 1651 ἐπιτιμᾷν.

170 1658 236 1697 ρξε’.
266 1659 301 1687 Ἣ
330 1658 373 1690 τίς
402 1657 433 1686 ἂν
471 1659 650 1696 παρεπηκῶς
683 1655 772 1695 θρόνῳ
800 1657 964 1700 αἲσθήσεωςν

131 1704 180 1732 καὶ
213 1702 323 1742 βλιπων
350 1702 414 1735 τοὺς
438 1702 464 1731 ἐν
489 1703 557 1739 ἡμῖν
580 1701 726 1741 φορτικοὺς
759 1702 964 1740 πρωτοπείρους

128 1750 179 1776 τοῦ
210 1748 349 1784 μονάζειν,
373 1747 419 1775 καὶ
444 1746 538 1778 ἄλλως
563 1747 801 1785 μικροσχήμονας,
822 1745 964 1782 δυνήσεται

131 1792 226 1830 ψυχὴν
258 1789 428 1831 ἀθορύϐητον
456 1791 602 1829 illam,qu
632 1792 669 1828 μὴ
692 1791 966 1830 προσεπιμίμφεσθαι

133 1836 179 1864 καὶ
208 1837 255 1864 τὸν
286 1836 312 1864 ἐν
340 1835 432 1868 αὐτοῖς
463 1837 587 1864 ὁπωσοῦν
606 1836 702 1873 μεγαν,
719 1836 748 1868 ὃς
766 1835 873 1873 βλέπων
902 1835 966 1868 τοὺς

136 1880 241 1912 ἀτελῶς
266 1880 427 1919 ἀρτιμαθιῖς
454 1879 648 1918 ὶξοκὲλλοντας
671 1879 710 1912 ιῖς
731 1879 881 1914 ἀπώλειαν,
905 1879 968 1912 οὔτε

137 1925 306 1963 ἀναχαιτίζει
334 1925 584 1964 φριμασσομένους,
614 1923 687 1953 ἀλλὰ
709 1925 755 1952 καὶ
782 1925 968 1963 προσερεθίζιι

134 1969 296 2008 κεντρίζων,
321 1969 366 1997 καὶ
391 1968 579 2008 φιλοτιμεῖται
602 1969 633 1996 τὸ
661 1969 720 1996 κατ’
745 1968 864 2000 ἐκείνους
892 1968 969 1998 δίστο-

140 2024 193 2050 μον
213 2013 258 2041 καὶ
282 2012 423 2049 δυσήνιον,
438 2013 666 2050 ἐναγλαϊζόμενος
687 2013 767 2044 αὐτὸς
783 2015 817 2049 τῇ
845 2013 904 2041 κατ’
919 2013 968 2041 αὗ-

134 2059 199 2089 τοὺς
221 2057 328 2097 γενναίᾳ
353 2058 511 2096 θρασύτητι·
537 2059 574 2089 ὡς
599 2056 662 2085 οὐδὲ
687 2057 838 2095 στρατηγὸς
862 2056 968 2094 ἐλλάμ-

135 2105 214 2140 ψεται
245 2105 385 2141 μαχηταῖς
421 2101 560 2140 ἀνδρικοῖς
597 2102 642 2130 ὑπ’
679 2102 754 2138 αὐτῷ
780 2101 968 2140 τεταγμένοις.

135 2147 182 2176 καὶ
209 2148 353 2184 τιθέμενος
380 2147 406 2175 ἐν
437 2145 544 2180 σπουδῆ
580 2146 815 2184 περιουσιάζεσθαι
850 2146 970 2175 τοιοῖσδε

138 2195 284 2229 μαθηταῖς,
308 2192 368 2220 ὅθεν
394 2191 438 2219 καὶ
461 2192 511 2227 τὴν
542 2191 632 2229 ἀρχὴν
663 2191 804 2228 μανθάνων
834 2190 969 2230 φαυλεπι-

136 2236 259 2277 φαύλους
289 2236 356 2264 εἶναι
396 2235 469 2272 τοὺς,
500 2237 537 2267 ὡς
575 2235 672 2271 εἴπιῖν,
698 2234 892 2274 προσηλύτους
926 2235 969 2264 ἐπὶ

1013 282 1110 310 dictus
1124 284 1180 316 est,
1195 285 1281 319 atque
1300 283 1387 311 istam
1408 283 1498 311 divini
1520 283 1647 312 nominis
1663 284 1836 320 dignitatem

1013 327 1152 355 obtinuit.

1050 371 1110 399 163.
1127 372 1205 400 Talis
1224 374 1270 400 est
1298 372 1427 400 secunda
1442 374 1545 400 nostra
1573 372 1773 409 interpretatio
1802 373 1838 401 de

1015 416 1222 452 monacho,qui
1239 425 1305 444 cum
1322 417 1445 453 reliquis
1461 425 1518 445 non
1536 419 1633 453 potest
1661 419 1837 453 comparari,

1015 469 1072 489 non
1090 461 1226 496 iudicari,
1255 469 1312 489 non
1339 462 1498 498 conjungi:
1527 461 1637 498 quique
1663 462 1727 489 ideo
1756 461 1838 490 solus

1014 508 1059 533 est
1071 505 1234 534 secundum
1250 505 1452 533 excellentiam
1469 506 1597 539 virtutis,
1626 513 1684 534 non
1706 505 1838 541 tyranni-

1015 550 1072 582 dis,
1087 550 1128 577 ita
1141 549 1314 578 utvideatur
1339 550 1420 578 solus
1450 550 1501 586 qui
1528 553 1652 578 tonsura
1680 550 1840 586 insignitus

1014 596 1060 622 est
1088 594 1220 622 habitare
1246 595 1326 623 solus
1355 595 1385 622 in
1410 595 1508 630 terris,
1540 595 1662 622 minime
1677 597 1775 622 autem
1806 603 1840 622 ea

1014 639 1151 675 opprimi,
1174 639 1322 675 siquidem
1352 639 1382 667 in
1411 648 1445 667 ea
1474 648 1530 667 non
1561 639 1703 667 ambulat.
1743 639 1840 667 Tertia

1014 683 1239 719 signiﬁcationis
1264 685 1433 720 conjectura
1462 692 1551 720 quam
1590 684 1694 711 damus
1733 683 1839 711 asserit

1014 728 1137 756 solitarii
1166 729 1277 756 nomini
1308 728 1438 756 dolorem
1473 728 1541 756 addi
1569 727 1771 765 (μόνος-ἄχος),
1799 728 1836 755 ad

1014 773 1228 800 ostendendum
1245 781 1311 801 eum
1328 772 1424 801 solum
1445 781 1519 806 esse,
1547 775 1741 808 mmstumque
1757 772 1838 799 futu-

1014 825 1080 845 rum
1105 825 1170 845 esse
1199 817 1236 845 ob
1265 817 1471 845 mortificatam
1489 817 1633 845 tonsurati
1657 817 1759 850 vitam,
1776 816 1837 844 haec

1014 861 1131 896 quidem
1158 862 1333 890 monachum
1364 862 1400 889 ad
1431 861 1628 889 humilitatem
1659 861 1758 895 ﬂectit,
1788 861 1839 889 sed

973 905 1204 955 Bjudicabitur,
1229 908 1259 934 et
1273 909 1416 942 arguatur
1444 906 1620 934 temeritatis
1644 905 1722 942 apud
1749 905 1840 941 hujus

1017 951 1057 979 rei
1074 951 1193 987 peritos.

1054 996 1112 1023 164.
1132 997 1173 1024 Ad
1191 996 1270 1024 hunc
1285 1004 1448 1024 sermonem
1466 1004 1532 1024 cum
1552 995 1692 1027 venerim,
1708 1003 1724 1023 ο
1741 995 1842 1030 frater,

1017 1048 1115 1076 quearo
1129 1049 1145 1068 a
1161 1043 1187 1068 te
1199 1043 1298 1068 utrum
1309 1041 1444 1068 istabene
1457 1041 1673 1068 deﬁnierim.Et
1684 1042 1840 1075 postquam

1017 1085 1118 1113 audire
1133 1085 1292 1113 arbitratus
1307 1093 1374 1112 sum
1394 1085 1472 1112 dicta
1483 1085 1536 1112 tibi
1558 1084 1723 1120 approbari,
1737 1092 1841 1111 rursus

1019 1132 1046 1157 te
1062 1130 1209 1166 interrogo
1222 1132 1348 1166 quantas
1361 1130 1591 1165 vituperationes
1613 1129 1788 1156 inoursurus
1803 1128 1843 1156 sit

1017 1173 1105 1201 homo
1120 1182 1275 1202 occurrens
1292 1174 1435 1202 monacho
1452 1174 1572 1207 novitio,
1596 1174 1646 1208 qui
1679 1173 1746 1200 talis
1776 1181 1842 1200 esse

1016 1218 1149 1252 debebat,
1164 1220 1192 1245 et
1211 1219 1331 1246 omnino
1347 1218 1421 1246 alius
1432 1219 1535 1246 evasit.
1553 1220 1586 1245 Et
1599 1218 1653 1245 hoc
1664 1225 1840 1253 responsum

1016 1262 1219 1298 accipiendum
1235 1271 1309 1295 reor,
1325 1262 1506 1289 laudandum
1522 1270 1586 1290 esse
1601 1269 1667 1288 eum
1685 1262 1735 1297 qui
1752 1261 1841 1289 talem

1017 1306 1194 1334 monachum
1211 1306 1448 1342 irriserit,sicque
1464 1315 1480 1334 a
1495 1305 1623 1334 vanitate
1637 1305 1843 1341 prosequenda

1017 1351 1153 1378 averterit
1165 1359 1172 1384 ;
1185 1350 1336 1386 multoque
1353 1350 1447 1386 magis
1477 1350 1528 1384 qui
1557 1354 1709 1378 assuetum
1723 1358 1739 1377 a
1755 1349 1840 1385 longo

1017 1397 1158 1431 tempore.
1175 1395 1215 1423 De
1231 1395 1276 1423 his
1293 1395 1433 1423 conﬁteor
1447 1403 1493 1422 me
1506 1395 1608 1422 eadem
1639 1394 1759 1428 sentire,
1790 1393 1842 1430 qui

1017 1440 1127 1476 optime
1143 1439 1206 1467 novi
1223 1439 1382 1467 dissimiles
1398 1439 1529 1474 vestigiis
1541 1439 1639 1475 magni
1654 1438 1787 1466 monachi
1798 1438 1841 1465 in-

1017 1485 1118 1512 sistere
1131 1484 1246 1519 debere,
1264 1484 1372 1520 quippe
1384 1483 1434 1519 qui
1450 1484 1572 1511 edoctus
1588 1492 1654 1510 sum
1668 1483 1740 1511 istos
1757 1482 1842 1519 spiri-

1016 1528 1135 1556 tualiter
1145 1539 1159 1553 ‹‹
1169 1529 1331 1562 obsecrare,
1348 1535 1480 1564 arguere,
1491 1530 1520 1556 et
1530 1529 1680 1563 increpare
1690 1527 1723 1555 δι.
1740 1538 1754 1551 ιι

1057 1663 1116 1689 165.
1129 1661 1209 1695 Quis,
1226 1669 1337 1697 quaso,
1364 1661 1467 1688 throno
1498 1668 1637 1689 sensuum
1661 1660 1783 1697 potitus,
1798 1659 1841 1688 vi-

1020 1707 1152 1742 densque
1165 1708 1349 1741 contemptos
1356 1707 1456 1734 nostro
1468 1714 1527 1733 aevo
1536 1705 1696 1733 monachos
1707 1705 1843 1740 novitios,

1020 1754 1070 1779 ant
1085 1751 1169 1779 aliter
1184 1750 1323 1783 minores,
1341 1750 1447 1785 poterit
1463 1750 1569 1785 spiritu
1587 1758 1645 1777 non
1661 1749 1784 1782 turbari,
1814 1750 1844 1778 et

1022 1803 1079 1823 non
1095 1795 1290 1822 condemnare
1306 1793 1455 1821 hominem
1470 1793 1548 1821 inter
1567 1802 1616 1821 eos
1633 1793 1732 1829 aliquo
1757 1794 1843 1821 modo

1022 1838 1237 1876 maguum,qui
1256 1846 1323 1866 cum
1338 1838 1444 1866 viderit
1466 1838 1628 1874 discipulos
1657 1837 1844 1874 imperfectos

1022 1885 1050 1912 in
1067 1884 1219 1912 interitum
1236 1883 1314 1916 ferri,
1331 1882 1490 1911 indomitos
1504 1891 1560 1911 non
1577 1883 1768 1916 refrenat,sed
1785 1891 1845 1910 ma-

1022 1930 1068 1966 gis
1096 1929 1196 1957 aculeo
1225 1928 1341 1961 excitat,
1368 1928 1469 1955 laudat
1497 1937 1529 1956 os
1558 1936 1660 1955 eorum
1685 1928 1792 1955 durum
1818 1929 1847 1955 et

1024 1981 1172 2010 asperum,
1200 1975 1228 2000 et
1258 1972 1321 2008 ipe
1347 1972 1407 2000 fera
1430 1980 1532 2000 eorum
1561 1972 1731 2000 fortitudine
1756 1971 1847 2000 extol-

1023 2018 1104 2046 litur.
1121 2018 1220 2053 Neque
1245 2017 1323 2044 enim
1341 2017 1399 2044 dux
1413 2017 1558 2044 exercitus
1582 2025 1597 2044 e
1626 2015 1771 2043 militibus
1800 2016 1846 2042 in-

1024 2061 1142 2090 domitis
1158 2061 1213 2089 sub
1230 2069 1260 2088 se
1286 2060 1428 2088 ordinatis
1456 2060 1578 2096 gloriam
1605 2059 1788 2095 adipiscitur.
1814 2060 1849 2086 Et

1024 2108 1126 2142 captus
1141 2105 1286 2133 desiderio
1297 2104 1401 2132 talium
1417 2104 1630 2140 discipulorum
1647 2103 1846 2139 multiplican-

1025 2151 1141 2184 dorum,
1158 2149 1273 2177 etiamsi
1290 2149 1370 2176 omni
1386 2151 1516 2183 tempore
1546 2147 1672 2175 audierit
1693 2147 1849 2175 fallacissi-

1026 2203 1091 2222 mos
1107 2202 1172 2222 esse
1183 2196 1216 2221 ut
1233 2193 1273 2220 ita
1286 2192 1393 2228 dicam,
1408 2192 1571 2228 proselytos
1594 2192 1622 2219 in
1640 2194 1762 2219 tonsura
1772 2191 1850 2219 salu-

1026 2239 1121 2274 tifera,
1134 2246 1230 2266 mores
1246 2245 1346 2265 eorum
1368 2239 1466 2264 tamen
1491 2245 1549 2264 non
1577 2236 1735 2272 dijudicat:
1752 2244 1849 2272 neque

137 2281 265 2319 σωτηρίῳ
292 2283 388 2319 κουρᾷ,
420 2278 484 2308 οὕτι
520 2279 681 2319 φυλοκρινεῖ
716 2281 750 2308 τὰ
782 2281 839 2308 κατ’
869 2279 963 2309 αὐτοὺς

1025 2283 1158 2319 disponit
1181 2282 1217 2310 ad
1246 2282 1399 2310 certiorem
1424 2281 1588 2309 faciendam
1618 2280 1848 2312 conversionem,

136 2324 207 2360 ⁵ἤθη,
229 2324 291 2353 οὔτε
321 2326 491 2364 καταρτίζων
518 2324 694 2363 ἀσφαλίζιται
724 2325 762 2356 ιίς
791 2324 969 2364 ἰπιο-τροφήν,

136 2369 200 2397 ἀλλ’
216 2370 282 2397 αὐτὸ
302 2373 383 2398 τοῦτο
402 2368 625 2408 στρατηλατικῶς
651 2370 772 2398 ὑπειπὼν
796 2370 810 2397 ὁ
840 2370 968 2408 ψυχικὸς,

138 2414 152 2441 ὁ
168 2416 217 2448 τῆς
239 2413 363 2452 εῗρήνης,
381 2415 395 2442 ὁ
409 2418 459 2450 τῆς
483 2414 598 2451 ἀγάπης,
614 2414 629 2441 ὁ
643 2416 692 2442 τοῦ
715 2416 791 2449 Θεοῦ,
807 2414 843 2445 ὡς
862 2415 880 2449 ὴ
898 2415 968 2451 μονὴ

136 2458 182 2485 καὶ
206 2457 338 2486 τοιούτων
366 2458 533 2494 διακονητῶν
560 2457 658 2494 δέεται,
675 2459 739 2486 ὡσεὶ
755 2458 800 2486 καὶ
828 2459 968 2496 τύραννος,

138 2503 225 2540 οἶμαι,
254 2502 375 2538 δημίων,
403 2503 542 2541 προσίεται
567 2503 631 2534 τοὺς
661 2503 771 2540 ἰξώλεις
796 2503 834 2535 ὡς
860 2501 968 2538 δηλαδή

137 2546 290 2581 τοιούτους,
313 2547 357 2575 καὶ
381 2550 522 2584 σωμασκεῖ
555 2547 705 2585 ἐπιμελῶς,
731 2548 777 2579 οὓς
815 2548 899 2586 ἐχρῆν
925 2546 970 2575 διὰ

139 2591 201 2630 βίου
231 2591 249 2627 ἢ
281 2592 460 2630 ἀκειρεκόμας
491 2591 589 2628 μένειν,
616 2592 640 2620 εἴ
669 2593 712 2620 καὶ
749 2590 889 2627 ἰδιάζοντα
917 2593 968 2626 τὴν

137 2637 246 2673 κουρὰν,
275 2636 293 2672 ἢ
323 2636 397 2664 ἀλλὰ
424 2636 492 2664 κατὰ
533 2636 701 2675 κακούργους
739 2637 892 2674 κείρεσθαι·
923 2643 969 2671 καὶ

138 2682 192 2719 πρὸ
221 2682 372 2719 προσώπου
400 2681 513 2715 τίθεται,
541 2681 586 2708 καὶ
607 2681 728 2721 ὶκτρὲφει
758 2681 900 2717 ἀναλόγως
927 2683 968 2713 οἷς

137 2726 308 2761 ἠθικεύονται
322 2737 328 2744 ·
352 2726 396 2754 καὶ
417 2725 656 2765 σωματοφύλακας
681 2726 775 2765 ἐφιστᾷ
808 2727 908 2763 ἑαυτῷ,
930 2725 970 2760 εἰς

140 2769 249 2809 ἀνδρίαν
265 2770 393 2807 ἰξασκῶν.

175 2832 200 2852 ⁸⁸
212 2833 238 2863 Il
254 2833 388 2872 Timgrv,
405 2834 452 2864 20.

1025 2328 1075 2356 sed
1092 2331 1124 2355 ut
1140 2329 1198 2355 dux
1213 2326 1353 2360 militum,
1369 2327 1412 2353 vir
1434 2325 1609 2362 spiritualis,
1640 2325 1791 2360 paciﬁcus.
1807 2325 1850 2352 vir

1025 2372 1188 2406 charitatis,
1202 2373 1246 2399 vir
1261 2371 1310 2399 Dei
1328 2371 1368 2398 ita
1383 2369 1536 2406 respondet
1554 2378 1560 2397 :
1576 2369 1686 2397 talibus
1704 2369 1849 2397 ministris

1025 2417 1237 2445 monasterium
1275 2416 1416 2451 indigere,
1458 2414 1708 2450 quemadmodum
1751 2419 1849 2450 tyran-

1024 2461 1272 2496 numlictoribus,
1289 2459 1423 2495 arbitror,
1449 2462 1478 2487 et
1506 2459 1634 2495 perditos
1656 2459 1790 2487 homines
1817 2460 1850 2487 ut

1024 2506 1098 2534 tales
1114 2505 1257 2539 admittit,
1269 2504 1400 2532 studiose
1415 2505 1539 2536 exercet,
1555 2512 1629 2539 quos
1654 2512 1772 2532 necesse
1788 2505 1851 2531 erat

1025 2559 1076 2587 per
1089 2553 1181 2578 totam
1194 2550 1282 2577 vitam
1303 2549 1436 2576 intonsos
1460 2556 1620 2583 remanere,
1649 2548 1765 2576 etiamsi
1781 2550 1849 2576 ton-

1024 2603 1125 2622 suram
1145 2593 1339 2629 postularent,
1369 2593 1420 2619 aut
1447 2591 1536 2619 etiam
1560 2593 1592 2619 ut
1615 2591 1755 2620 scelestos
1783 2593 1848 2619 ton-

1023 2640 1095 2667 deri.
1108 2641 1167 2666 Hos
1182 2638 1212 2665 in
1230 2638 1323 2665 fronte
1340 2636 1431 2672 ponit,
1447 2635 1585 2663 similiter
1614 2636 1716 2671 nutrit,
1745 2637 1777 2663 ut
1801 2643 1849 2663 as-

1023 2684 1100 2711 sueti
1131 2684 1225 2715 erant,
1255 2688 1365 2717 eosque
1397 2681 1433 2708 ad
1463 2680 1597 2708 ardorem
1623 2681 1764 2716 majorem
1801 2687 1848 2707 ac-

1026 2726 1131 2755 condit.
