2018 3158
185 177 244 208 86‘!

223 243 284 272 166.
315 244 385 270 Cum
415 239 582 268 istiusmodi
612 239 745 268 homines
770 239 805 266 ad
830 237 1007 274 magistrum
1024 237 1049 271 Α

183 289 348 316 animarum
375 285 562 319 accesserintl
590 285 783 320 recipiuntur,
814 286 844 310 et
869 283 1008 310 dicuntur

182 334 346 369 operantes,
363 330 499 362 studiosi,
517 337 608 362 acres,
626 329 722 364 periti,
738 330 765 356 et
792 330 823 355 ut
838 327 894 362 ipsi
911 327 1004 359 aiunt,

180 378 278 406 vividi.
305 375 443 403 Homines
472 376 569 401 autem
595 373 703 400 indolis
729 371 880 400 contrariis
909 370 1004 406 expel-

177 423 282 450 luntur
297 421 381 456 quasi
398 418 529 452 inutiles,
543 426 579 445 ne
594 417 673 444 velut
694 417 778 444 otiosi
804 417 960 444 crabrones
974 416 1002 442 in

179 465 366 494 monasteriis
381 463 576 491 enutriuntur.
602 461 700 489 Talem
727 461 884 488 exercitum
915 459 1002 496 primi

178 510 312 539 monachi
330 516 397 536 cum
418 504 762 542 conscripserint,‘atque
778 505 868 533 aciem
886 504 1002 532 ordino-

176 558 237 584 tam
252 551 744 585 instruxerint,bancemittuntnon
764 551 849 578 modo
863 550 1002 577 adversus

178 599 345 631 viciniores,
360 597 408 624 sed
427 596 515 624 etiam
532 598 633 622 contra
649 594 820 622 remotiores
849 596 936 629 atque
952 601 1002 628 per

177 644 266 672 istam
279 641 505 673 ordinationem,
523 639 640 667 insidiis
656 639 741 667 facile
756 639 877 674 paratis,
889 637 1000 666 domini

176 690 339 725 praeeuntes
355 685 507 714 victoriam
524 686 683 720 reportant.
701 683 741 711 Re
756 683 833 710 enim
851 691 919 710 vera
933 690 1000 709 cum

174 737 291 770 gratum
320 734 365 759 est
390 733 552 767 peccatum,
579 732 610 756 ut
646 729 766 764 quidam
797 728 880 759 dixit,
910 727 1002 754 densa

174 781 203 806 et
233 777 363 805 conferta
396 775 473 802 acies
504 774 644 802 adversus
679 773 816 800 virtutem
842 771 1000 807 colligitur.

175 823 255 856 Quod
272 821 350 857 apud
363 828 415 847 nos
429 819 569 846 facientes
579 817 744 853 exemplum
756 825 835 844 vuum
847 815 1001 844 discordiae

175 867 241 895 aliis
257 864 409 893 monachis
425 863 566 899 proximis
578 863 658 894 dant,
680 861 745 889 aliis
763 861 798 888 ad
814 861 887 888 alios
903 860 1000 888 imita-

177 911 285 939 tionem
301 908 497 940 tradentibus.
514 915 566 943 per
581 915 680 942 quam,
708 906 792 942 quasi
822 914 873 941 per
900 905 999 932 incen-

175 955 256 983 dium
272 954 371 982 omnia
387 953 584 987 circumsepta
594 953 873 985 devorans,serpcns
888 949 999 976 malitia

173 1002 301 1028 extrema
322 998 400 1026 mala
416 998 572 1033 perpetrat.
593 995 739 1023 Suscitata
757 995 835 1022 enim
852 993 1000 1022 discordia

172 1045 249 1072 inter
264 1042 409 1079 praelatos,
425 1049 549 1077 quorum
562 1039 695 1067 nonnulli
709 1047 847 1074 magnum
865 1038 997 1066 habitum

172 1097 229 1126 prm
245 1097 276 1116 se
286 1086 466 1121 feruot,l'acis
478 1085 581 1117 instar,
594 1083 722 1112 ostendit
738 1083 998 1111 circumstantibus

171 1133 332 1162 monachos
343 1132 488 1158 certantes
500 1130 534 1157 de
549 1129 674 1164 quodam
689 1128 751 1156 loco
762 1130 863 1155 contra
875 1127 997 1159 vicinos,

171 1178 216 1206 vel
238 1177 321 1205 aliter
344 1176 508 1209 distinctos,
534 1182 608 1208 quos
637 1173 792 1200 observant
818 1171 939 1208 praelati,
970 1174 998 1198 et

175 1223 316 1250 adversus
332 1227 382 1247 eos
398 1218 486 1246 veluti
501 1218 537 1245 ab
557 1225 623 1245 arce
639 1216 747 1244 bellum
765 1219 890 1243 movent.

210 1362 269 1390 167.
285 1361 398 1389 interea
414 1367 447 1387 ex
477 1359 532 1386 hoc
562 1359 629 1395 igne
658 1358 714 1386 ista
742 1358 878 1395 cogitatio
906 1359 996 1386 menti

174 1415 250 1444 saepe
266 1405 410 1434 occurrit:
428 1404 457 1432 Si
474 1403 634 1431 monachos
650 1405 708 1431 tam
735 1405 870 1431 strenuos
886 1403 997 1430 enutrit

173 1450 393 1485 Thessalonica,
410 1450 460 1485 qui
473 1451 574 1476 contra
589 1456 716 1476 canones
737 1450 764 1475 et
788 1447 866 1484 leges
894 1450 994 1483 agunt,

175 1495 342 1533 pontiﬁcem
359 1495 562 1525 contemnunt,
578 1501 673 1528 neque
688 1491 731 1519 eis
748 1491 826 1520 ullus
851 1492 995 1520 contradi-

173 1543 222 1573 cit,
239 1549 290 1567 cur
306 1547 358 1567 nos
374 1538 458 1566 otiosi
476 1545 663 1565 remanemus
679 1536 764 1572 quasi
780 1536 922 1564 membris
932 1545 995 1572 per-

173 1585 258 1619 culsi,
270 1592 364 1620 neque
377 1583 524 1617 manibus,
544 1589 638 1617 neque
655 1589 702 1608 ore
725 1583 838 1608 utentes
854 1581 867 1608 ‘I
882 1581 916 1608 Et
931 1589 996 1609 mox

173 1616 306 1665 excitata,
318 1616 347 1656 lsi
364 1629 436 1656 forte
451 1627 547 1663 sopita
569 1616 641 1660 erat,
667 1628 764 1653 mente
787 1626 937 1661 irascibili,
964 1628 996 1653 ut
1011 1616 1032 1650 ί]

174 1674 259 1702 miles
276 1673 463 1706 metuendus,
479 1671 699 1707 autimperator
724 1670 822 1706 (prout
841 1670 994 1698 ratiocina-

171 1721 219 1747 tus
235 1718 435 1754 estquidem),
451 1716 588 1743 instructi
605 1716 742 1743 omnibus
757 1715 847 1742 armis
861 1723 923 1750 qua;
939 1715 995 1750 ipsi

171 1771 274 1800 parare
290 1761 366 1789 male
373 1760 697 1801 norunttexsurguntad
710 1759 813 1786 bellum
823 1759 940 1794 aliquod
949 1768 994 1786 sa—

172 1816 266 1836 crum.
285 1807 314 1834 Si
336 1806 385 1841 qui
399 1804 625 1840 deincepsinter
646 1812 695 1831 eos
725 1802 823 1839 magni
849 1803 994 1838 monachi,

172 1855 199 1880 et
213 1852 272 1887 apti
281 1852 315 1878 ad
327 1849 481 1886 prmeundu
488 1857 579 1881 m,eos
589 1849 617 1875 in
624 1847 742 1875 insidiis
752 1847 848 1875 locant
855 1848 995 1876 adversus

173 1895 308 1923 homines
318 1893 586 1928 minimeinjustos,
603 1895 632 1920 et
647 1892 866 1927 aggressionem
882 1901 996 1928 exspec-

174 1942 272 1967 tantes
285 1948 292 1971 ;
305 1938 435 1974 reliquos
448 1938 579 1965 infronte
595 1939 696 1972 aperta
710 1937 856 1964 ordinant.
873 1937 925 1968 Qui
942 1936 995 1964 ali-

170 1984 237 2012 cubi
254 1983 370 2019 detecti,
387 1982 471 2018 quasi
487 1983 515 2009 in
545 1981 662 2009 insidiis
691 1981 814 2009 latentes
833 1984 996 2017 exsurgunt

167 2029 383 2066 ipsi,etstantes
392 2026 658 2062 contra,aciemque
668 2026 993 2059 ordinautes,minorem

167 2073 342 2111 phalangem
359 2073 541 2105 immittunt;
563 2073 649 2106 atque
665 2079 716 2106 per
727 2079 790 2098 eam
803 2070 827 2097 si
845 2079 901 2098 non
917 2079 993 2107 quaa-

168 2126 295 2154 cumquo
309 2117 472 2145 voluissent
488 2118 606 2152 propter
618 2115 759 2143 auxilium
778 2124 794 2142 a
809 2115 866 2143 Deo
882 2118 909 2143 et
928 2124 994 2151 rege

169 2165 270 2192 sancto
287 2162 412 2194 illatum,
429 2161 534 2189 saltem
560 2168 743 2195 quaecunque
768 2159 914 2194 potuerint
929 2161 993 2188 effi—

170 2207 327 2235 ciunt.N0n
339 2206 417 2234 enim
434 2205 574 2233 recedunt
583 2204 656 2232 tales
668 2205 861 2237 auimaa,mori
875 2208 991 2241 paratae.

167 2252 274 2280 Nostra
290 2250 416 2287 perdidit
427 2250 481 2277 iste
497 2249 575 2277 zelus
591 2249 750 2284 malus,qui
763 2257 849 2276 orsus
864 2258 880 2276 a
895 2250 990 2283 nobis,

169 2299 198 2324 et
214 2296 368 2324 traduxtus
385 2302 477 2330 usque
506 2295 541 2322 ad
566 2296 710 2330 Myrtoum
727 2301 818 2328 mare,
846 2296 874 2321 et
889 2295 993 2322 deinde
1009 2303 1031 2335 Ι)

168 2349 263 2376 usque
278 2340 315 2367 ad
329 2339 496 2372 Maliacum,
513 2341 541 2366 et
557 2347 642 2375 porro
657 2339 692 2366 ad
709 2338 886 2374 Jonium,sic
896 2341 994 2374 partes

167 2384 361 2413 occidentales
375 2383 645 2417 circumcinxit;vel
664 2384 760 2410 forsan
777 2383 880 2410 exinde
897 2384 931 2410 ad
941 2392 993 2411 nos

167 2429 308 2465 pervenit,
322 2430 354 2456 ut
369 2428 479 2456 malum
492 2428 638 2464 quoddam
656 2427 898 2464 pestilens,qusle
913 2428 990 2463 apud

167 2475 280 2501 veteres
293 2475 429 2501 narratur
444 2473 649 2509 .Ethiopicum.

575 172 789 205 EUSTATHH
809 169 1192 202 THESSALONICENSIS
1213 170 1507 201 METROPOLITE

1836 170 1896 201 868

1101 237 1164 274 ρξςῖ
1182 236 1230 264 Καὶ
1246 237 1366 264 τοιοῦτοι
1384 236 1432 272 μὶν
1456 234 1676 274 προσερχόμενοι
1700 238 1742 272 τῷ
1764 237 1821 263 τῶν
1844 237 1896 272 ψυ-

1060 283 1119 319 χῶν
1138 283 1282 319 καθηγητῇ
1307 279 1518 318 παραδέχονται,
1536 280 1738 317 ὀνομαζόμενοι
1765 280 1894 318 ἐνεργεῖς,

1060 326 1104 353 καὶ
1143 324 1296 360 σπουδαῖοι,
1336 326 1380 353 καὶ
1419 324 1566 363 ἐντρεχεῖς,
1604 325 1649 353 καὶ
1692 325 1895 362 πραγματικοῆ

1059 370 1115 407 καὶ,
1137 371 1175 401 ὡς
1197 370 1273 398 αὐτοί
1304 381 1378 409 φασι,
1403 372 1511 404 ζῶντες.
1534 368 1567 397 Εἴ
1593 368 1622 397 δὲ
1644 369 1779 397 ἀνάπαλιν
1809 369 1897 405 ἤθους

1058 415 1183 442 τοιούτου
1213 415 1332 452 ἔχουσιν,
1363 413 1538 442 ἐκδιὼκονται
1570 414 1607 445 ὡς
1634 414 1756 453 ἀχρεῖοι·
1781 414 1830 442 ’ἱνα
1855 415 1894 451 μὴ

1057 464 1175 499 κηφῆνες
1204 460 1282 488 citi-ro?
1311 460 1405 498 ἀεργοὶ
1442 462 1672 497 μοναστηριακοῖς
1709 458 1895 498 ἐντρέφωνται

1057 503 1196 542 σίμϐλοις.
1222 504 1271 533 Καὶ
1295 503 1327 539 δὴ
1353 504 1618 543 στρατολογήσαντες
1640 505 1767 531 τοιοῦτον
1798 507 1898 543 origo;

1057 549 1083 576 οἱ
1107 549 1333 587 πρωτομόναχοι,
1356 548 1401 576 καὶ
1433 548 1508 584 τάξιν
1539 547 1652 576 ἄτακτον
1678 549 1894 587 φατριάσαντες,

1057 593 1251 631 ἐνακμάζουσιν
1273 593 1304 621 οὐ
1331 593 1413 630 μόνον
1438 593 1507 620 κατὰ
1520 595 1574 620 τῶν
1588 593 1729 630 γειτόνων,
1746 592 1821 620 ἀλλὰ
1846 594 1895 621 καὶ

1055 641 1120 672 τῶν,
1137 639 1198 666 ὅσοι
1218 638 1401 676 πορρώτερον·
1418 637 1463 665 καὶ
1487 640 1583 664 νικῶσι
1611 636 1655 665 διὰ
1678 641 1729 672 τῆς
1758 637 1895 673 τοιαύτης

1056 682 1185 719 ἔκτάξεως
1215 683 1240 710 οἱ
1267 683 1357 721 κύριοι
1396 682 1610 720 καθηγούμενοι,
1639 682 1703 720 ῥᾷον
1734 682 1892 720 ἆπηρτικό-

1054 738 1097 759 τες
1125 728 1174 762 τὴν
1199 727 1382 755 ἐπισόστασιν.
1398 729 1443 763 Τῷ
1468 725 1526 754 ὄντι
1549 726 1612 764 γὰρ,
1627 725 1667 753 ὅτ’
1682 725 1712 754 ἂν
1735 726 1894 764 εὐλογητὸς

1055 773 1073 807 ἡ
1101 771 1219 809 ἁμαρτία
1244 770 1298 806 εἴη,
1316 772 1384 799 καθά
1406 782 1448 802 τις
1473 770 1536 810 ἔφη,
1565 770 1658 806 πολλὴ
1684 771 1730 798 καὶ
1761 770 1849 810 λογᾶς
1874 774 1892 807 ἡ

1055 816 1238 854 στρατολογία
1265 817 1333 844 κατὰ
1359 820 1411 851 τῆς
1437 816 1534 854 ἀρετῆς
1567 815 1782 843 ἐπισυνίσταταυ
1808 817 1824 843 ὃ
1856 815 1890 851 δὴ

1055 861 1099 888 καὶ
1122 862 1148 888 οἱ
1171 862 1235 898 παρ’
1258 862 1325 897 ἡμῖν
1353 863 1506 893 ποιοῦντες,
1529 859 1684 898 ἀρχέτυπον
1711 861 1756 887 καὶ
1790 859 1892 892 ἄλλοις

1053 908 1108 934 τῶν
1150 906 1356 943 παρακειμένων
1400 907 1529 943 μοναχῶν
1580 904 1740 943 πρόκεινται
1793 906 1889 932 κανόνι

1054 950 1162 989 φαύλης
1192 949 1292 987 ἔριδος,
1320 949 1412 977 ἄλλων
1434 949 1532 980 ἄλλοις
1568 948 1803 986 δια-πεμπομένων
1836 951 1888 984 τὴν

1055 995 1188 1031 μίμησιν·
1217 993 1250 1022 δι’
1273 996 1306 1029 ἧς
1332 993 1498 1030 ἐμπρησμοῦ
1523 992 1602 1029 δίκην
1628 994 1830 1030 ἐπινεμομένου
1855 994 1890 1021 τὰ

1053 1039 1156 1076 κύκλῳ,
1182 1040 1199 1073 ἡ
1229 1039 1312 1066 κακία
1346 1040 1480 1076 προϊοῦσα
1515 1036 1589 1065 δεινὰ
1616 1041 1701 1067 ποιεῖ.
1730 1039 1810 1076 Ἔρις
1835 1039 1888 1076 γὰρ

1053 1083 1220 1120 ἐξαπτομένη
1239 1083 1337 1114 ἐντοῖς
1362 1083 1612 1121 προάρχουσιν,ὧν
1638 1081 1705 1110 ἔνιοι
1730 1083 1777 1110 καὶ
1806 1094 1890 1121 μεγα-

1054 1128 1240 1166 λοσχήμονες,
1260 1129 1364 1163 πυρσοῦ
1389 1126 1468 1162 δίκην
1492 1126 1660 1163 καταμηνύει
1689 1130 1749 1159 τοῖς
1772 1127 1888 1155 ἑκαστα-

1052 1175 1105 1211 χοῦ
1132 1173 1195 1204 τοὺς
1217 1172 1278 1209 περὶ
1303 1170 1350 1199 ἕνα
1370 1171 1431 1199 τινὰ
1454 1171 1536 1198 τόπον
1564 1170 1777 1208 ἀνδριζομένους
1806 1183 1888 1208 μονα-

1051 1217 1120 1255 χοὺς
1147 1217 1216 1244 κατὰ
1243 1218 1297 1244 τῶν
1325 1216 1342 1250 ἢ
1371 1216 1564 1254 γειτνιώντων,
1594 1215 1612 1250 ἢ
1642 1216 1738 1247 ἄλλως
1764 1217 1814 1252 μὲν
1838 1217 1890 1255 ἀφ-

1052 1262 1187 1295 εστώτων,
1203 1258 1444 1298 περιϐλεπομένων
1465 1259 1494 1288 δὲ
1517 1263 1575 1291 τοῖς
1599 1259 1731 1297 ὑψηλοῖς,
1747 1262 1888 1300 καθηγου-

1054 1307 1146 1343 μένοις
1162 1306 1198 1336 ὡς
1214 1305 1267 1333 ἀπὸ
1283 1307 1406 1337 σκοπιᾶς.

1168 1359 1219 1387 Καὶ
1236 1359 1333 1397 συχνὸν
1349 1358 1374 1386 ἐν
1399 1361 1457 1389 τοῖς
1481 1358 1618 1389 τοιούτοις
1645 1358 1675 1386 ὲκ
1698 1361 1747 1386 τοῦ
1765 1369 1886 1394 πυρσευα

1053 1414 1136 1441 ματος
1150 1404 1242 1440 νόημα
1257 1405 1274 1438 ἡ
1289 1404 1366 1442 ψυχὴ
1383 1406 1546 1442 φωταγωγεῖ
1558 1400 1599 1430 τόι
1618 1415 1632 1428 «
1647 1402 1679 1431 Εἰ
1697 1401 1726 1430 δὲ
1746 1403 1885 1431 Θεσσαλο-

1050 1449 1112 1484 νίκη
1129 1448 1214 1480 οῧτως
1228 1447 1368 1486 ἀνδρείους
1385 1447 1503 1486 ἕκτρὲφει
1529 1447 1679 1485 μοναχοὺς,
1696 1448 1721 1475 οἳ
1747 1448 1792 1475 καὶ
1817 1448 1885 1476 κατᾶ

1050 1493 1169 1522 κανόνων
1183 1493 1227 1520 καὶ
1243 1492 1334 1529 νόμων
1352 1491 1534 1530 ἀνδρίζονται,
1550 1491 1596 1520 καὶ
1614 1492 1661 1519 τὸν
1684 1493 1817 1530 ἀρχιερέα
1836 1504 1885 1521 πι-

1051 1540 1220 1576 ριφρονοῦσι,
1235 1538 1279 1565 καὶ
1296 1536 1385 1569 οὐδεὶς
1401 1536 1465 1564 οὐδὲ
1491 1536 1571 1576 λόγον
1597 1537 1714 1575 ἆνταίρει
1739 1537 1811 1572 πρὸς
1834 1537 1886 1566 αὗ-

1049 1582 1124 1614 τούς·
1140 1583 1166 1610 τί
1182 1581 1215 1618 δή
1231 1592 1297 1610 ποτε
1311 1583 1392 1618 ἡμεῖς
1410 1581 1478 1609 ἐνεοὶ
1494 1582 1646 1618 καθήμεθα,
1659 1581 1697 1613 ὡς
1717 1582 1763 1609 οἷα
1778 1582 1826 1609 καὶ
1842 1581 1886 1609 ἐγ-

1050 1627 1285 1665 πεπληγότες,καὶ
1299 1637 1335 1663 μη
1341 1625 1370 1653 δὲ
1381 1627 1460 1664 χερσῖ
1469 1627 1513 1654 καὶ
1527 1627 1642 1663 στόμασι
1653 1625 1841 1662 διοικούμενοι
1851 1637 1859 1661 ;
1869 1638 1884 1652 υ

1049 1672 1099 1700 Καὶ
1114 1671 1208 1699 αὐτίκα
1221 1672 1252 1699 τὸ
1266 1675 1316 1706 τῆς
1330 1673 1423 1709 ψυχῆς
1438 1670 1610 1708 θυμούμενον
1627 1670 1654 1698 εἷ’
1671 1681 1723 1698 που
1738 1670 1785 1698 καὶ
1808 1670 1883 1699 ἐκοι-

1051 1720 1131 1753 μᾶτο,
1155 1716 1362 1755 ἀφυπνίσαντες,
1378 1715 1423 1742 καὶ
1439 1714 1487 1742 ὅσα
1504 1714 1590 1742 δεινὸν
1614 1714 1731 1750 ὁπλίτην
1755 1715 1772 1750 ἢ
1799 1726 1884 1753 στρι-

1048 1761 1131 1799 τηγὸν
1149 1760 1281 1797 (καθάκεις
1305 1759 1500 1798 ἐφιλοσόφησε)
1515 1760 1729 1798 καταφράξαντες
1755 1759 1882 1798 χορηγίᾳ

1049 1805 1225 1844 παντευχίας,
1255 1803 1351 1832 ὁποίαν
1383 1805 1458 1832 αὖτοῖ
1490 1804 1643 1841 μεθοδεύειν
1671 1805 1883 1842 κακομηχάνως

1049 1848 1163 1884 οἷ’δασιν,
1193 1849 1419 1881 ἀποκαθίσταντςιι
1448 1849 1487 1880 εἷς
1529 1849 1604 1886 ἱεροῦ
1643 1859 1717 1880 τινος
1751 1849 1880 1885 πολέμου

1048 1895 1186 1932 στρατιάν.
1216 1894 1267 1922 Καὶ
1295 1894 1356 1920 ὅσον
1384 1893 1430 1929 μὲν
1458 1893 1483 1920 ἐν
1523 1893 1618 1924 αὐτοῖς
1655 1891 1878 1931 μεγαλόσχημον

1048 1939 1093 1966 καὶ
1117 1938 1311 1976 ὴγουμενικὸν,
1333 1936 1473 1974 ἐλλοχῶσι
1497 1937 1565 1965 κατὰ
1585 1939 1639 1964 τῶν
1655 1936 1731 1965 οὐδὲν
1764 1937 1811 1974 μὲν
1841 1938 1882 1965 αἷ-

1048 1983 1123 2018 τίων,
1151 1981 1387 2020 προσδοκωμένων
1419 1981 1447 2009 δὲ
1476 1979 1677 2017 ἀντιϐήσεσθαι,
1694 1982 1732 2013 εἲς
1762 1982 1882 2021 ἐμφανὲς

1048 2028 1270 2066 προστησάμενοι
1295 2027 1358 2057 τοὺς
1383 2026 1509 2057 λοιπούς.
1531 2026 1562 2055 Εἰ
1588 2025 1616 2054 δέ.
1641 2037 1695 2054 που
1718 2027 1762 2054 καὶ
1780 2037 1878 2065 φωρα-

1049 2074 1127 2105 θῶσι,
1160 2071 1248 2109 λόχου
1283 2070 1360 2104 δίκην
1401 2072 1616 2107 ὑποκαθήμενοι,
1658 2070 1798 2106 ἑκπηδῶσι
1833 2072 1879 2099 καὶ

1049 2116 1135 2144 αὐτοί·
1152 2116 1196 2144 καὶ
1221 2116 1399 2147 καταστάντες
1421 2116 1459 2147 εἷς
1485 2116 1621 2152 μέτωπον,
1646 2116 1691 2143 καὶ
1715 2117 1765 2152 τήν
1802 2116 1877 2152 τάξιν

1047 2162 1244 2198 κοσμήσαντες,
1262 2160 1388 2199 ἐπαφιᾶσι
1419 2161 1469 2195 τὴν
1483 2161 1708 2200 ’μικροσχήμονα
1737 2160 1878 2199 φάλαγγα,

1047 2205 1092 2233 καὶ
1122 2205 1231 2232 ἀνύουσι
1260 2204 1293 2232 δι’
1317 2204 1451 2240 αὖτῶν,εί
1477 2205 1522 2231 καὶ
1551 2205 1589 2240 μὴ
1618 2205 1651 2231 τὰ
1671 2203 1774 2240 Θελητὰ
1803 2205 1878 2244 σφίσι

1048 2249 1093 2277 διὰ
1119 2251 1169 2284 τήν
1199 2250 1229 2277 ἐκ
1255 2251 1321 2277 Θεοῦ
1350 2250 1394 2276 καὶ
1436 2248 1571 2287 βασιλέως
1599 2249 1676 2287 ἁγίου
1706 2248 1877 2287 ἐπικουρίαν,

1049 2295 1099 2321 ὅσα
1126 2296 1190 2332 γοῦν
1219 2292 1354 2322 δύνανται.
1382 2293 1420 2322 Οὐ
1447 2294 1484 2330 μή
1525 2294 1576 2331 γὰρ
1615 2293 1759 2332 φείσωνται
1791 2294 1879 2332 ψυχαὶ

1048 2341 1182 2374 τοιαῦται,
1201 2337 1225 2365 εἴ
1250 2339 1288 2374 μή
1312 2338 1357 2365 καὶ
1381 2337 1589 2370 θανατώσουσιν.
1607 2338 1692 2368 Οὗτος
1721 2338 1735 2365 ὁ
1765 2337 1879 2373 ζῆλοςὸ

1049 2383 1086 2414 εἰς
1112 2383 1192 2410 κακὸν
1221 2381 1336 2417 ἐξώλεσε
1362 2382 1396 2410 τὰ
1424 2381 1449 2409 ἐν
1476 2383 1554 2418 ἡμῖν,
1572 2381 1624 2409 εἴτε
1654 2382 1774 2414 ἐντεῦθεν
1801 2382 1879 2419 ἀρξά-

1049 2438 1140 2465 μενος,
1170 2427 1215 2454 καὶ
1244 2425 1379 2457 διαδοθεῖς
1404 2425 1455 2457 ἓως
1491 2426 1536 2454 καὶ
1566 2426 1604 2457 εἷς
1633 2429 1766 2464 Μυρτῷον
1797 2427 1878 2454 αὐτὸν

1046 2471 1162 2506 κόλπον,
1190 2471 1235 2499 καὶ
1264 2472 1310 2498 τὸν
1338 2471 1459 2498 ἐπέκεινα
1482 2470 1649 2507 Μαλειακὺν⁷
1679 2471 1722 2498 καὶ
1762 2471 1807 2498 τὸν
1837 2469 1877 2498 ἔτι

168 2516 335 2556 ποῤῥωτὲρω
361 2517 467 2552 Ἰόνιον,
484 2516 528 2544 καὶ
558 2517 631 2544 οὕτω
659 2515 693 2543 τὸ,
718 2516 828 2553 ἑσπέρια
856 2517 1018 2554 περιζώσας·
1035 2518 1053 2552 ἢ
1069 2517 1154 2555 τυχὸν
1184 2515 1283 2548 ἐκεῖθεν
1314 2513 1409 2547 διαϐὰς
1437 2515 1481 2543 ἐπὶ
1509 2516 1542 2543 τὰ
1565 2516 1625 2547 καθ’
1641 2516 1724 2552 ἡμᾶς,
1741 2515 1806 2543 ὡσεῖ
1832 2516 1876 2543 καὶ

167 2573 194 2590 τι
210 2560 346 2598 λοιμῶδες
361 2562 454 2594 κακὸν,
471 2562 567 2588 ὁποῖον
583 2561 628 2588 καὶ
642 2561 673 2588 τὸ
688 2559 772 2588 πάλαι
789 2561 855 2588 ποτὶ
870 2562 1110 2599 συγγεγραμμένον
1127 2558 1295 2590 Αἶθιοπικόν.

203 2618 263 2646 168.
281 2617 302 2645 Ο
314 2618 404 2646 aciem
422 2618 634 2645 monachorum
652 2615 735 2652 nigro
761 2615 848 2651 pallio
877 2617 993 2645 induto-

164 2671 230 2692 rum
244 2663 250 2690 l
271 2671 286 2690 ο
303 2663 481 2698 phalangum
497 2662 608 2690 variam
624 2660 848 2697 dispositionem
864 2661 990 2689 lOmitto

163 2708 242 2736 enim
259 2707 362 2735 leviter
378 2709 507 2735 armatos
523 2706 644 2742 pedites.
660 2708 679 2732 Ο
690 2705 850 2733 monachos
865 2706 989 2741 equites,

164 2754 375 2779 Centaurorum
406 2751 464 2777 fere
494 2749 617 2784 similes,
643 2750 720 2785 apud
742 2757 817 2785 quos
841 2750 868 2776 id
899 2758 990 2777 unum

166 2794 300 2822 mirabile
309 2795 385 2831 quod
399 2794 448 2831 qui
466 2803 555 2831 super
565 2794 681 2822 asinum
694 2802 845 2829 nunquam
854 2795 992 2822 ascende-

167 2841 238 2865 runt
252 2841 318 2874 post
332 2839 755 2875 tousuramequosindomitos
772 2839 992 2868 dexteremode-

1086 2616 1153 2653 ρξη¹.
1169 2619 1199 2642 Ὠ
1214 2617 1262 2643 τοῦ
1285 2617 1340 2642 τῶν
1366 2607 1576 2653 μελαγχλοίίνων
1606 2613 1684 2642 τοῦδε
1713 2614 1875 2653 φωσσατουῐ

1045 2660 1079 2687 Ὠ
1102 2663 1151 2695 τῆς
1174 2662 1227 2687 τῶν
1252 2660 1372 2697 κεράτιον
1397 2659 1530 2694 ποικίλης
1555 2658 1713 2694 ὃιασκευῆςῐ
1732 2659 1786 2687 Ἐὦ
1813 2657 1876 2689 τοὺς

1047 2704 1146 2741 ψιλοὺς
1184 2705 1230 2732 καὶ
1267 2704 1452 2741 πεζεταίρους.
1483 2703 1559 2733 Ἀλλ’
1584 2703 1606 2731 ὣ
1640 2706 1694 2731 τῶν
1722 2703 1874 2731 ἱππικωτά-

1046 2760 1101 2776 των
1128 2751 1276 2787 μοναχῶνί
1307 2751 1358 2776 τῶν
1390 2749 1421 2776 οὐ
1458 2747 1604 2786 παραπολὺ
1642 2748 1810 2786 Κενταύρων,
1840 2746 1875 2774 ὦν

1049 2795 1135 2823 ἐκεῖνο
1158 2795 1202 2823 καὶ
1229 2795 1310 2832 μόνον
1339 2795 1485 2831 θαυμάζειν
1517 2793 1601 2832 ἄξιον,
1618 2795 1654 2826 ὡς
1683 2795 1709 2822 οἱ
1738 2793 1875 2831 μηδέποτε

1049 2839 1087 2872 εἱς
1115 2838 1175 2868 ξένον
1203 2842 1266 2879 γοῦν
1296 2837 1525 2877 ἀναϐεϐλημένοι,
1555 2838 1636 2877 δεξιοὶ
1673 2839 1721 2870 τὰς
1760 2837 1874 2869 ἱππικὰς
