2002 3158
105 156 156 186 869

595 149 647 180 DE
667 148 914 179 EMENDANDA
934 147 1028 178 VITA
1051 147 1288 179 MONACHIGA.

1730 153 1792 183 870

103 220 210 258 ἐξελίξας
233 218 299 254 μετά
321 216 371 251 τήν
393 216 492 254 κουρὰν
520 213 745 251 ἀπεκϐεϐήκασιν,
774 213 905 252 δαιμονο-

969 217 1076 250 rantur,
1093 224 1109 243 a
1124 215 1239 244 diabolo
1249 217 1335 244 istam
1346 218 1556 253 equitationem
1569 220 1784 256 cdocti,quibus

104 265 203 304 φόρητον
226 261 353 290 ἱππασίαν
387 261 487 296 ταύτην
511 259 781 304 δεδιδαγμένοιθῄοἷς
804 259 846 286 ἀεὶ
873 257 908 304 δι’

103 302 199 349 έφέσεως
222 308 239 342 ἡ
263 307 433 343 πνευματικὴ
463 305 509 342 μὶν
540 303 639 332 οὔκουν
664 302 803 339 ἀνάϐασις,
834 305 851 339 ἡ
879 302 908 331 δὲ

105 348 157 392 παρ’
177 353 254 387 αὐτήν
271 372 277 379 .
301 351 373 389 Πρὸς
397 351 449 388 γὰρ
475 352 534 381 τοῖς
556 348 655 380 ἄλλοις
685 348 747 377 οὐδὲ
776 349 907 385 ἡμιόνοις

106 398 210 427 ἐθέλουσι
233 398 370 434 χρᾶσθαι,
395 394 468 423 ἀλλὰ
492 394 527 422 δι’
545 393 639 422 ’ίππων
671 394 786 432 εὐγενῶν
810 403 907 430 κατορ-

105 444 194 482 χεῖσθαι
220 440 465 479 πραγματεύονται,
492 439 537 467 καὶ
566 438 653 466 αὐτῶν
685 437 833 466 ὠκυπόδων
863 436 909 465 καί

105 486 254 525 δρομάδων,
286 484 396 516 ὁποίους
432 483 598 523 νικηφόρους
627 484 644 518 ἡ
675 483 908 521 ἀντιπαρεξέτασις

105 531 251 568 έπιλέγεται·
279 529 317 560 ὡς
341 529 536 565 έξανεμοῦσθαι
560 527 599 559 εἷς
614 527 710 565 τάχος,
738 526 827 555 εἵπου
843 525 909 554 διώ.

102 577 178 611 κιινῆ
201 574 304 615 φεύγειν
332 573 434 609 δεήσει.
459 573 611 610 Βαρύνουσι
637 572 666 600 δὲ
689 572 733 600 καὶ
751 573 799 607 τὴν
822 570 908 607 δεξιὰν

102 621 221 659 κορύναις,
248 619 344 656 μήπου
367 618 413 646 καὶ
438 616 628 656 ἀνδραχθέσιν,
654 617 680 644 οἱ
708 616 907 654 βριαρόχειρες·

93 651 139 694 ’καί
164 665 187 693 εἴ
210 674 250 697 τις
275 663 367 694 αὐτοῖς
395 661 543 699 ἐμπελάσει
579 661 742 699 μισούμενος
759 685 767 698 ,
795 660 910 699 καταφέο

101 720 179 748 ρουσιν
199 709 363 748 ἀφορήτους·
393 707 437 735 καὶ
467 704 653 744 συντρίϐοντες
684 706 730 733 τὸν
759 705 909 743 πληγέντα,

102 756 148 782 εἶτα
167 755 332 791 καυχῶνται,
355 752 393 779 ὡς
413 754 533 789 γενναῖοι
547 751 591 779 καὶ
617 751 788 787 παλαμναῖοι
802 749 910 776 πεπλα-

102 799 192 836 σμένοι,
219 798 295 826 αὐτοὶ
323 797 433 827 πάντως
459 798 609 831 τηνικαῦτα
636 795 687 823 ὑπὸ
710 797 758 823 τοῦ
774 793 910 830 πολιμίου

101 843 273 880 πληττόμενοι
290 841 430 878 δαίμονος·
445 840 474 872 ὃς
487 839 636 878 ἀνδρίζεται
652 841 709 867 κατ’
721 839 820 867 αὐτῶν.

963 268 1080 296 semper
1108 260 1136 288 in
1165 261 1240 288 votis
1274 262 1406 290 ascensio
1444 271 1499 291 non
1528 264 1700 299 spiritualis,
1731 267 1782 294 sed

963 305 1118 333 contraria.
1136 305 1222 332 Mulis
1253 307 1331 333 enim
1347 306 1395 334 alii
1423 307 1541 342 quidem
1571 309 1612 336 uti
1639 313 1786 346 recusant,

963 349 1014 376 sed
1031 349 1179 376 nobilibus
1194 350 1290 386 equis,
1307 351 1429 386 pedibus
1455 352 1564 387 rapidis
1588 355 1616 380 et
1631 353 1786 391 celeribus,

963 393 1174 429 victoriamque
1195 393 1224 421 in
1250 402 1392 423 concursu
1419 397 1637 432 reportantibus
1662 398 1786 426 circum-

964 437 1010 473 agi
1026 438 1158 474 cupiunt,
1181 441 1210 466 et
1233 439 1329 466 ventis
1355 441 1550 476 promptiores
1580 441 1722 476 feruntur,
1739 444 1787 471 ubi

964 482 1064 517 fugere
1080 485 1130 510 aut
1145 483 1280 518 persequi
1303 486 1426 520 oportet.
1443 485 1596 513 Dexteram
1622 487 1709 514 etiam
1727 489 1787 515 cla—

963 527 1018 560 vis,
1035 535 1070 554 ne
1085 527 1255 555 hominibus
1280 528 1399 564 quidem
1424 530 1629 565 portabilibus,
1655 532 1788 561 homines

965 580 1054 599 manu
1077 571 1173 599 valida
1196 576 1328 607 onerant,
1356 581 1465 609 easque
1491 583 1548 602 non
1570 576 1705 605 ferendas
1721 577 1789 614 inji-

964 616 1055 649 ciunt,
1072 617 1188 652 quando
1204 617 1324 645 odiosus
1350 617 1456 654 aliquis
1471 619 1576 647 obvius
1599 623 1653 648 est.
1671 622 1705 649 Et
1720 630 1787 650 cum

964 662 1150 690 vulneratum
1165 663 1366 698 contriverint,
1383 663 1546 700 gloriantur
1566 666 1650 701 quasi
1667 675 1697 694 re
1713 667 1785 695 bene

965 709 1057 742 gesta,
1073 709 1102 734 et
1131 706 1198 734 facti
1228 715 1316 735 manu
1333 708 1477 735 cruentati
1503 709 1576 744 (18);
1608 710 1663 745 ipsi
1690 713 1788 739 autem

965 752 1067 780 eodem
1082 754 1214 788 tempore
1229 762 1245 781 a
1267 753 1383 781 diabolo
1407 754 1523 782 inimico
1552 755 1721 793 vincuntur,
1737 758 1788 793 qui

965 799 1078 833 pugnat
1095 797 1234 825 adversus
1250 805 1310 826 eos.

131 889 187 926 ρξθ’.
205 886 309 916 Πολλοὶ
337 885 366 914 δὲ
391 885 444 913 τῶν
472 885 605 913 τοιούτων
634 884 680 912 καὶ
709 882 885 923 τοξοφοροῦσι
902 905 910 919 ,

131 933 136 938 .
169 933 176 938 .
211 935 223 938 _
284 931 326 938 λη
429 930 436 938 ι
468 929 475 938 ,
575 930 581 938 ,
679 929 685 938 ,
805 929 829 938 ι..

1003 885 1064 913 169.
1081 886 1160 914 Inter
1178 894 1228 914 eos
1261 886 1347 914 multi
1363 895 1448 914 arcus
1483 888 1590 923 ferunt,
1609 890 1637 916 et
1665 889 1724 917 tela
1740 889 1791 922 ja-

101 933 138 960 καὶ
164 933 252 972 ἀφιᾶσι
284 931 365 970 βέλη·
392 930 437 957 καὶ
467 929 643 967 ἐπιτυχόντας
673 929 889 972 ἀνακαγχάζουσι
905 947 911 954 .

101 977 222 1005 Γιλῶνται
239 976 269 1004 at
283 975 335 1014 ἄρα
361 976 423 1003 τότε
453 974 528 1002 αὐτοὶ
549 974 601 1002 ὑπὸ
617 976 666 1002 τοῦ
681 973 706 1009 ἐξ
722 973 828 1012 ἀφανῶν
847 971 913 1010 βάλ-

100 1022 183 1053 λοντος
205 1020 295 1049 δεινοῦ
321 1020 443 1056 τοξότου,
469 1018 524 1054 ἤδη
549 1017 578 1046 δὲ
599 1018 644 1046 καὶ
671 1017 795 1051 δυνατοῦ,
822 1016 844 1044 εἰ
869 1016 913 1044 καὶ

97 1065 178 1097 ἄλλως
202 1066 299 1100 ἀσθενῆ
326 1065 408 1092 αὐτοῦ
432 1063 466 1091 τὰ
485 1063 549 1100 τόξα
576 1061 618 1090 ἐπὶ
643 1065 701 1094 τοῖς
728 1061 851 1093 δυνατοῖς
866 1063 914 1088 τοῦ

98 1112 164 1140 Θεοῦ.
192 1109 223 1139 Εἰ
247 1109 279 1138 δὶ
299 1112 357 1140 τοῖς
386 1107 629 1146 ὲπαγγειλαμὲνοις
660 1107 785 1144 μονάζειν
814 1105 912 1142 ἔπεισι¹

96 1155 133 1183 καὶ
154 1154 266 1186 λαϊκοὺς
291 1152 466 1191 ὁπλοφόρους
500 1150 574 1191 ἔχειν
602 1151 770 1183 ὑπασπιστὰς
789 1174 796 1187 ,
825 1148 915 1188 ἔχοιεν

97 1199 122 1228 ἂν
136 1198 197 1230 ἴσως
211 1199 279 1227 αὐτὸ
303 1197 441 1236 ἀπόλογον
462 1197 508 1224 τὸν
533 1197 570 1228 ὡς
586 1195 630 1224 ἐπὶ
654 1195 787 1235 ἀσφαλείᾳ
804 1197 839 1232 τῇ
854 1200 904 1227 καθ

96 1242 159 1272 ὁδόν.
186 1243 394 1272 Καθυλακτοῦσι
423 1240 452 1269 δὲ
479 1244 529 1276 τῆς
555 1239 685 1275 τοιαύτης
709 1239 858 1278 ἀπολογίας
881 1239 908 1266 οῗ

99 1286 186 1315 ὀπαδοὶ
212 1287 292 1318 κόνις
310 1308 317 1320 ,
343 1285 389 1317 οὓς
419 1285 591 1323 ἐπισύρονται
618 1283 800 1323 ἀγρεύοντες·
830 1294 912 1311 κατοι-

96 1332 214 1367 κλάζουσι
231 1330 261 1360 δὲ
286 1331 331 1359 καὶ
355 1331 381 1358 οἱ
403 1330 545 1368 θηρατικοὶ
570 1328 668 1366 ὄρνεις,
689 1328 736 1361 οὓς
751 1328 794 1356 ἀπὶ
810 1330 911 1366 χειρῶν

97 1375 217 1415 αἴρουσιν,
237 1375 289 1404 ’ίνα
313 1372 603 1411 συνεπιλαμϐάνωνται
627 1377 677 1409 τῆς
703 1374 787 1411 Θήρας
808 1373 911 1404 αὐτοῖς.

95 1422 152 1450 Ότι
176 1421 220 1449 καὶ
252 1419 360 1451 πλατὺς
397 1419 485 1447 αὐτῶν
518 1419 678 1456 καταχέεται
717 1420 814 1454 μῶμος
842 1418 912 1455 πρὸς

95 1467 139 1494 τῶν
167 1466 296 1503 ὁρώντων
325 1463 423 1495 αὐτοὺς
453 1462 524 1490 οὕτω
554 1461 764 1500 παροδεύοντας⁸
794 1461 867 1499 εἷ’περ
897 1462 910 1489 ὁ

96 1509 136 1546 μέν
157 1521 198 1542 τις
223 1509 334 1538 ἐκείνων
360 1507 424 1536 ὁδοῦ
453 1505 600 1538 σπουδαίας
624 1508 737 1544 γίνεται,
763 1507 777 1533 ὁ
803 1505 831 1533 δὲ
850 1505 911 1543 ἀρό-

93 1565 143 1593 τρῳ
170 1555 275 1593 σχίζων
314 1554 366 1588 τήν
401 1556 452 1591 γῆν
491 1552 684 1586 καταστάζιται
707 1549 825 1589 ἱδρῶτι·
844 1551 857 1578 ὁ
882 1549 911 1578 δὲ

94 1588 205 1637 ἁέρμί
221 1588 343 1638 μερίζων
373 1588 518 1633 πονεῖται,
548 1596 565 1631 ἢ
592 1597 716 1623 σκάπτων
744 1595 837 1626 ἄλλως
867 1594 910 1622 ἐπὶ
926 1588 947 1622 C

93 1643 185 1682 φυτεία,
215 1644 261 1672 καί
292 1653 333 1670 τις
363 1641 503 1679 λαχαίνων
531 1641 610 1679 φυτὰ,
636 1640 681 1667 καὶ
707 1638 852 1678 δρυτομῶν
869 1639 915 1666 ἅλ-

93 1687 144 1723 λος,
171 1688 216 1716 καὶ
245 1687 343 1716 λοιποὶ
369 1688 492 1714 τοιοῦτοι
518 1685 663 1721 πενόμενοι
679 1683 841 1718 πολυειδῶς,
869 1683 915 1711 καὶ

93 1732 157 1761 οὕτω
177 1733 227 1767 τὴν
254 1732 342 1770 σάρκα
366 1731 494 1766 τήκοντες
523 1729 560 1757 εἷς
588 1728 658 1764 δέον,
683 1729 727 1756 καὶ
752 1729 788 1759 ὡς
813 1728 863 1756 οὐκ
885 1727 916 1755 ἂν

93 1775 148 1804 οὔτε
162 1776 310 1815 ἄνθρωπος
324 1776 414 1813 ψέγοι,
437 1773 498 1802 οὔτε
522 1774 587 1805 Θεὸς
612 1773 762 1811 ὀργίζοιτο·
779 1773 805 1800 οἱ
835 1772 864 1800 δὲ
877 1776 916 1809 τῷ

93 1821 163 1858 κόπῳ
190 1820 411 1859 ἐστοιχημένοι,
439 1819 485 1846 καὶ
508 1821 566 1850 τοῖς
593 1818 658 1856 ὑπὲρ
683 1818 778 1855 ἀρετῆς
803 1817 916 1856 ἱδρῶσιν

94 1863 368 1902 ἀποκεκληρωμένοι,
394 1863 432 1895 ὡς
454 1863 500 1891 κιὶ
527 1861 648 1902 ἀφείλειν
676 1863 815 1898 θνήσκειν,
845 1862 916 1890 οὕτω

92 1912 222 1948 περιιᾶσιν
255 1907 430 1944 ὡπλισμένοι
460 1905 528 1934 κατά
553 1917 582 1934 τε
605 1906 767 1944 ἀνθρώπων,
794 1907 862 1934 κατά
887 1917 917 1934 τε

93 1954 188 1992 θηρῶν,
203 1957 258 1982 τῶν
280 1964 311 1981 τε
334 1953 396 1990 περὶ
417 1955 480 1990 γῆν,
499 1951 544 1979 καὶ
569 1950 628 1978 ὅσοι
656 1949 684 1978 δὲ
708 1950 794 1988 ἀέριοι
822 1951 916 1990 φέρον-

90 2009 139 2028 ται.
154 1997 308 2038 Ἡρακλέες
323 1997 401 2025 αὖτοί
423 1995 516 2031 ἄλλοι,
539 1996 605 2032 μήτι
630 1993 659 2022 δὲ
684 1995 729 2022 καὶ
757 1995 822 2032 ὑπὲρ
847 1993 917 2022 ἐκεῖ·

91 2053 130 2070 νον
157 2044 204 2072 τὸν
230 2042 364 2071 παλαιόν.
394 2041 444 2069 Καὶ
473 2043 554 2068 τοῦτο
583 2039 730 2077 ἐπιψόγως.
753 2039 781 2066 Ὀ
805 2039 852 2075 μέν
867 2039 916 2077 γὰρ

91 2089 206 2127 φαύλους
246 2088 430 2126 ἀνθρώπους,
457 2086 501 2114 καὶ
542 2085 701 2116 ἀδικοῦντας
737 2086 844 2123 θῆρας,
873 2080 917 2112 καἰ

90 2134 174 2168 πτηνᾶ
190 2133 353 2170 βλάπτοντα
363 2131 394 2160 ἐκ
406 2131 488 2168 μέσου
503 2131 592 2168 ἀπῆγε
608 2130 707 2168 μόχθῳ
722 2130 792 2156 πάνυ
806 2128 918 2171 πολλῷ,

89 2178 128 2205 καὶ
157 2178 226 2206 αὐτὰ
255 2177 289 2205 οὐ
318 2175 346 2204 δὲ
369 2176 450 2211 ἑκὼν,
481 2174 555 2203 ἀλλὰ
584 2174 766 2211 ἀεκαζόμενος
796 2174 852 2211 μὲν,
880 2174 917 2211 μὴ

90 2219 155 2259 ἔχων
179 2221 209 2249 δὶ
235 2217 401 2249 ἀντιϐαίνειν
426 2221 466 2255 τῷ
491 2218 673 2247 ἰπιτάσσοντι·
701 2217 778 2245 αὐτοὶ
805 2216 834 2245 δὶ
856 2228 919 2256 τρυ-

969 931 1067 964 ciunt;
1086 939 1152 958 cum
1177 939 1298 967 scopum
1329 932 1487 967 attingunt,
1517 933 1703 961 cachinnant.
1731 934 1790 970 Ipsi

969 977 1066 1002 autem
1082 975 1252 1003 deridentur
1267 984 1283 1003 ιι
1300 977 1454 1004 metuendo
1469 976 1621 1012 sagittario
1642 986 1673 1005 ex
1691 978 1790 1005 occul-

968 1019 1006 1047 tis
1023 1020 1142 1052 ferente,
1158 1023 1186 1047 et
1213 1020 1391 1054 dominante,
1416 1020 1483 1048 licet
1497 1021 1554 1048 tela
1578 1021 1641 1056 ejus
1658 1022 1790 1050 imbellis.

970 1064 1105 1092 decidant
1133 1064 1272 1092 adversus
1303 1067 1434 1099 potentes
1462 1065 1522 1092 Dei.
1553 1065 1582 1093 Si
1599 1070 1792 1101 sequerentur

970 1109 1105 1137 homines
1120 1109 1170 1144 qui
1188 1109 1385 1144 promiserunt
1399 1109 1589 1137 solitudinem
1606 1118 1637 1138 se
1659 1115 1790 1139 servatu-

970 1163 1027 1188 ros,
1043 1156 1071 1181 et
1087 1153 1176 1181 laicos
1191 1155 1321 1180 armatos
1337 1153 1477 1181 satellites
1499 1153 1605 1182 habere
1626 1156 1792 1191 spoponde-

969 1202 1048 1235 runt,
1079 1199 1155 1226 hanc
1183 1198 1399 1226 excusationem
1417 1199 1453 1226 de
1477 1199 1523 1227 via
1554 1201 1677 1228 tutanda
1702 1201 1792 1229 babe-

968 1247 1042 1274 rent.
1059 1245 1128 1273 Eam
1151 1246 1249 1272 autem
1278 1244 1442 1281 apologiam
1471 1244 1627 1273 latratibus
1652 1246 1792 1275 refellunt

968 1297 1055 1317 canes
1070 1291 1237 1325 sequentes,
1254 1297 1328 1324 quos
1354 1291 1504 1317 venatores
1527 1289 1666 1324 excitant,
1683 1293 1712 1318 et
1727 1299 1790 1319 ms.-

968 1334 1065 1368 nibus,
1083 1336 1115 1361 ut
1130 1333 1166 1360 de
1189 1332 1352 1361 venationis
1372 1341 1473 1360 earum
1498 1334 1558 1361 sint
1574 1335 1741 1370 participes.
1759 1335 1793 1363 Et

966 1378 1031 1406 ideo
1046 1377 1172 1414 graviter
1200 1377 1359 1405 irridentur
1373 1378 1408 1405 ab
1426 1377 1460 1405 iis
1482 1378 1532 1413 qui
1548 1387 1597 1406 eos
1613 1379 1656 1406 sic
1671 1379 1726 1407 iter
1745 1379 1792 1407 fa-

967 1423 1076 1451 cientes
1092 1422 1248 1458 aspiciunt,
1266 1422 1291 1449 si
1320 1422 1386 1458 quis
1415 1422 1495 1450 citati
1524 1423 1637 1451 itineris
1661 1424 1791 1452 sumitur

966 1467 1073 1500 socius,
1090 1470 1119 1494 et
1134 1466 1207 1494 alter
1223 1469 1328 1494 terram
1344 1469 1441 1494 aratro
1457 1475 1560 1494 secans
1573 1468 1730 1496 sudoribus
1746 1476 1790 1496 re-

966 1512 1087 1540 solvitur
1101 1519 1107 1538 :
1120 1510 1196 1538 alius
1208 1511 1348 1546 fatigatur
1363 1510 1664 1547 seminajaciens,aut
1678 1512 1791 1540 fodiens

965 1556 1041 1584 alius
1056 1555 1090 1582 ad
1121 1554 1326 1590 plantandum.
1352 1557 1380 1581 et
1409 1554 1457 1582 ille
1485 1555 1583 1582 colens
1607 1563 1727 1583 nemora
1742 1557 1793 1583 aut

970 1608 1099 1637 purgans
1128 1599 1185 1627 alio
1202 1599 1298 1632 modo,
1327 1602 1355 1627 et
1369 1600 1462 1626 caeteri
1491 1600 1602 1627 similes
1632 1600 1681 1636 qui
1697 1600 1793 1628 omni-

971 1645 1026 1673 bus
1051 1644 1148 1672 modis
1177 1643 1348 1679 fatigantur,
1378 1643 1488 1679 sicque,
1520 1647 1552 1671 ut
1579 1646 1702 1680 oportet,
1728 1653 1794 1673 car-

970 1697 1037 1717 nem
1054 1690 1214 1722 macerant,
1231 1688 1265 1715 de
1291 1688 1400 1724 quibus
1424 1696 1475 1716 nec
1500 1689 1587 1716 homo
1613 1691 1792 1724 quereretur,

970 1742 1023 1762 nec
1051 1732 1127 1760 Deus
1156 1732 1341 1760 irasceretur.
1373 1732 1426 1764 Qui
1454 1731 1546 1760 labori
1576 1732 1683 1760 addicti
1712 1735 1794 1768 sunt,

971 1778 1022 1814 qui
1049 1778 1083 1806 ad
1113 1777 1235 1806 sudores
1263 1777 1381 1806 virtutis
1409 1778 1501 1806 vocati
1530 1780 1610 1813 sunt,
1641 1786 1733 1813 usque
1757 1778 1794 1806 ad

972 1825 1108 1858 mortem,
1124 1831 1190 1850 ecce
1205 1822 1454 1850 circumferuntur
1469 1823 1573 1851 armati
1589 1823 1730 1851 adversus
1745 1822 1796 1851 ho-

971 1869 1066 1896 mines
1090 1870 1119 1895 et
1142 1867 1219 1895 feres
1248 1875 1311 1903 quas
1341 1871 1411 1895 sunt
1437 1876 1526 1903 super
1550 1870 1669 1902 terram,
1699 1867 1795 1896 autin

972 1921 1037 1940 aere
1053 1912 1188 1940 volitant.
1205 1912 1262 1948 Ipsi
1280 1911 1329 1939 alii
1356 1912 1502 1945 Hercules,
1519 1913 1578 1940 imo
1595 1913 1716 1948 antiquo
1731 1921 1796 1940 ma-

969 1959 1059 1994 jores.
1077 1957 1111 1984 Et
1126 1956 1180 1985 hoc
1196 1965 1252 1984 non
1266 1956 1422 1985 immerito.
1442 1957 1491 1985 Ille
1502 1957 1577 1985 enim
1596 1958 1689 1985 malos
1704 1957 1798 1985 homi-

973 2010 1025 2030 nes
1040 2000 1174 2029 crudeles
1201 2001 1286 2034 ferss,
1313 2003 1341 2028 et
1371 2001 1502 2029 volucres
1519 2001 1620 2029 noxias
1649 2002 1684 2029 de
1700 2002 1796 2029 medio

973 2045 1101 2073 multum
1112 2053 1177 2072 cum
1191 2044 1290 2072 labore
1300 2044 1440 2078 sustulit;
1457 2048 1486 2072 et
1497 2045 1553 2073 ista
1565 2053 1621 2072 non
1635 2044 1797 2078 1ibens,sed

973 2089 1082 2117 invitus
1093 2088 1269 2124 jubentique
1294 2097 1350 2116 non
1379 2088 1478 2116 valens
1494 2089 1639 2116 resistere.
1670 2088 1720 2115 Isti
1746 2096 1797 2115 au-

973 2137 1032 2162 tem
1049 2134 1085 2161 ob
1101 2133 1220 2161 delicias
1242 2133 1404 2167 indecoras,
1433 2133 1558 2161 libenter
1587 2133 1798 2168 aggrediuntur

974 2179 1156 2213 innocentes,
1173 2177 1221 2213 qui
1237 2187 1253 2205 a
1278 2177 1420 2214 principio
1445 2177 1567 2205 consilio
1584 2177 1730 2213 spirituali
1746 2186 1797 2205 su-

976 2231 1023 2259 per
1054 2224 1197 2250 mundum
1227 2222 1329 2250 elevati
1361 2223 1489 2255 fuerunt,
1530 2222 1689 2258 (quomodo
1718 2221 1797 2249 enim

88 2269 135 2300 φῆς
161 2266 281 2303 ἀκαίρου
307 2264 388 2302 χάριν
417 2262 536 2290 ἑκούσιοι
561 2262 595 2289 τὰ
623 2260 707 2299 μηδὲν
738 2260 810 2289 αἴτια
836 2272 912 2289 κατοι-

973 2268 1114 2296 mundani
1147 2271 1257 2301 essent,
1301 2269 1352 2304 qui
1385 2271 1507 2295 tonsura
1547 2268 1605 2295 Deo
1639 2267 1799 2294 consecrati

88 2305 246 2344 θάλλουσιν,
264 2309 292 2336 οἱ
310 2307 501 2344 ὑπερκόσμιοι,
526 2305 571 2333 καὶ
594 2305 671 2333 αὐτοὶ
697 2307 732 2342 τῇ
755 2305 814 2332 κατ’
827 2305 916 2344 ἀρχὴν

87 2355 256 2390 πνευματικῇ
273 2351 412 2389 προθέσει,
438 2350 577 2388 (κυσμικοὶ
603 2350 655 2388 γὰρ
682 2348 742 2380 πῶς
767 2349 797 2376 ἃν
822 2349 872 2376 εἴιν
891 2350 917 2377 oi

88 2395 129 2425 διὰ
151 2401 257 2437 κουρᾶς
287 2397 358 2425 ὅσιοι
386 2399 427 2432 τῷ
454 2398 514 2432 Θεῷ
543 2398 562 2431 ;)
591 2395 617 2422 οἱ
647 2392 916 2434 έκλεκτοί(ὅφελον)

85 2444 121 2478 τῷ
136 2442 241 2480 Κυρίῳ⁷
260 2441 285 2470 εἰ
309 2441 354 2469 καὶ
369 2440 446 2469 αὐτοὶ
472 2439 596 2468 ἐθέλουσι
613 2441 671 2470 τοῖς
696 2438 807 2478 φαύλως
831 2439 918 2477 ἡγου-

88 2487 177 2523 μένοις
194 2487 303 2515 αὐτῶν.

118 2533 166 2568 ρο’.
183 2533 218 2560 Ἠ
236 2531 291 2560 οὐκ
315 2530 402 2564 οἶδας,
428 2528 450 2558 ὣ
473 2529 637 2567 είσαγωγικὶ
663 2529 779 2566 μοναχὲ,
805 2527 846 2556 ὅτι
872 2527 916 2556 καὶ

87 2574 115 2602 σὺ
140 2575 209 2612 μετά
234 2577 289 2610 τὴν
316 2574 453 2611 ἐπίσημον
481 2574 541 2611 μὶν,
565 2573 678 2608 λειπτὴν
704 2571 732 2600 δὶ
755 2573 800 2600 καὶ
823 2572 917 2610 ἀπερι-

86 2617 207 2655 λάλητον
231 2619 336 2658 κουρὰν
366 2618 461 2646 αὐτίκα
488 2620 529 2654 τῷ
557 2619 616 2653 Θεῷ
639 2617 842 2652 καθωσιώθης;
871 2619 918 2644 Διὸ

85 2663 127 2691 καὶ
153 2666 310 2703 προσφυῶς
332 2662 450 2701 ψάλλοις
475 2661 505 2690 ἂν
529 2661 584 2690 τό·
612 2673 626 2688 ι(
651 2659 730 2697 Μηδὲ
752 2660 848 2693 δώσεις
871 2661 918 2688 τὸν

972 2314 1077 2350 sunt?)
1093 2313 1149 2349 ipsi
1164 2313 1248 2341 electi
1264 2313 1322 2341 Deo
1333 2313 1361 2350 (ο
1376 2313 1487 2341 utinam
1505 2313 1524 2348 l)
1541 2313 1608 2340 licet
1624 2320 1694 2339 suos
1708 2311 1797 2340 duces

973 2358 1067 2386 malos
1082 2359 1273 2394 anteponant.

1009 2529 1069 2556 170.
1103 2528 1206 2556 Nonne
1239 2526 1412 2563 cognovisti,
1448 2535 1464 2554 ο
1497 2526 1641 2554 monacho
1668 2526 1735 2559 tiro,
1768 2527 1797 2554 te

972 2576 1037 2609 post
1054 2576 1217 2605 tonsuram,
1233 2574 1391 2608 augustam
1404 2571 1534 2608 quidem,
1547 2571 1597 2599 sed
1614 2570 1757 2599 humilem
1769 2572 1798 2598 et

973 2625 1032 2645 non
1048 2617 1260 2653 perimendum,
1285 2616 1385 2644 statim
1412 2616 1469 2643 Deo
1491 2617 1692 2643 consecratum
1708 2613 1797 2642 esse?

972 2662 1041 2690 Ideo
1057 2665 1122 2698 apte
1137 2661 1220 2690 canis
1233 2670 1239 2690 :
1253 2673 1267 2687 ι(
1284 2663 1341 2688 Non
1357 2660 1442 2688 dabis
1457 2662 1593 2688 sanctum
1609 2662 1694 2687 tuum
1704 2657 1796 2686 videri

120 2772 177 2814 (18)
194 2770 379 2814 Παλαμναῖος
408 2771 510 2808 (manu
541 2770 716 2806 cruentatus)
735 2772 797 2798 erat
828 2770 909 2799 Jovis
937 2778 1112 2807 cognomen,
1143 2770 1213 2807 quia
1245 2777 1347 2798 cruore
1377 2769 1566 2797 inimicorum
1583 2766 1718 2803 proprias
1734 2775 1795 2795 ma-

87 2814 142 2835 nus
158 2810 304 2836 tinxerat.
