2002 3158
185 165 243 196 871

571 165 778 197 EUSTATHII
799 163 1180 195 THESSALONIGENSIS
1202 163 1496 195 METROPOLlT/E

1831 166 1893 197 872

184 230 401 267 corruptionem
413 229 446 257 ⁸³.
463 240 476 255 η
494 230 568 266 Ergo
585 229 612 257 in
637 229 805 257 servitutem
821 227 926 263 libens,
944 237 1000 257 non

1063 226 1131 255 Βσιόν
1161 237 1208 254 σου
1238 225 1304 254 ἰδεῖν
1333 226 1494 267 διαφθοράν.
1525 239 1540 254 ››
1560 225 1754 264 Ἐνδουλώθης
1768 228 1825 265 ἤδη
1862 229 1893 256 οὔ

183 277 302 303 coactus
318 275 451 303 redactus
467 283 508 303 es.
534 274 666 303 Prolatus
687 276 732 303 est
744 274 901 302 cruciﬁxus
925 273 1006 301 omni

182 320 292 348 honore
320 320 438 356 dignus,
467 327 554 356 quem
584 320 732 348 adorando
749 320 777 347 in
808 328 857 347 ore
872 320 936 355 ejus
960 327 1006 347 os-

182 364 297 393 culatus
320 373 361 392 es.
393 364 490 399 Neque
507 366 626 392 deerant
651 366 740 392 testes
765 366 820 392 tua:
845 363 1006 397 servitutis,

181 416 305 445 quorum
335 408 452 445 signum
482 409 628 444 prmterire
658 417 715 437 non
744 409 822 437 licet.
847 408 949 445 Angeli
978 408 1006 435 in

182 453 319 481 manibus
343 453 475 482 chartam
501 456 556 481 tuae
581 454 773 490 subjectionis
812 454 919 488 ferunt,
948 452 1006 480 noli

181 499 259 526 enim
276 499 417 526 arbitrare
432 501 533 526 sancta
549 498 592 526 tui
613 498 765 534 ingressus
791 498 930 535 mysteria
949 506 1007 525 non

182 550 246 570 esse
258 543 315 571 Deo
324 545 351 571 et
362 543 480 579 Angelis
492 544 555 579 ejus
567 543 862 578 vestigabilia.0uare
869 550 938 578 ergo
949 541 1008 578 pla-

181 587 244 615 citas
259 587 390 615 servituti
420 596 478 615 non
509 588 614 622 instas,
645 587 726 615 solus
747 588 824 623 apud
848 586 1006 615 Dominum

183 639 317 666 manens,
333 633 383 660 sed
408 633 524 660 frenum
552 632 702 660 conteris?
731 640 783 660 cur
798 631 882 668 quasi
899 631 1007 659 oblitus

181 678 238 704 tua!
254 677 415 710 servitutis,
431 677 642 713 circumvagari
665 679 694 704 et
708 685 806 705 errare
830 676 944 704 audes?
959 676 1008 703 Di-

181 721 267 750 vitias
278 730 329 758 pro
343 722 501 750 solitudine
513 722 655 758 reliquisti
668 732 677 750 :
689 723 739 750 sed
751 723 854 758 gaude,
867 721 1007 758 quoniam

183 767 268 795 solito
283 767 419 795 ditiorem
450 768 605 795 dominum
636 767 784 802 invenisti,
811 767 859 803 qui
889 769 918 794 te
932 766 1008 794 inter

183 819 252 839 suos
267 819 466 839 annumerans
482 820 540 839 non
556 811 584 838 in
607 811 747 848 pristinas
772 811 901 845 divitias,
917 813 1007 839 terre-

183 863 237 882 nas
246 855 397 889 scilicet,te
409 856 500 883 redire
514 856 653 892 patietur,
664 857 713 884 sed
726 857 760 883 ad
771 864 893 892 regnum
906 858 933 883 te
945 864 1007 883 ma-

183 908 223 949 nu
239 899 344 933 trahet,
358 908 410 927 nec
425 900 461 927 ad
478 899 692 936 qualecunque,
709 900 758 927 sed
776 900 811 928 ad
828 899 925 928 simile
948 899 1006 927 sui.
1022 917 1045 949 Β

183 943 224 972 Ex
239 944 416 980 pauperibus
439 953 575 980 egressus
600 953 651 972 es:
682 945 776 979 gaude
806 945 931 980 pariter:
949 953 1006 971 non

182 988 261 1016 enim
277 990 305 1016 te
321 996 477 1024 pauperem
501 997 566 1017 esse
588 988 664 1016 sinet
680 989 739 1016 Rex
763 997 876 1024 regum,
892 989 943 1016 sed
960 997 1007 1015 re-

182 1031 246 1068 gias
262 1032 376 1060 divitias
391 1032 528 1068 colligere
550 1032 646 1065 faciet,
670 1032 695 1060 si
712 1033 798 1060 modo
823 1033 1006 1061 mansionem

181 1077 258 1113 apud
274 1085 341 1104 eum
359 1077 470 1105 feceris.
499 1077 618 1113 Ignotus
643 1077 804 1105 advenisti!
831 1080 858 1105 te
873 1077 1005 1105 illustra-

181 1120 232 1149 bit.
249 1121 393 1148 Illustris:
426 1121 613 1149 illustriorem
641 1122 752 1149 reddet.
782 1122 892 1157 Magnae
910 1124 1006 1157 partes

180 1168 248 1200 tuas,
265 1174 280 1194 o
312 1166 464 1200 monache,
482 1174 548 1194 ecce
575 1166 651 1194 enim
679 1166 707 1193 in
737 1167 869 1194 ordinem
891 1166 1005 1202 regium

181 1211 311 1239 adscitus
326 1219 366 1238 es.
384 1210 431 1238 Vm
445 1213 541 1238 autem
559 1210 600 1238 illi
617 1211 666 1246 qui
684 1213 711 1238 te
736 1211 805 1238 inde
819 1210 963 1246 deprimet
978 1212 1007 1238 et

182 1255 282 1291 rapiet.
299 1255 368 1288 Quis
385 1255 438 1282 erit
464 1255 530 1287 iste,
556 1255 610 1282 nisi
642 1256 778 1291 princeps
806 1255 1004 1289 tenebrarum,

181 1301 316 1333 Satanas,
331 1300 355 1327 i
371 1300 430 1328 Deo
446 1300 567 1327 ﬁrmiter
582 1309 638 1327 non
654 1300 784 1328 adhaeres
795 1299 809 1327 ‘I

1062 273 1130 309 πρὸς
1147 272 1216 310 βίαν,
1234 271 1305 300 ἀλλὰ
1328 273 1408 301 ἑκών.
1426 272 1609 307 Προτὲτακται
1626 273 1640 299 ὁ
1655 272 1790 310 πάντιμος
1816 285 1894 301 σταυ-

1063 317 1119 353 ρὸς,
1134 317 1163 344 ’ὸν
1181 319 1376 355 προσκυνητῶς
1401 317 1443 345 ἐπ’
1469 317 1550 345 αὐτοῦ
1574 318 1724 356 προσώπου
1744 319 1891 357 ἑχάραξας.

1062 363 1122 391 Οὐκ
1136 361 1356 398 ἁπελιμπάνοντο
1376 361 1439 390 οὐδὲ
1465 363 1517 390 ἀπὸ
1542 364 1590 390 σοῦ
1607 363 1634 390 οἱ
1658 362 1683 390 ἐν
1698 364 1732 400 τῇ
1754 361 1890 392 δουλώσει

1064 407 1196 445 μάρτυρες
1219 428 1226 442 ,
1254 406 1291 434 ὧν
1332 406 1382 434 οὐκ
1419 405 1474 434 ἔστι
1511 408 1667 439 καθικέσθαι
1694 409 1890 446 παραγραφήν.

1062 450 1194 489 ’Ἄγγελοι
1209 451 1261 489 πρὸ
1276 453 1389 489 χειρῶν,
1406 452 1451 479 καὶ
1465 452 1497 479 τὸ
1513 451 1559 479 σὸν
1583 452 1693 491 φέρουσι
1722 450 1891 480 δουλόσυνον

1062 494 1203 536 ἔγγραφον.
1220 497 1264 531 Μὴ
1289 495 1340 534 γὰρ
1365 495 1460 532 νόμιζε
1485 495 1556 533 μηδὶ
1579 496 1613 524 τὸ.
1636 496 1705 524 κατὰ
1719 497 1748 524 σε
1774 497 1892 535 είσαγω-

1061 542 1126 579 γικὰ
1153 542 1209 573 θεῖα
1239 542 1373 579 μυστήρια
1399 541 1467 568 εἶναι
1497 541 1555 569 Θεῶ
1581 541 1626 569 καὶ
1649 544 1709 572 τοῖς
1734 541 1817 569 αὐτοῦ
1844 542 1893 580 ἆγ-

1061 585 1154 625 γὲλοις
1182 586 1397 622 ἀνεπισκόπητα.
1425 586 1458 614 Τί
1485 588 1549 624 γοῦν
1581 586 1612 613 οὐ
1637 586 1827 624 προπέτηκας
1856 589 1892 624 τῇ

1062 631 1262 668 εὑηριστημένῃ
1288 641 1330 658 σοι
1361 629 1486 667 δουλείᾳ,
1513 630 1558 658 καὶ
1588 630 1752 669 προσμένεις
1780 633 1820 668 τῷ
1847 630 1893 659 δε-

1062 675 1147 712 σπότῃ
1177 676 1302 712 μονάζων
1320 697 1327 710 ,
1357 675 1430 703 ἀλλὰ
1457 675 1617 713 ἀφηνιάζεις
1647 685 1654 710 ;
1685 675 1734 704 Καὶ
1765 676 1803 705 ὡς
1834 677 1894 704 οἷον

1062 719 1247 756 ἐκλαθόμενος
1276 719 1375 752 δοῦλος
1400 720 1468 748 εἶναι
1489 741 1496 754 ,
1525 719 1632 757 τολμᾷς
1669 718 1818 758 ῥέμϐεσθαι
1847 721 1893 748 καὶ

1061 763 1226 800 πλάξεσθαιί
1242 765 1290 793 Ἐκ
1313 764 1434 792 πλούτου
1461 764 1537 799 ἥκεις
1565 764 1608 792 ἰπὶ
1637 765 1689 800 τὴν
1719 765 1820 801 μονήν·
1845 766 1892 792 καί

1061 812 1152 848 χαῖρε,
1179 809 1221 836 ὅτι
1245 807 1377 844 δεσπότην
1403 809 1477 846 εὗρες
1510 808 1709 845 ὑπὲρπλουτον,
1736 810 1765 840 ὃς
1781 808 1807 837 ἐν
1832 812 1894 841 τοῖς

1062 853 1144 881 αὐτοῦ
1169 853 1393 888 ἀποκαταστήσας
1419 853 1464 880 καὶ
1489 853 1528 889 σε,
1545 854 1596 881 οὐκ
1623 853 1661 884 εἰς
1676 854 1707 881 τὸ
1727 854 1826 891 πρώην
1841 865 1893 882 κα-

1061 897 1196 933 ταὸὲξεται
1221 897 1339 926 πλοῦτον
1366 897 1542 935 ἐπαναγαγεῖν
1574 908 1603 925 σε
1630 898 1675 925 τὸν
1705 898 1865 935 περιπέζιον

1062 941 1124 970 ἀλλ’
1161 942 1199 972 είς
1238 940 1351 980 βασιλέα
1387 942 1591 980 προχειρίζεταί
1623 952 1675 970 σε·
1705 944 1750 970 καί
1781 943 1814 971 οὗ
1844 945 1892 971 τὸν

1062 987 1167 1021 ἁπλῶς,
1197 985 1271 1014 ἀλλὰ
1298 987 1344 1014 τὸν
1370 987 1429 1014 κατ’
1457 986 1537 1014 αὐτόν
1553 1007 1561 1016 .
1594 985 1670 1015 Ἀλλ’
1709 987 1739 1015 ἐκ
1763 988 1892 1023 πινήτων

1060 1029 1227 1068 προσῆλθες·
1256 1031 1300 1058 καὶ
1328 1033 1410 1069 χαῖρε
1436 1031 1482 1058 καὶ
1510 1031 1614 1062 οὕτως.
1641 1031 1680 1060 Οὐ
1709 1031 1759 1070 γὰρ
1789 1032 1890 1068 ἀφήσει

1060 1075 1171 1114 πτωχόν
1197 1086 1226 1103 σε
1251 1075 1318 1103 εἶναι
1333 1076 1353 1113 ὀί
1362 1073 1562 1112 παμϐασιλεὺς,
1585 1075 1658 1104 ἀλλά
1681 1076 1726 1104 καὶ
1755 1075 1894 1115 προσϐιά-

1061 1131 1134 1148 σεται
1161 1119 1311 1158 βασιλικῶς
1337 1120 1513 1155 πλουτῆσαι,
1539 1120 1562 1148 εἶ
1589 1123 1677 1151 ποιεῖς
1708 1121 1796 1158 μονήν
1827 1123 1891 1158 παρ’

1060 1164 1142 1200 αὐτῷ.
1168 1164 1326 1201 Προοῆλθες
1349 1163 1452 1199 ἅδοξοςη
1479 1164 1524 1191 καὶ
1550 1163 1656 1200 δοξάσει
1686 1175 1724 1193 σε.
1742 1165 1823 1193 Ἀλλ’
1846 1165 1894 1193 ἒν-

1061 1207 1145 1244 δοξος·
1169 1209 1214 1236 καὶ
1239 1207 1412 1246 ὑπιρὸοξάσει
1438 1219 1477 1236 σε.
1494 1209 1571 1247 Μέγα
1592 1209 1683 1236 καὶτὸ
1706 1210 1751 1237 σὸν
1768 1210 1892 1247 ἀξίωμα,

1060 1254 1082 1281 ὧ
1111 1253 1281 1291 εἰσαγωγικὲ.
1312 1252 1382 1288 Ἤδη
1413 1253 1463 1292 γὰρ
1492 1253 1531 1284 είς
1559 1253 1703 1291 βασιλικὴν
1735 1253 1891 1293 ἐνεγράφης

1061 1298 1217 1336 ὑποταγήν.
1249 1297 1297 1325 Καὶ
1324 1299 1414 1326 τοίνυν
1444 1298 1505 1326 οὐαὶ
1533 1300 1572 1334 τῷ
1600 1297 1702 1331 ἆκεῖθεν
1732 1299 1892 1327 ἀποσπασοο

184 1343 257 1381 μένῳ
272 1344 316 1371 καὶ
333 1343 461 1379 ἀπάξοντί
478 1353 515 1372 σε.
528 1343 577 1375 Τίς
595 1342 623 1371 δὲ
636 1346 760 1375 τοιοῦτος
777 1341 860 1378 ἔσται,
877 1344 917 1372 ὅτι
936 1344 974 1380 μὴ
993 1342 1076 1380 μόνος
1092 1344 1106 1370 ὁ
1121 1345 1169 1370 τοῦ
1182 1341 1294 1374 σκότους
1306 1341 1411 1381 ἄρχων,
1428 1343 1442 1370 ὁ
1459 1345 1589 1375 Σατανᾶς,
1604 1343 1627 1370 εἱ
1644 1343 1682 1379 μή
1699 1343 1840 1382 ἐγκρατῶς
1854 1346 1895 1381 τῷ

182 1391 240 1424 Θεῷ
255 1388 440 1426 προστέτηκας
459 1398 465 1423 ;

220 1434 279 1462 171.
297 1434 333 1462 Ut
352 1442 512 1470 cognoscas
537 1436 634 1462 autem
659 1434 841 1462 mundanum
867 1434 929 1462 fieri
941 1434 1004 1469 jam

1099 1435 1164 1470 ροα¹.
1191 1433 1249 1460 Ἵνα
1277 1431 1306 1459 δὲ
1332 1433 1414 1470 γνῷς,
1445 1431 1483 1463 ὠς
1512 1431 1601 1459 οὖκὲτι
1623 1430 1678 1459 ἔστι
1707 1434 1755 1460 τοῦ
1784 1432 1893 1469 κόσμοο

183 1486 241 1506 non
259 1486 345 1514 posse
361 1478 510 1506 hominem
534 1478 577 1506 tui
606 1479 744 1514 similem,
773 1482 907 1507 sanctum
923 1480 1007 1505 tuum

184 1523 306 1559 pallium
323 1525 404 1551 tenta
420 1524 575 1559 deponere,
591 1524 788 1560 operibusque
804 1524 899 1551 disces
915 1522 1009 1551 millia

182 1570 228 1594 ten
234 1569 342 1595 tantem
352 1570 380 1596 te
389 1576 446 1595 non
454 1568 709 1604 possesccundum
720 1568 798 1603 leges
807 1568 916 1595 mundo
925 1567 1008 1595 resti-

182 1611 236 1639 tui.
253 1612 314 1640 Non
331 1615 373 1640 est
403 1613 481 1641 enim
510 1612 659 1648 possibile,
687 1615 719 1640 ut
741 1613 766 1640 is
797 1612 847 1648 qui
872 1612 949 1640 sicut
963 1614 1006 1646 tu,

182 1656 241 1683 Deo
259 1657 375 1684 deditus
391 1659 445 1690 est,
463 1659 628 1692 apostatare
643 1657 759 1690 audeat,
784 1656 842 1684 nisi
856 1665 924 1684 cum
940 1665 1008 1684 ana-

180 1699 319 1728 themate.
333 1701 505 1737 Magistrum
517 1709 583 1736 ergo
595 1701 737 1736 relinque,
753 1702 871 1737 quando
888 1704 1008 1737 peccata

180 1743 210 1771 in
226 1744 388 1772 ludibrium
414 1745 509 1772 vertit.
535 1745 597 1772 Non
623 1745 701 1772 enim
728 1746 912 1781 conscriptus
929 1754 960 1773 es
975 1747 1008 1773 ut

182 1797 288 1817 servus
304 1789 395 1824 illius,
412 1790 462 1817 sed
481 1790 569 1817 frater
583 1792 612 1817 ct
627 1797 795 1823 conservus,
812 1791 905 1826 magis
918 1791 1006 1819 etiam

181 1833 354 1868 discipulus.
381 1836 415 1860 Et
445 1833 544 1861 nullus
575 1834 750 1869 discipulus,
780 1836 829 1870 qui
858 1835 1006 1863 Christum

183 1877 264 1904 novit
279 1877 421 1912 magistro
438 1878 586 1905 contraria
601 1878 738 1906 sentienti
749 1879 857 1906 obedit.
874 1880 931 1907 Nec
946 1889 1007 1908 ser-

181 1928 236 1947 vus
252 1920 350 1956 optimi
367 1921 490 1955 domini,
506 1921 569 1957 ipse
593 1929 651 1949 non
676 1930 829 1957 perversus
843 1924 920 1952 cedit
936 1933 1006 1952 con-

183 1972 266 1992 servo
281 1973 335 1993 suo
352 1966 488 1993 suadenti
505 1975 539 1993 ea
554 1967 661 2001 quibus
675 1966 763 1995 herus
778 1967 899 1996 tristitia
914 1969 1007 1998 afﬁce-

182 2011 272 2037 retur.
289 2010 323 2037 Et
350 2010 439 2038 frater
466 2010 585 2046 sapiens
611 2011 732 2039 minime
751 2013 930 2048 judicaudus
953 2014 1008 2042 erit

183 2054 232 2091 qui
249 2055 368 2083 fratrem
381 2055 518 2083 insanum
530 2058 630 2083 contra
641 2058 752 2092 patrem
764 2066 951 2086 communem
963 2067 1008 2086 ex-

181 2099 319 2127 citantem
335 2108 392 2128 non
416 2099 634 2128 auscultaverit.
659 2100 706 2128 Sic
725 2103 753 2129 et
779 2103 811 2129 tu
829 2103 965 2136 novitius,
982 2104 1006 2132 si

180 2146 296 2172 Patrem
313 2146 446 2173 nostrum
462 2145 513 2180 qui
529 2147 574 2173 est
592 2145 621 2172 in
647 2145 727 2173 caelis
743 2154 834 2181 amas,
860 2147 885 2175 si
896 2148 1008 2183 jucun-

181 2189 249 2216 dam
264 2190 435 2217 servitutem
462 2198 520 2217 non
548 2190 691 2224 mentiris,
718 2192 843 2219 maxime
863 2193 888 2220 si
914 2193 1006 2228 magi-

181 2235 241 2261 stro
257 2236 386 2261 mentem
398 2234 534 2269 apponis,
547 2233 615 2261 audi
626 2234 799 2269 magistrum
817 2237 1008 2272 rectajaben-

181 2279 241 2306 tem
258 2277 335 2306 sicut
353 2287 454 2306 servus
471 2279 578 2312 bonus,
595 2278 671 2306 sicut
685 2279 818 2313 ejusdem
839 2281 951 2309 domini
968 2282 1009 2310 fa-

183 2322 293 2356 mulus,
310 2323 388 2351 sicut
403 2323 502 2351 mitem
520 2326 633 2359 patrem
650 2322 785 2359 diligens.
803 2325 884 2358 Quod
910 2326 934 2354 si
951 2329 979 2355 te
994 2335 1010 2354 ε.

182 2366 282 2394 dextra
298 2368 426 2402 deducit,
443 2371 472 2396 et
486 2368 607 2395 adducit
621 2368 656 2394 ad
675 2367 826 2396 sinistram
838 2369 867 2396 in
880 2370 1010 2406 viamju-

182 2411 237 2438 stis
251 2410 526 2446 ignotam,subsiste
539 2421 546 2446 ;
559 2414 663 2439 etcum
680 2413 840 2441 reverentia
852 2416 879 2442 et
894 2414 1012 2444 liberta-

181 2456 211 2483 te
226 2454 415 2491 loquere-Asta
431 2457 575 2492 libertate,
585 2457 807 2492 inquam,quam
821 2467 906 2487 nemo
917 2461 1011 2496 repel-

182 2498 226 2526 lit.
243 2499 379 2534 Obsecra,
390 2503 418 2528 et
434 2510 553 2529 causam
566 2501 689 2530 defende
705 2501 905 2537 spiritualiter.
918 2505 1010 2534 Tuam

183 2543 430 2580 libertatem,tuas
441 2546 719 2580 obsecrationes.jus
726 2548 810 2574 tuum
823 2549 1010 2587 reverebitur.

183 2589 213 2617 Si
229 2588 333 2617 dixerit
348 2592 376 2617 te
400 2590 478 2627 loqui
505 2591 594 2618 libere
620 2598 684 2617 esse
707 2590 948 2627 inopportunum,
966 2602 1011 2623 re-

182 2634 295 2670 sponde
305 2634 392 2662 aliam
404 2644 468 2663 esse
477 2636 641 2663 libertatem
655 2634 701 2661 cui
713 2643 839 2670 magnus
849 2638 1011 2668 monachus

181 2682 370 2708 consecratus
387 2680 575 2712 reuuntiavil,
594 2682 624 2706 ut
640 2681 725 2706 antea
745 2681 789 2707 est
802 2683 965 2717 ostensum,
983 2687 1012 2712 et

182 2724 271 2752 aliam
288 2727 368 2752 tuam
384 2733 453 2761 ergo
477 2733 555 2752 eum.
581 2723 633 2751 llla
649 2724 725 2750 enim
744 2724 872 2753 audaciae
895 2726 1010 2756 irratio-

182 2767 257 2797 nalis
271 2768 416 2798 indicium
433 2771 488 2805 est,
514 2769 576 2796 hac
598 2769 697 2796 autem
712 2768 748 2796 ad
776 2769 888 2797 malum
903 2779 1011 2807 praeca-

219 2821 242 2838 ³⁸
255 2822 331 2851 Psal.
350 2831 397 2860 xv,
412 2823 457 2853 40.

1061 1475 1204 1515 ἄνθρωπον
1230 1477 1296 1504 εἶναι
1322 1475 1384 1504 οὐδὲ
1406 1476 1452 1504 τὸν
1478 1476 1546 1503 κατὰ
1572 1476 1611 1510 σὲ,
1636 1476 1780 1513 πειράθητι
1807 1477 1893 1505 ἄπικ-

1062 1520 1190 1553 ὃύσασθαι
1214 1521 1245 1549 τὸ
1270 1522 1342 1558 ἱερὸν
1368 1521 1393 1549 ἐν
1423 1521 1466 1549 σοὶ
1493 1519 1608 1560 ἄμφιον·
1637 1520 1682 1548 καὶ
1709 1521 1797 1558 μάθῃς
1817 1521 1850 1548 ἃν
1866 1522 1894 1558 ἰξ

1062 1565 1149 1593 αὐτῶν
1177 1564 1274 1604 ἔργων,
1298 1564 1340 1593 ὅτι
1370 1564 1431 1593 οὐδὲ
1461 1565 1543 1602 μυρία
1562 1563 1721 1600 σπουδάζων
1747 1564 1891 1601 ἀποδοθῆ-

1061 1620 1104 1637 ναι
1128 1612 1167 1646 τῷ
1190 1609 1287 1647 κόσμῳ
1315 1611 1384 1638 κατὰ
1411 1609 1511 1638 κανόνα
1535 1608 1656 1637 δύνασαι.
1673 1609 1713 1639 Οὐ
1738 1609 1791 1648 γὰρ
1808 1609 1892 1647 ἔστιν,

1062 1654 1112 1682 οὐκ
1126 1653 1181 1682 ἔστι
1196 1655 1241 1682 τὸν
1267 1654 1470 1691 ἀνατεθειμένον
1493 1656 1534 1690 τῷ
1560 1656 1619 1690 Θεῷ
1639 1653 1707 1681 κατὰ
1728 1654 1758 1681 σὲ
1774 1655 1894 1682 ἀποστα-

1062 1699 1119 1726 σίαν
1148 1698 1312 1736 τολμῆσαι,
1343 1699 1383 1727 ὅτι
1423 1700 1461 1736 μή
1492 1699 1561 1735 μετὰ
1586 1698 1752 1735 ἀναθέματος
1770 1720 1778 1727 .
1809 1702 1895 1738 ’Ἄφες

1060 1743 1148 1770 τοίνυν
1177 1743 1224 1771 τὸν
1254 1743 1418 1782 ἡγούμενον,
1449 1743 1495 1771 ὅτε
1524 1753 1566 1770 σοι
1595 1743 1628 1770 τὰ
1655 1743 1725 1780 πρὸς
1755 1743 1893 1780 ἁμαρτίαν

1060 1787 1180 1823 κοσμικὰ
1195 1786 1366 1815 ἐπιτέλλεται
1392 1786 1486 1815 λαλεῖν
1511 1785 1616 1818 ἁπλῶς.
1634 1786 1671 1815 Οὐ
1695 1786 1746 1824 γὰρ
1769 1786 1892 1825 ἐτάχθης

1061 1831 1099 1863 εἷς
1115 1831 1280 1869 αύιὸχρημα
1302 1831 1401 1860 δοῦλον
1428 1831 1541 1866 ἐκείνου,
1568 1830 1631 1859 ἀλλ’
1646 1831 1685 1862 εἰς
1709 1830 1831 1869 ἀδελφὸν
1846 1832 1891 1859 καὶ

1062 1874 1221 1911 σύνδουλον,
1247 1875 1352 1913 μᾶλλον
1381 1877 1428 1913 μὶν
1458 1875 1504 1904 οὗν
1535 1875 1573 1907 είς
1591 1877 1726 1912 μαθητήν.
1754 1877 1892 1912 Μαθητής

1062 1918 1090 1947 δὲ
1106 1919 1207 1956 οὐδεὶς,
1231 1922 1344 1959 Χριστὸν
1370 1920 1462 1955 εἰδὼς,
1490 1919 1704 1958 ἀλλοτριόφρονι
1733 1919 1893 1957 διδασκάλῳ

1061 1965 1192 1997 πείθεται.
1209 1964 1280 1994 Οὐδὲ
1305 1966 1359 2002 μήν
1384 1966 1485 2003 ἀγαθοῦ
1510 1964 1640 1993 δεσπότου
1666 1963 1767 1996 δοῦλος
1786 1966 1825 2002 μή
1843 1976 1896 1992 πο-

1060 2010 1144 2047 νηρὸς
1174 2009 1324 2046 ὁμοδούλῳ
1354 2009 1457 2038 ὑπείκει
1487 2010 1658 2038 ἐπιτάσσοντι
1687 2009 1826 2047 πράξεις,
1856 2009 1891 2037 δι’

1062 2055 1098 2081 ὧν
1120 2055 1133 2082 ὁ
1156 2053 1289 2091 δεσπότης
1311 2055 1487 2090 λυπήσεται.
1513 2053 1561 2082 Καὶ
1584 2053 1701 2093 ἀδελφὸς
1728 2053 1757 2081 δὲ
1784 2055 1893 2085 συνετὸς

1063 2098 1103 2134 ιῖὴ
1129 2097 1158 2127 ἂν
1198 2100 1301 2138 μακρὰν
1340 2099 1472 2137 κρίματος
1490 2121 1497 2134 ,
1530 2100 1567 2136 μὴ
1607 2098 1753 2126 ὑπακούων
1782 2098 1892 2136 ἀδελφῶ

1063 2142 1160 2182 ἄφρονι
1189 2143 1336 2180 ἐριθίζοντι
1365 2144 1432 2171 κατὰ
1455 2146 1504 2171 τοῦ
1533 2145 1625 2171 κοινοῦ
1652 2142 1768 2180 πατρός.
1789 2143 1894 2172 Οὐκοῦν

1063 2187 1108 2215 καί
1124 2188 1155 2215 σύ
1178 2189 1191 2215 ὸ
1216 2192 1265 2223 τῆς
1291 2188 1458 2226 εἰσαγωγῆς,
1484 2188 1506 2215 εί
1530 2188 1576 2215 τὸν
1601 2187 1628 2215 ἐν
1657 2187 1790 2223 οὐρανοῖς
1816 2189 1894 2225 ἡμῶν

1064 2233 1169 2270 Πατέρα
1185 2231 1286 2271 φιλεῖς,
1302 2233 1324 2260 at
1351 2234 1388 2270 μὴ
1415 2231 1501 2270 ψεύδῃ
1525 2233 1575 2267 τὴν
1598 2231 1738 2269 ἀπόνηρον
1757 2231 1892 2267 δουλείαν,

1065 2275 1088 2303 εί
1103 2277 1226 2314 πρὸςτῷ
1254 2277 1373 2315 μεγίστῳ
1398 2275 1555 2314 διδασκάλῳ
1578 2277 1624 2304 τὸν
1650 2278 1713 2303 νοῦν
1740 2273 1828 2314 ἔχεις,
1848 2287 1893 2303 κα-

1063 2320 1193 2355 νονίζοντι
1219 2321 1266 2358 μὶν
1291 2322 1378 2360 ὀρθῶς
1403 2324 1442 2358 τῷ
1467 2322 1670 2359 προηγουμένῳ
1694 2320 1798 2360 ἐφέπου
1815 2343 1822 2357 ,
1847 2320 1894 2348 ὅσα

1064 2365 1109 2392 καὶ
1125 2364 1224 2397 δοῦλος
1251 2366 1359 2404 ἀγαθὸς,
1384 2367 1442 2404 ἅμα
1460 2369 1505 2394 καὶ
1531 2366 1568 2397 ὡς
1596 2365 1648 2393 ὑπὸ
1673 2365 1794 2403 δεσπότῃ
1825 2365 1893 2401 αὐτῷ

1064 2410 1252 2446 ταττόμενος,
1282 2411 1327 2439 καὶ
1357 2411 1395 2442 ὡς
1431 2411 1535 2450 πατέρα
1572 2409 1655 2446 ἤπιον
1689 2411 1893 2449 ὑπεραγαπῶν.

1066 2455 1127 2486 Ei’rs
1153 2455 1182 2484 δὶ
1201 2460 1251 2491 τῆς
1277 2456 1364 2492 δεξιᾶς
1389 2455 1453 2485 ὁδοῦ
1477 2455 1656 2492 ἀποπλανῶν,
1673 2453 1895 2493 προσϐιϐάζιισι

1066 2501 1104 2532 εἰς
1129 2500 1316 2539 ἐπαρίστερον,
1342 2502 1387 2529 καὶ
1410 2504 1470 2533 τοῖς
1493 2501 1561 2538 ὀρθὰ
1585 2502 1729 2540 φρονοῦσιν
1754 2498 1892 2536 ἄτριπτον,

1066 2546 1213 2581 κατάστηθι
1242 2568 1248 2580 ,
1286 2546 1471 2584 παρῤησίασαι
1513 2546 1571 2582 μετ’
1611 2541 1754 2575 εὐλαϐείας
1771 2553 1779 2561 ⁸
1824 2542 1893 2571 ἀλλὰ

1065 2591 1167 2626 ταύτην
1196 2590 1349 2629 παρρησίαν
1365 2614 1372 2627 ,
1397 2592 1428 2627 ἣν
1459 2590 1549 2622 οὐδεὶς
1578 2590 1756 2627 ἀπαρνεῐται,
1783 2589 1893 2617 Ἱκέτεω-

1066 2647 1124 2671 σον,
1141 2635 1367 2676 δικαιολογήθητι
1397 2639 1597 2675 πνευματικῶς.
1626 2634 1769 2663 Αίδὲσιταί
1799 2645 1846 2661 σου
1874 2633 1891 2668 ἢ

1066 2682 1096 2709 τὸ
1111 2681 1354 2720 παρῥησιαστικὸν,
1374 2682 1393 2717 ἢ
1409 2683 1440 2710 τὸ
1466 2682 1578 2716 ἱκέσιον,
1594 2680 1612 2716 ἢ
1628 2680 1659 2708 τὸ
1676 2678 1889 2717 ὃικαιολόγημα.

1067 2726 1128 2755 Ἐὰν
1159 2725 1187 2753 δὲ
1215 2724 1279 2763 εἷ’πῃ
1310 2727 1348 2763 μή
1378 2731 1481 2765 χρῆναι
1507 2723 1739 2764 παῤῥηοιάζισθαί
1766 2734 1806 2757 σε,
1832 2723 1889 2750 ἀνα-

1067 2771 1172 2808 δίδαξον
1197 2771 1311 2808 ἐκεῖνον,
1338 2772 1374 2804 ὡς
1398 2771 1472 2808 ἄλλη
1500 2773 1547 2809 μὲν
1572 2772 1590 2806 ἡ
1615 2768 1764 2808 παρρησία,
1787 2769 1819 2803 ἢν
1842 2767 1888 2795 αὖ·
