2002 3158
94 149 155 180 873

601 147 655 179 DE
674 147 921 178 EMENDANDA
941 147 1036 185 VITA
1056 146 1304 178 MONACHICA.

1743 146 1805 178 874

91 216 138 249 τὸς
161 214 388 254 μιγαλοσχήμων
428 214 494 242 εἶναι
535 213 631 252 λαχὼν
667 213 811 249 ἀπείπατο,
851 212 920 246 καθὰ

988 215 1100 243 'endum
1115 214 1259 243 hortatur.
1275 214 1304 242 Si
1320 214 1369 242 ille
1389 216 1418 242 te
1432 216 1521 242 terret
1534 214 1642 243 iterum
1671 214 1772 243 dicens
1790 223 1800 244 :

91 259 312 298 προδεδήλωταιο
343 257 416 294 ἄλλη
446 257 475 286 δὲ
489 259 506 294 ἡ
523 260 568 285 νῦν
585 258 638 286 ἀπὸ
652 260 700 285 σοῦ
722 258 790 296 πρὸς
807 258 920 287 ἐκεῖνον.

93 305 198 337 Ἐκείνη
236 304 284 341 μὶν
317 303 367 341 γὰρ
405 302 509 339 τόλμαν
545 303 595 330 οὐκ
629 302 746 340 ἕλλογον
776 302 921 342 ἐξέφαινεν,

94 348 160 385 αὕτη
191 347 220 376 δὲ
246 349 284 379 είς
316 346 438 376 ἔκκλισιν
466 347 590 375 ἀπονεύιι
619 349 713 376 κακοῦ.
741 348 801 375 Ἐὰν
831 346 860 375 δὶ
889 346 922 375 αὖ

95 394 177 422 πάλιν
195 391 298 432 ἐκφοϐῇ
327 392 441 426 ἐκεῖνος,
470 392 612 430 ἐπαγαγὼν
639 391 680 419 τό·
712 403 726 418 ‹‹
753 391 816 424 Υἱός
840 392 922 429 πατρὶ

97 437 189 466 δίκαια
205 437 290 475 λέγων
306 436 436 471 τεθνάτω,
459 448 473 463 ›)
490 436 590 468 ἐθέλων
620 435 788 474 πατραλοίαν
818 436 923 464 ἀποκα-

98 485 189 518 θιστᾷν
216 482 263 510 τὸν
286 481 372 513 οὕτως
399 481 473 517 αὖτῷ
500 481 701 517 ἀντιτείνοντα,
730 477 806 508 ἔασον
836 491 924 519 παρα-

97 526 194 556 λαλείν
223 527 260 558 ὡς
287 525 384 563 μηκέτι
401 526 534 564 φρενήρη,
554 525 627 553 ἀλλὰ
651 526 845 563 παρανοοῦντα,
868 525 882 553 ὃ
897 524 924 552 τί

98 572 166 599 ποτὲ
195 571 276 605 ιστιν,
303 571 318 598 ’ὀ
347 569 430 607 λέγει.
460 568 528 597 Οὔτε
554 570 604 607 γὰρ
632 572 756 602 τοιοῦτος
771 571 860 607 πατὴρ
874 569 925 597 αὖ-

98 616 154 651 τὸς,
172 617 195 652 ᾦ
224 615 262 652 μή
292 613 389 650 ἔξεστιν
406 615 480 646 ὅλως
508 614 566 642 υἱὸν
581 613 740 653 ἀντιλέγειν
757 613 820 642 οὔτε
841 615 866 642 οἱ
882 613 925 642 σοί

99 660 178 699 λόγοι
192 661 262 688 κατὰ
276 660 324 691 τὰς
338 659 408 697 πρὸς
426 659 529 696 πατέρα
554 658 654 687 ἰκιῖνον
682 657 838 697 ἀντιλογίας
862 658 924 687 εἰσί.

99 706 148 734 Καὶ
177 704 242 733 οὐδὲ
271 705 285 732 ὁ
316 705 442 742 μέγιστος
470 704 563 741 Πατὴρ
594 703 668 732 ὅκνεῖ
696 703 844 731 ἐπιτάσσων
874 714 926 731 πα-

99 750 224 788 ραίτησιν
251 749 368 783 ἀκούειν,
397 748 460 776 οὐδὲ
488 751 609 783 θανατοῖ,
639 747 703 776 οὐδὲ
728 749 782 784 μὴν
811 749 928 781 ἀπωθεῖ-

98 804 152 822 ναι·
181 793 255 822 ἀλλὰ
278 793 363 826 πείθει
388 793 456 830 πρὸς
482 793 603 827 ὑπακοὴν
625 793 671 820 τὸν
697 793 925 831 παραιτούμενον·

99 840 142 868 καὶ
173 841 268 874 ταῦτα,
299 836 370 876 μηδὲ
397 837 503 866 ἀκούων
520 837 546 873 ἐξ
561 837 663 865 ἐκείνου
691 836 789 867 δίκαια.
811 839 857 873 Μὴ
873 838 929 866 τοί-

99 894 144 911 νυν
177 883 305 917 ὑπάκουε,
331 882 446 922 φαύλοις
473 879 689 919 ἐμϐιϐαζόμενο-
713 880 802 920 ἔργοις
820 904 827 916 ,
855 882 929 911 ἀλλά

101 908 680 966 iiseggigg‘zﬁgagse.1;:£1,354.
703 908 738 956 at
750 908 928 955 etest;
946 908 968 940 Β

101 972 193 1009 πατὴρ
223 970 350 1010 ἔγκειται,
392 969 574 1006 ἀποπήδησον
614 971 639 1007 ἐξ
677 970 779 999 ἐκείνου
810 971 847 1003 ὡς
876 971 929 999 ἀπὸ

101 1017 198 1055 πυρὸς,
226 1017 326 1056 φθάσας
348 1017 400 1052 τὴν
424 1016 602 1054 ἀποκήρυξιν,
627 1016 681 1044 Καὶ
707 1016 855 1048 ἐπαναστὰς
878 1027 930 1044 πα-

101 1062 143 1100 τρί
167 1061 297 1098 τοιούτῳ,
321 1060 367 1089 καὶ
393 1061 577 1098 ἀπειπάμενος
593 1060 684 1095 αὐτὸν,
709 1061 746 1092 ὡς
763 1061 785 1088 εί
810 1061 855 1088 καὶ
880 1072 931 1088 πα-

101 1106 211 1144 ρανοίας
227 1105 315 1142 ἑάλω,
335 1107 414 1144 γενοῦ
438 1107 486 1133 τοῦ
511 1105 613 1143 πρώτω
631 1105 674 1133 καὶ
703 1105 786 1142 μόνου
810 1105 856 1133 καὶ
879 1106 932 1143 πρὸ

99 1151 210 1178 πάντων
241 1150 356 1188 Πατρὸς,
383 1150 427 1177 καὶ
453 1148 565 1177 ἕλπισον
594 1149 636 1177 ἐπ’
665 1149 822 1179 αὐτόν.Καί
852 1150 932 1182 αὐτὸς

100 1196 231 1231 ποιήσει·
262 1195 285 1231 ᾧ
313 1194 359 1222 καὶ
383 1195 433 1228 τὴν
460 1193 551 1232 ἀρχὴν
580 1195 772 1232 προσήνεγκας
801 1195 932 1231 σεαυτὸν,

100 1240 147 1271 τὰς
160 1240 232 1268 κατὰ
245 1239 349 1276 κόσμον
375 1238 520 1276 ἐπιθυμίας
544 1238 701 1267 ἀπολιπών·
732 1239 764 1266 οὗ
792 1237 932 1276 σύμϐολον

101 1284 149 1312 καὶ
178 1285 194 1319 ἢ
219 1286 273 1311 τῶν
296 1285 401 1322 τριχῶν
424 1283 564 1319 ἀπόθεσις,
589 1284 734 1321 χρήματος
765 1282 858 1315 ἄλλως
885 1284 933 1320 μὶν

103 1328 185 1367 ὀλίγα
216 1327 422 1364 συντελοῦντος,
443 1327 614 1364 ἔπιθυμητοῦ
637 1327 665 1356 δὲ
694 1327 755 1356 λίαν
785 1328 854 1357 πάνυ
874 1330 935 1360 τοῖς

977 270 991 284 α
1008 259 1099 287 Filius
1117 260 1167 295 qui
1191 267 1258 287 cum
1284 261 1365 296 patre
1393 259 1542 287 contendit
1570 259 1711 287 moriatur
1737 259 1759 277 ⁸⁸
1787 270 1802 286 »

975 303 1074 331 volens
1090 306 1123 332 ut
1139 304 1313 340 parricidam
1330 304 1481 332 traducere
1503 312 1569 331 eum
1583 304 1632 339 qui
1655 304 1710 332 sibi
1726 304 1798 332 resi-

977 348 1157 382 stit,dimitte
1168 349 1335 384 loquentem
1350 348 1522 376 insanorum
1534 356 1679 383 more,nec
1693 349 1802 376 intelli-

977 395 1093 429 gentem
1109 393 1176 428 quid
1193 395 1237 421 est
1247 394 1325 429 quod
1340 393 1419 421 dicit.
1434 393 1497 421 Non
1509 392 1586 420 enim
1603 393 1657 421 iste
1672 395 1804 429 paterest

977 438 1023 465 cui
1035 438 1233 465 contradicere
1240 437 1332 465 tilium
1340 446 1396 465 non
1408 437 1583 473 licet,neque
1596 445 1746 465 sermones
1757 438 1802 465 tui

977 482 1179 510 contentiones
1189 485 1259 510 sunt
1270 483 1409 510 adversus
1424 482 1502 510 hunc
1518 484 1640 518 patrem.
1666 482 1722 510 Sed
1751 490 1805 510 nec

980 527 1061 554 Pater
1073 527 1218 554 maximus
1234 536 1300 555 cum
1315 527 1453 563 praecipit,
1472 527 1568 554 renuit
1583 526 1685 554 audire
1700 526 1803 562 depre-

979 572 1117 606 cationes,
1128 580 1179 600 nec
1195 575 1287 600 morte
1302 573 1495 606 damnat,non
1512 572 1690 608 repellit,sed
1701 573 1806 608 depre-

979 619 1093 645 cantem
1101 616 1235 644 hortatur
1241 617 1277 644 ad
1284 616 1584 651 obediendum,idque
1591 617 1679 644 etiam
1687 617 1804 652 quando

980 661 1090 696 injusta
1102 661 1223 689 audivit.
1249 661 1311 689 Noli
1336 669 1404 697 ergo
1432 660 1560 694 obedire,
1586 668 1640 688 nec
1662 661 1807 689 violenter

979 705 1079 733 induci
1096 706 1130 734 ad
1147 714 1235 742 prava
1247 714 1353 742 opera;
1372 705 1461 734 libere
1477 707 1576 734 autem
1591 707 1619 733 et
1639 713 1707 734 vere
1734 705 1809 733 indi-

981 751 1111 786 gnare.Si
1128 752 1209 786 pater
1225 759 1326 778 rursus
1346 749 1594 782 institerit,exibis
1610 750 1646 778 ab
1660 758 1704 785 eo,
1731 749 1808 778 sicut

982 795 1018 822 ab
1033 795 1110 831 igne,
1123 797 1151 823 et
1177 796 1349 831 ejectionem
1377 794 1495 822 vitabis.
1523 795 1558 822 Et
1582 803 1648 822 cum
1664 793 1717 822 tali
1731 794 1808 830 patri

983 839 1136 874 restiteris,
1149 842 1178 867 et
1196 841 1223 868 te
1238 840 1273 867 ab
1286 848 1319 867 eo
1334 839 1516 875 elongaveris
1534 839 1655 866 insaniae
1672 847 1731 872 reo,
1768 838 1810 867 sis

982 884 1061 912 filius
1077 884 1163 920 primi
1179 887 1207 912 et
1223 884 1314 912 solius
1330 886 1395 912 ante
1419 887 1536 912 caeteros
1562 883 1696 917 Patris,et
1724 891 1811 920 spera.

983 929 1012 956 in
1025 937 1104 957 eum.
1120 930 1154 957 Et
1166 929 1229 965 ipse
1244 929 1393 964 adiuvabit
1407 930 1446 963 te,
1464 928 1511 956 cui
1527 930 1555 956 te
1569 928 1604 955 ab
1620 928 1704 956 initio
1720 929 1810 956 obtu-

983 973 1042 1001 listi
1058 973 1165 1001 relictis
1182 973 1340 1001 mundanis
1351 973 1514 1007 desideriis,
1537 974 1621 1008 cujus
1635 972 1676 1000 rei
1691 972 1810 1008 signum

985 1020 1048 1046 erat
1059 1017 1234 1054 capillorum
1245 1017 1471 1054 depositio,boui
1479 1018 1598 1053 quidem
1608 1018 1644 1045 ad
1652 1025 1744 1053 pauca
1756 1017 1812 1044 uti-

986 1062 1086 1096 lis,sed
1099 1071 1187 1098 quam
1198 1061 1488 1090 maximedesiderati
1496 1061 1531 1089 iis
1541 1061 1591 1097 qui
1601 1061 1630 1089 in
1642 1061 1751 1089 mundo
1760 1062 1811 1089 de-

986 1107 1244 1143 liciantur,quique
1255 1115 1304 1135 eos
1312 1115 1327 1134 e
1343 1106 1437 1143 capite
1447 1106 1617 1134 decidentes
1631 1105 1755 1134 moleste
1763 1114 1812 1142 pa-

986 1151 1149 1179 tiuntur.Et
1159 1151 1184 1179 si
1194 1159 1243 1179 eos
1258 1151 1386 1187 recipere
1399 1150 1563 1186 contigerit,
1576 1149 1714 1178 laatantur
1724 1149 1811 1186 quasi

986 1196 1158 1224 thesaurum
1175 1196 1332 1232 quemdam
1346 1195 1542 1223 omuihonore
1553 1195 1676 1231 dignum
1688 1195 1808 1223 invene-

988 1240 1055 1268 rint.
1071 1240 1164 1268 Verus
1192 1243 1289 1269 autem
1313 1240 1475 1268 monachus
1506 1239 1557 1276 qui
1586 1248 1635 1268 eos
1652 1239 1734 1267 itase
1762 1240 1812 1267 ha-

989 1285 1089 1313 bentes
1118 1285 1260 1320 intuetur,
1299 1285 1334 1313 de
1373 1293 1447 1313 vana
1475 1292 1577 1313 eorum
1621 1283 1723 1312 laetitia
1762 1283 1815 1312 tri-

989 1332 1065 1358 etatu
1071 1338 1094 1357 r.

105 1373 130 1402 ἦν
164 1374 218 1411 βίῳ
233 1375 366 1412 τρυφῶσι·
384 1371 426 1400 διὸ
441 1372 485 1400 καὶ
502 1371 690 1404 ἀπολιπούσας
705 1373 754 1408 τήν
781 1374 902 1413 κεφαλὴν
919 1372 1020 1405 ἐκείνας
1037 1373 1207 1402 ἐπιποθοῦσι.
1223 1372 1274 1402 Καὶ
1294 1372 1319 1401 εἴ
1344 1384 1386 1406 τις
1400 1373 1475 1405 αὖθις
1490 1372 1572 1405 αὐτὰς
1586 1373 1732 1412 εὖτυχήσςι
1748 1373 1815 1400 ἀνα-

106 1416 249 1454 λαϐέσθαι,
265 1417 346 1448 αὐτὸς
361 1418 408 1454 μὲν
423 1416 525 1455 χαίρει,
541 1417 579 1449 ὡς
594 1417 616 1444 εἷ
632 1417 678 1445 καὶ
691 1417 797 1456 ἓρμαίῳ
812 1418 996 1455 πολυτιμήτῳ
1011 1418 1166 1456 περιτύχοι·
1196 1418 1318 1457 μοναχὸς
1341 1417 1370 1446 δὶ
1393 1419 1407 1446 ὁ
1433 1418 1533 1456 κυρίως
1554 1416 1628 1456 εἷ’περ
1644 1417 1724 1446 αὑτὸν
1742 1416 1814 1446 οὕτω

106 1461 296 1499 διατιθέμενον
312 1462 398 1500 εὕροι,
430 1461 564 1500 μέμφεται
581 1465 633 1497 τῆς
649 1462 687 1493 εἰς
705 1463 792 1498 μάτην
810 1466 907 1500 χαρᾶς.

140 1504 210 1545 ροϐ¹¹
227 1506 260 1534 Εἰ
290 1499 348 1544 μὶνν
370 1505 428 1540 οὖν,
459 1506 482 1533 ὧ
494 1499 558 1541 γτῆς
582 1505 673 1544 ἀρχῆς
690 1507 795 1544 μοναχὲ
812 1499 929 1535 καὶτῶν

1024 1509 1086 1536 172.
1106 1508 1134 1535 Si
1146 1508 1245 1544 igitur,
1262 1499 1455 1541 o‘monaohe,
1473 1507 1523 1544 qui
1548 1507 1655 1543 incipis
1686 1509 1715 1535 et
1739 1515 1815 1535 non-

103 1551 284 1590 προτελείων,
300 1551 358 1578 κατ’
384 1549 447 1589 ί¹χνη
477 1550 577 1589 βαίνειν
599 1549 702 1582 ἐθέλεις
728 1552 782 1578 τῶν
806 1551 844 1582 είς
868 1551 932 1579 Θεὸν

104 1595 209 1625 ὁδεύειν
239 1595 426 1633 προθεμένων,
460 1594 553 1626 καλῶς
591 1594 692 1622 ἀπέθου
717 1596 767 1630 τὴν
797 1597 932 1633 κοσμικὴν

101 1641 187 1679 τρίχα
217 1640 258 1668 ἐπ’
286 1640 377 1678 ἀγαθῷ
392 1637 535 1676 συμϐόλῳ·
563 1638 586 1667 εἰ
609 1638 638 1667 δὶ
651 1640 698 1667 ἀπ’
717 1639 800 1675 αὐτῆς
815 1637 932 1675 εἰσόδου,

104 1686 143 1718 ὡς
172 1685 216 1713 οἶα
238 1685 312 1722 παρὰ
337 1684 418 1722 θύραν
443 1683 518 1718 ἥκων
542 1682 719 1721 ὶπλαγίασας,
736 1684 868 1723 ἀφέμενος
883 1688 933 1720 τῆς

104 1730 223 1764 ιόθείας,
242 1729 330 1766 μάτην
346 1727 488 1765 έψιλώθης
507 1730 561 1756 τῶν
586 1730 703 1766 τριχῶν.
729 1731 856 1767 Κρεῖττον
883 1729 934 1767 γάρ

105 1785 134 1803 σε
161 1775 303 1812 βαρεῖσθαι
317 1773 427 1805 ταύταις
452 1772 496 1801 καὶ
513 1773 579 1811 ὑπὲρ
597 1772 661 1804 τοὺς
678 1774 839 1811 χαιτήεντας
854 1774 935 1801 ὁποι-

106 1818 212 1855 ὂήποτι
227 1821 280 1856 γῆς
302 1818 345 1845 καὶ
370 1816 566 1855 καλλίτριχας,
594 1817 639 1844 καὶ
662 1817 735 1845 οὕτω
759 1818 934 1856 παραφαίνειν

106 1874 133 1892 τι
150 1863 262 1900 σεμνὸν,
289 1861 358 1900 ἥπερ
379 1863 414 1899 τῇ
431 1861 556 1897 πολιτείᾳ
583 1862 629 1898 μὲν
658 1862 796 1900 αίσχύνειν
810 1864 860 1898 τήν
883 1865 937 1900 ψυ-

108 1910 176 1947 χὴν,
205 1909 240 1944 τῇ
257 1906 286 1934 δὲ
300 1909 355 1934 τῶν
380 1916 485 1945 τριχων
510 1906 635 1934 ἀποθέσει
659 1908 708 1942 τήν
733 1907 866 1947 κεφαλήν.
888 1908 937 1935 Καὶ

109 1955 165 1990 μὴν
203 1953 230 1980 οἱ
262 1951 377 1983 πλείους
408 1953 591 1990 παρανομεῖτε
622 1951 765 1986 κάνταῦθα,
794 1952 937 1991 τρέφοντες

109 1998 202 2034 κόμην
218 1996 263 2024 καὶ
293 1996 359 2034 ὑπὲρ
383 1996 430 2027 τὰς
455 1995 598 2032 κοσμικάς¹
624 1997 675 2031 τὴν
690 1996 780 2034 ἀρχὴν
798 1997 844 2034 μὶι
870 2001 938 2024 Κου-

109 2042 192 2080 ρῆτές
215 2052 286 2072 τινες
311 2040 480 2080 φαινόμενοι,
509 2041 605 2078 μικρὸν
637 2039 665 2068 δὲ
690 2042 751 2068 ὅσον
783 2042 938 2079 Ἀκαρνᾶνες

109 2084 324 2117 ἆπεκϐαίνοντες
355 2085 380 2112 οἱ
409 2085 467 2113 καθ’
494 2085 629 2122 ἱστορίαν·
660 2085 705 2113 καὶ
734 2085 798 2113 αὐτὸ
825 2086 879 2124 οὐχ
903 2087 941 2118 ὡς

112 2131 198 2169 μέχρι
222 2129 314 2158 ποδῶν
344 2129 450 2169 ἀφεῖναι
473 2129 638 2167 καθερπύσαι
659 2129 707 2160 τὰς
729 2130 836 2168 τρίχας.
864 2130 879 2158 ὃ
906 2129 940 2165 δὴ

111 2175 287 2213 πνευματική
324 2174 520 2214 περιφρόνησις
559 2173 649 2211 κόμης
686 2173 831 2202 ἀπετέλεσε
869 2175 942 2214 παρὰ

111 2223 171 2252 τοῖς
201 2219 288 2248 πάλαι
317 2218 414 2257 ἁγίοις⁸
445 2217 472 2246 o'l
501 2217 679 2255 λασιούμενοι
708 2221 767 2250 ταῖς
791 2219 887 2258 θριξὶν,
905 2219 942 2251 εἷς

113 2265 218 2300 σκέπην
249 2263 306 2291 οῖον
335 2263 417 2294 αὐτὰς
444 2260 658 2301 περιεϐέϐληντο
687 2264 835 2300 σώματος,
864 2263 944 2292 αὐτο-

115 2311 171 2348 φυῆ
185 2318 248 2337 τινα
260 2307 368 2346 χιτὼνα
392 2308 593 2345 τεχνασάμενοι
616 2310 724 2343 τοῦτον,
751 2308 782 2336 lx.
809 2311 863 2336 τῶν
878 2308 945 2343 ἄνω,

115 2354 138 2382 εἶ
164 2354 210 2381 καὶ
241 2354 279 2390 μὴ
311 2352 424 2391 ὑφαντὸν
444 2374 451 2387 ,
478 2351 551 2380 ἄλλά
578 2354 676 2384 καινῶς
705 2353 815 2380 κάθετον
845 2353 883 2385 ὡς
910 2353 948 2386 είς

115 2397 241 2436 ποδήρη.
271 2397 308 2425 Οὔ
322 2397 412 2424 τοίνυν
435 2396 504 2424 κατὰ
525 2396 588 2428 τοὺς
616 2397 757 2428 τοιούτους
775 2397 877 2434 ἂμνοὺς
901 2400 949 2425 τοῖ’)

117 2445 185 2472 θεοῦ
211 2442 258 2470 καὶ
289 2441 315 2469 οἱ
343 2442 402 2473 καθ’
434 2442 507 2477 ἡμᾶς
545 2445 667 2478 κομῆται
708 2443 828 2480 μοναχοὶ
856 2445 950 2479 πυκνῷ

118 2487 192 2516 οὕτω
223 2486 365 2524 βρίθονται
393 2487 434 2522 τῷ
452 2484 562 2522 μαλλῷ,
593 2484 656 2513 ἀλλ’
685 2484 755 2514 ὥστε
773 2487 804 2514 τὸ
823 2487 889 2525 ὑπὲρ
904 2498 951 2515 κε-

118 2531 212 2570 φαλῆς
235 2530 321 2568 μέλαν
340 2530 473 2568 περίθεμα
496 2529 640 2558 καλλύνειν
666 2531 849 2569 ὡρικώτερον.
879 2532 952 2559 Πολ-

98 2604 100 2606 .
119 2577 166 2605 λοῖ
182 2578 251 2615 γοῦν
265 2574 292 2603 ἐν
318 2577 377 2606 τοῖς
398 2574 536 2606 τοιούτοις
559 2575 605 2602 καὶ
624 2575 656 2602 τὸ
680 2575 885 2613 στρεψίμαλλον
910 2574 953 2603 δε-

120 2623 183 2658 ξιῶς
205 2619 454 2659 πραγματεύονται,
480 2618 660 2658 σοφιζόμενος
683 2620 770 2651 οὕτως
791 2621 834 2648 καὶ
858 2621 889 2648 τὸ
913 2621 950 2657 μὴ

989 1554 1060 1581 dum
1075 1555 1261 1581 consecratus
1280 1560 1322 1586 es,
1348 1552 1479 1588 vestigiis
1503 1551 1755 1588 progredientium
1779 1551 1816 1580 ad

989 1598 1081 1626 Deum
1097 1597 1232 1625 insistere
1247 1599 1341 1633 optas,
1358 1599 1434 1625 recte
1444 1597 1530 1633 egisti
1541 1596 1676 1632 deposita
1688 1596 1818 1624 munda-

990 1651 1028 1670 na
1043 1642 1160 1670 caesaris
1170 1641 1199 1670 in
1212 1642 1321 1669 bonum
1333 1641 1497 1677 signum.Si
1506 1643 1601 1669 autem
1613 1641 1650 1669 ab
1666 1640 1814 1676 ingressu,

988 1687 1039 1714 vise
1053 1686 1156 1714 limina
1167 1685 1608 1722 praetergressus,declinasti,et
1632 1685 1814 1713 alacritatem

990 1731 1139 1767 remisisti,
1155 1731 1184 1758 in
1200 1739 1308 1758 vanum
1324 1730 1438 1767 capillis
1455 1731 1584 1758 nudatus
1600 1729 1749 1758 es.Me]ius
1759 1729 1817 1758 tibi

989 1778 1051 1804 erat
1061 1775 1097 1803 iis
1111 1776 1329 1811 onerari,super
1338 1775 1483 1811 quasdam
1499 1777 1602 1811 gentes
1618 1773 1734 1811 capillis
1745 1774 1810 1802 lon-

991 1821 1036 1857 gis
1050 1823 1078 1847 et
1091 1820 1408 1856 formosiscunspicuaa
1418 1822 1446 1847 et
1462 1819 1504 1847 sic
1515 1819 1626 1855 aliquid
1652 1819 1816 1846 verendum

992 1865 1224 1901 preferre,quam
1231 1865 1367 1892 ruborem
1374 1864 1478 1892 animae
1485 1864 1588 1900 agendi
1595 1864 1707 1892 ratione
1715 1863 1817 1899 injice-

992 1909 1151 1944 reelcapiti
1161 1908 1335 1945 capillorum
1347 1909 1541 1945 depositione.
1560 1908 1668 1936 Exinde
1684 1908 1817 1944 plerique

993 1961 1107 1981 comam
1135 1953 1212 1981 male
1241 1954 1405 1981 nutrientes
1430 1952 1497 1989 plus
1518 1961 1607 1989 quam
1620 1952 1775 1986 mundani,
1803 1960 1821 1980 ιι

994 1997 1137 2033 principio
1152 1997 1262 2025 Curetas
1277 1997 1330 2025 visi
1346 1999 1457 2032 sunt,et
1471 2006 1536 2025 mox
1553 2001 1722 2024 Acarnanes
1733 1997 1820 2024 effec-

993 2042 1026 2075 ti,
1039 2045 1070 2070 ut
1086 2044 1185 2069 narrat
1200 2042 1342 2075 historia;
1357 2050 1413 2069 non
1423 2042 1465 2069 ita
1475 2044 1574 2069 tamen
1591 2043 1624 2069 ut
1637 2041 1822 2077 eapillosus-

994 2095 1050 2123 que
1065 2086 1100 2114 ad
1117 2086 1205 2121 pedes
1220 2086 1403 2122 promittant,
1418 2086 1496 2122 quod
1514 2086 1609 2113 fuerat
1641 2085 1719 2121 apud
1749 2086 1824 2112 vete-

996 2139 1043 2158 res
1059 2130 1161 2158 mundi
1177 2132 1373 2167 contemptus,
1391 2139 1458 2158 eum
1475 2129 1561 2158 velati
1578 2129 1694 2165 capillis
1710 2137 1760 2157 eos
1790 2130 1823 2156 ut

997 2177 1197 2211 tegumentum
1223 2175 1353 2211 corporis
1383 2173 1640 2208 circumferebant,
1657 2172 1825 2201 naturalem

999 2220 1127 2248 tunicam
1145 2220 1298 2255 parabant,
1314 2228 1330 2247 e
1345 2221 1426 2256 parte
1441 2218 1585 2255 superiori
1605 2226 1696 2253 usque
1712 2217 1747 2245 ad
1776 2225 1825 2253 pe-

1001 2265 1051 2293 des
1081 2264 1274 2298 decidentem,
1307 2265 1331 2292 si
1357 2273 1413 2292 non
1441 2265 1606 2292 consutam.
1635 2265 1697 2290 Non
1727 2264 1826 2290 autem

1002 2309 1077 2337 sicut
1093 2309 1121 2336 hi
1138 2309 1205 2345 agni
1233 2309 1291 2342 Dei,
1309 2309 1401 2337 nostri
1433 2308 1578 2342 monachi,
1611 2315 1700 2335 coma:
1727 2305 1828 2341 amici,

1001 2354 1107 2382 vellere
1124 2356 1183 2382 tam
1200 2354 1281 2390 gravi
1295 2353 1520 2387 onerantur,sed
1536 2356 1569 2380 ut
1586 2352 1700 2388 nigram
1725 2350 1830 2387 capitis

1006 2398 1167 2435 marginem
1185 2399 1331 2434 comptius
1347 2397 1583 2426 exornent.Mu1ti
1603 2396 1727 2432 capillos
1752 2395 1830 2424 cala-

1006 2443 1156 2471 misiraios
1172 2445 1232 2472 arte
1248 2444 1404 2480 diponunt,
1426 2443 1612 2480 providentes
1638 2449 1674 2469 ne
1704 2441 1835 2469 crassior

1007 2496 1091 2516 coma
1106 2490 1245 2524 appareat
1255 2491 1284 2517 et
1296 2488 1389 2516 risum
1402 2487 1581 2515 intuentium
1594 2485 1833 2515 moveat.Idcirco

1003 2533 1072 2568 jure
1103 2533 1216 2561 dicetur
1259 2533 1436 2561 monachum
1479 2531 1576 2559 nimiae
1605 2531 1734 2560 caasariei
1777 2539 1835 2559 non

1009 2577 1239 2612 renuntiantem,
1251 2586 1345 2614 neque
1361 2577 1440 2605 aliud
1457 2577 1528 2613 quid
1543 2576 1683 2605 saaculare
1699 2584 1763 2604 esse
1787 2576 1838 2603 de-

1011 2622 1188 2658 positurum.

127 2667 236 2705 βαθεῖαν
252 2665 304 2699 τὴν
320 2665 411 2701 κόμην
426 2663 632 2703 προφαίνεσθαι,
645 2664 690 2692 καὶ
706 2664 903 2703 καταγελᾶσθαι
919 2667 977 2696 τοῖς
999 2665 1157 2704 βλέπουσιν.
1174 2667 1254 2694 Ἔνθα
1265 2677 1306 2697 τις
1323 2665 1383 2704 ἔχοι
1397 2664 1426 2693 ἃν
1456 2665 1544 2704 ὀρθῶς
1567 2664 1768 2704 ἀποφήνασθαι,
1796 2662 1840 2690 δτι

128 2710 252 2748 μοναχὸς
269 2709 308 2747 μὴ
323 2708 355 2736 τὸ
371 2708 496 2747 περιττὸν
511 2707 649 2741 ἀποτιθςὶς
663 2712 713 2745 τῆς
729 2709 837 2747 τριχὸς,
858 2708 951 2748 σχολῇ
961 2712 985 2747 γ’
1003 2708 1033 2738 ἂν
1049 2709 1118 2738 ἄλλο
1133 2721 1158 2738 τι
1177 2711 1303 2748 βιωτικὸν
1319 2710 1499 2747 ἀποϐήσεται.

161 2820 183 2839 ³⁵
198 2819 292 2849 Exod.
306 2826 366 2854 xxi,
384 2817 428 2846 17.

294 2883 430 2916 Panos.
453 2881 509 2914 Gn.
532 2879 680 2916 CXXXV.

1641 2881 1681 2913 28
