2018 3158
233 165 295 197 875

269 232 329 260 173.
346 231 411 260 Haec
438 231 491 259 tibi
519 231 638 263 novitio,
653 231 686 258 ut
711 229 807 264 fratri,
822 236 912 257 causa
952 226 1047 254 saluti1

1152 227 1217 264 ρογ’.
1245 227 1336 256 Ταῦτά
1378 238 1420 254 σοι
1454 229 1495 263 τῷ

213 271 215 274 ⁴
231 279 388 314 postquam
405 275 539 310 dixerim,
556 274 726 302 ascendead
742 274 874 301 altiorem
887 275 925 306 te,
938 273 973 300 ad
990 279 1057 299 eum

230 321 280 357 qui
293 321 355 357 jam
371 329 429 348 non
444 323 499 355 est,
517 319 592 347 sicut
608 321 650 352 tu,
676 318 727 346 Dei
757 317 853 349 miles,
884 317 933 344 sed
964 316 1060 344 induit

227 366 391 398 thoracem,
417 368 445 392 et
475 364 524 400 qui
552 366 652 391 votum
680 363 748 390 fecit
781 362 898 390 Christo
919 361 1057 389 salvatori

227 410 366 446 operibus
381 410 465 438 bonis
481 408 721 443 conformari,qui
740 407 840 434 statim
856 406 991 441 signatus
1002 406 1058 438 est,

227 463 295 483 cum
311 455 341 482 in
357 454 475 482 nomine
491 455 597 481 sanctis
613 451 766 480 Trinitatis
789 451 953 486 superfluos
966 449 1057 484 capil-

228 499 273 527 los
289 498 493 535 deponeret,ad
512 497 725 525 ostendendam
739 495 952 532 pmnitentiam,
970 496 1058 529 atque

230 543 402 572 mantellum
420 545 555 570 sanctum
583 550 634 578 pro
662 541 781 568 thorace
809 539 905 568 valida
934 538 1057 574 accepit,

229 588 345 624 istoque
357 588 442 615 modo
454 587 568 614 medius
579 586 656 613 inter
669 588 758 612 Deum
771 586 799 612 et
813 584 949 612 homines
961 583 1057 611 factus

229 633 380 661 est:Deum
389 632 506 668 quidem
515 631 564 667 qui
579 630 754 658 excellenter
761 628 910 665 estmagni
924 627 1055 662 habitus,

230 677 366 705 homines
383 676 433 712 qui
463 678 532 703 sunt
561 675 637 702 infra
662 676 780 711 propter
801 673 1010 703 initiationem.
1027 674 1056 699 et

229 721 365 749 laborant
379 721 456 748 circa
466 720 583 748 virtutis
601 719 799 747 ascensiones.
825 718 877 750 Qui
895 717 1009 753 positus
1026 716 1054 743 in

230 766 340 800 medio,
356 768 384 793 et
395 765 506 800 junctis
523 764 661 792 extremis
673 766 828 798 utramque
839 764 949 798 partem
966 761 1054 789 attin-

229 818 313 846 gens,
330 810 422 837 multo
439 809 531 844 magis
547 817 635 844 quam
654 812 682 835 lu
695 808 780 841 Iinter
804 806 926 834 n0vitios
951 813 1054 833 nume-

229 858 320 886 ratus,
338 854 571 889 presbyteratum
596 852 775 888 magniﬁcat,
804 851 854 878 sed
886 851 982 878 minor
1010 852 1055 877 est

227 898 365 933 perfecto,
382 899 410 925 et
426 897 545 934 quidem
564 897 649 932 longo
669 895 833 930 intervallo,
850 897 878 922 et
902 894 1051 922 nihilomi-

227 951 284 970 nus
296 942 433 970 eximiam
445 940 779 977 habetdignitatem.0ui
790 940 868 968 enim
880 939 1053 975 simpliciter

228 986 420 1014 mantellatus
434 989 479 1013 est
494 985 605 1021 absque
627 985 715 1012 dubio
732 985 847 1012 medius
873 986 926 1011 est.
945 985 977 1011 Et
992 984 1051 1011 fere

225 1030 334 1064 dicam,
348 1032 493 1066 quantum
510 1039 526 1058 a
542 1030 669 1057 maximo
685 1029 939 1061 vincitur,tantum
955 1028 1052 1056 minor

225 1077 256 1102 te
271 1077 326 1102 est.
342 1075 371 1102 Si
387 1075 498 1111 apicem
516 1075 544 1102 in
561 1075 688 1111 quadam
704 1074 886 1101 fraternitate
912 1073 1050 1109 attigerit,

226 1127 285 1147 non
297 1119 333 1147 ob
348 1119 377 1146 id
393 1119 448 1146 erit
465 1119 592 1153 medius,
610 1127 667 1146 una
677 1127 764 1146 manu
780 1118 864 1154 quasi
880 1117 992 1145 excelsa
1007 1120 1050 1145 at-

224 1163 354 1200 tingens,
371 1166 400 1191 et
415 1163 506 1191 altera
518 1163 604 1199 plane
620 1163 744 1190 humilia
754 1171 788 1190 ex
803 1162 967 1190 initiatione
978 1161 1051 1189 acci-

224 1208 373 1244 piens;sed
391 1216 547 1235 commune
563 1208 692 1236 medium
710 1206 902 1239 transcendit,
919 1207 953 1233 ad
969 1205 1049 1233 altis-

223 1252 331 1281 simum
347 1252 428 1280 venit
443 1254 472 1280 et
487 1261 546 1280 uno
560 1253 652 1288 grodu
670 1251 852 1286 :cmlestibus
881 1251 978 1278 minor
1004 1251 1049 1278 est

221 1299 342 1333 propter
356 1296 590 1324 machinationes
604 1296 678 1324 satis
694 1295 821 1323 dolosas:
834 1298 862 1323 et
872 1295 987 1322 duabus
1002 1302 1049 1322 ve-

220 1341 275 1369 luti
289 1341 498 1374 alis,mantello
515 1343 543 1368 et
562 1340 695 1376 imperio,
711 1340 840 1375 proxime
856 1340 892 1367 ad
907 1345 1046 1375 magnum

220 1385 399 1413 monachum
415 1385 557 1412 evolat.Et
572 1388 641 1412 tunc
656 1384 724 1411 huic
740 1384 806 1411 licet
820 1384 855 1411 de
870 1383 962 1419 gloria
973 1385 1001 1410 et
1012 1383 1048 1411 de

219 1430 359 1465 dignilate
365 1437 432 1457 cum
440 1429 490 1457 illo
506 1429 680 1457 contendere
694 1428 878 1464 fidenter,qui
890 1429 961 1456 istas
969 1429 1047 1456 amat

220 1474 397 1510 quaestiones
412 1477 440 1501 et
456 1474 566 1502 invenit
582 1476 756 1509 argumenta
771 1474 925 1508 probantia
938 1473 1047 1508 quibus

220 1518 417 1554 aequalitatem
434 1518 614 1547 obtineatJet
629 1526 753 1553 quorum
771 1517 985 1545 validissimum
1003 1519 1047 1544 est

221 1562 442 1599 praeminentia
455 1571 522 1590 cum
539 1563 672 1598 imperio,
684 1570 743 1598 qua
754 1562 861 1598 jugum
878 1570 964 1598 grave
977 1561 1047 1597 quia.

221 1607 408 1644 negotiosum
420 1607 559 1644 suscepit.

255 1791 318 1818 174.
343 1791 426 1819 Hunc
446 1790 601 1818 sublimem
632 1789 835 1817 mantellatum
878 1790 1043 1825 praefatum,

219 1835 270 1872 qui
300 1843 351 1871 per
380 1835 467 1862 aliam
495 1835 572 1862 viam
585 1835 614 1861 in
636 1833 741 1861 cmlum
758 1834 899 1867 ascendit,
914 1842 964 1870 per
980 1843 1042 1862 ma-

218 1887 309 1915 gnum
326 1879 472 1913 habitum,
489 1881 517 1906 et
528 1887 574 1906 res
590 1879 666 1914 ipsa,
691 1881 720 1905 et
731 1878 783 1914 jus
812 1878 1000 1913 canonicum,
1016 1881 1044 1907 et

217 1923 270 1952 Dei
293 1922 459 1958 exemplum
490 1923 640 1959 egregium
665 1930 730 1950 esse
759 1922 924 1959 repuirunt,
956 1923 1042 1960 paulo

217 1968 253 1996 ab
268 1967 381 2004 angelis
401 1967 560 2001 minutum,
577 1967 627 2004 qui
652 1970 903 2003 recognoscuntur
916 1967 946 1995 in
980 1977 1042 1996 ma-

215 2022 273 2051 gno
286 2014 430 2042 monacho
446 2014 533 2041 veluti
550 2014 579 2041 in
601 2013 759 2050 archetypo
787 2014 927 2042 humano.
958 2014 1042 2042 Hunc

215 2059 294 2087 enim
317 2067 445 2087 canones
470 2059 635 2087 secundum
660 2058 778 2094 angelos
803 2059 1040 2087 eli'ormaverunt.

215 2105 293 2132 Talis
318 2105 409 2133 videri
440 2105 490 2141 qui
517 2104 602 2132 debet
624 2104 785 2132 monachus
809 2104 905 2132 minor
931 2105 1041 2141 quique

215 2150 353 2186 praelatus
369 2152 413 2177 est
429 2148 604 2184 scilicet,qui
620 2157 651 2176 se
667 2149 754 2177 habet
767 2149 929 2177 secundum
947 2150 1040 2185 majo-

214 2197 343 2228 rem,aut
353 2195 388 2222 ad
397 2194 503 2221 melius
511 2196 539 2221 et
546 2194 653 2221 rectius
660 2193 839 2229 loquendum
847 2194 1040 2230 impressione

214 2239 314 2267 divina
327 2239 505 2266 informatus
521 2241 579 2273 est,
592 2238 792 2266 immensitate
808 2239 969 2274 excepta,in
991 2247 1039 2267 ce-

615 163 826 195 EUSTATHH
847 160 1236 193 THESSALONIGENSIS
1258 161 1554 192 METROPOLI’I‘IE

1067 917 1091 950 B

1061 1600 1082 1634 C

1880 162 1939 192 876

1535 227 1707 266 εἰσαγωγικῷ
1748 227 1946 265 προσλαλῆσας

1113 269 1267 310 ἀδελφικῶς
1281 272 1349 308 πρὸς
1366 271 1489 310 ἀριλειαν
1508 270 1644 300 ἀναϐαίνω
1668 273 1739 311 πρὸς
1762 273 1810 300 τὸν
1841 272 1945 310 ὑψηλό-

1111 326 1200 352 τερον,
1225 317 1271 344 τὸν
1295 316 1385 344 οὐκέτι
1410 317 1477 344 κατὰ
1498 318 1526 344 σὶ
1541 316 1623 353 ψιλὸν
1639 316 1758 352 ὁπλίτην
1776 319 1856 351 Θεοῦ,
1874 318 1945 345 ἀλλὰ

1112 358 1167 395 ἤδη
1183 360 1227 388 καὶ
1253 361 1463 399 θωρακισθέντα,
1485 362 1529 389 καὶ
1546 361 1631 399 εὐχὴν
1658 360 1805 398 δεξάμενον
1830 373 1944 401 μορφω‹

1113 405 1193 439 θῆναι
1209 403 1243 432 δι’
1257 404 1343 443 ἔργων
1368 405 1475 443 ἀγαθῶν
1501 405 1527 432 ἐν
1549 405 1624 442 αὐτῷ
1637 408 1677 441 τῷ
1693 408 1808 444 Σωτῆρι
1824 408 1943 443 Χριστῷ,

1112 449 1157 476 καὶ
1181 449 1276 476 αὐτίκα
1300 450 1499 486 σημειωθέντα,
1523 451 1566 481 οἷς
1597 451 1635 482 εἷς
1665 448 1754 488 ὄνομα
1784 454 1837 485 τῆς
1871 452 1946 489 ἁγίας

1112 492 1230 531 Τριάδος
1245 494 1358 526 ἀπέθετο
1386 495 1435 528 τήν
1451 496 1580 532 περιττὴν
1610 495 1696 533 τρίχα
1712 496 1751 526 ὡς
1766 495 1811 523 ἐπὶ
1842 497 1943 532 πὲνθει,

1111 538 1156 565 καὶ
1179 539 1226 566 τὸν
1243 539 1315 576 ἱερὸν
1336 538 1455 576 μανδύαν
1486 539 1536 566 ὅσα
1557 538 1601 567 καί
1628 540 1740 577 θώρακα
1755 539 1872 578 στερρὸν
1897 551 1945 568 πε-

1113 582 1263 620 ριθέμενον,
1288 584 1333 611 καὶ
1358 583 1429 611 οὕτω
1457 583 1536 620 μέσον
1553 584 1612 611 οἷον
1629 584 1696 611 Θεοῦ
1720 585 1766 611 καὶ
1795 585 1945 621 ἀνθρώπων

1110 626 1264 663 γινόμενον·
1294 629 1371 662 Θεοῦ,
1397 630 1446 655 τοῦ
1475 627 1565 655 ὶνθὲου
1593 627 1848 666 μεγαλοσχήμονΟς
1867 639 1874 645 ·
1903 630 1945 657 ἀν-

1111 671 1238 707 θρώπων,
1267 674 1321 699 τῶν
1350 670 1388 699 ἔτι
1421 673 1568 710 κατωτέρω
1597 671 1641 700 διὰ
1670 672 1877 711 εἲσαγωγικῆς,
1902 675 1944 701 καὶ

1111 715 1299 754 στρεφομένων
1326 716 1388 754 περὶ
1416 716 1479 748 τοὺς
1506 720 1557 752 τῆς
1586 717 1685 754 ἀρετῆς
1713 717 1884 755 πρόποδας·
1916 719 1944 750 ὃς

1108 762 1148 796 τῷ
1171 764 1221 794 τῆς
1249 761 1399 797 μεσότητος
1427 761 1503 799 λόγῳ
1524 762 1690 799 κεκραμένος
1719 762 1762 789 ἐπ’
1795 761 1884 800 ἄμφω
1909 765 1940 799 τῇ

1108 803 1242 842 ἑκατέρων
1267 808 1320 833 τῶν
1352 805 1440 844 ἄκρων
1466 808 1586 844 μετοχῇ,
1614 806 1659 834 καὶ
1689 809 1738 834 σοῦ
1756 807 1820 844 μὲν,
1836 810 1889 834 τοῦ
1907 807 1941 834 ἔτι

1108 849 1134 877 ἐν
1151 849 1325 888 εἴσαγωγαῖς,
1342 849 1414 878 πολὺ
1438 851 1521 879 πλέον
1550 851 1582 879 τὸ
1610 849 1755 888 πρεσϐεῖον
1773 853 1887 890 αὐχῶν,
1906 855 1941 888 τῷ

1109 893 1137 921 δὲ
1165 894 1262 931 τελείῳ
1290 893 1471 930 ὑποϐεϐηκὼς
1500 898 1597 934 μακρῷ
1630 895 1825 932 διαστήματι,
1866 897 1940 933 ὅμως

1107 936 1164 977 ἔχει
1189 939 1300 976 θεωρίαν
1318 938 1496 978 διαιρετικήν.
1513 939 1683 976 Μανόυώτης
1709 941 1756 977 μὶν
1774 942 1828 979 γὰρ
1845 941 1942 972 ἁπλῶς

1109 983 1375 1023 μὲνων,ἀκραιφνῶς
1400 984 1454 1012 ἐστι
1483 985 1576 1021 μέσος.
1607 985 1655 1012 Καὶ
1689 987 1792 1022 μικροῦ
1820 984 1877 1013 δέω
1906 986 1939 1013 εἲ-

1105 1030 1177 1061 πεῖν,
1194 1027 1256 1056 ὅσον
1277 1028 1345 1063 αὐτὴ
1371 1028 1528 1064 ἠλάττωται
1557 1031 1605 1056 τοῦ
1634 1029 1774 1067 μεγίστου,
1807 1029 1836 1061 ις
1865 1030 1939 1057 τόσον

1108 1073 1272 1108 ὑκοκάθηταί
1300 1083 1359 1102 σου.
1384 1073 1415 1101 Εἴ
1440 1072 1469 1100 δὲ
1490 1077 1640 1111 κορυφαῖος
1656 1074 1738 1105 αὐτὸς
1762 1074 1881 1112 γένηταί
1903 1086 1939 1102 τι-

1104 1126 1150 1147 νος
1165 1115 1362 1156 ἀδελφότητος,
1386 1117 1449 1145 τότε
1477 1116 1510 1152 δὴ
1537 1118 1586 1145 οὐκ
1601 1118 1667 1146 αὐτὸ
1684 1117 1717 1153 δὴ
1744 1121 1830 1146 τοῦτο
1862 1121 1937 1155 μέσος

1106 1159 1203 1199 ἔλαχεν
1235 1162 1313 1196 εἶναι,
1336 1164 1385 1198 μιᾷ
1411 1162 1459 1198 μὲν
1474 1163 1529 1190 οἷόν
1546 1163 1620 1201 χειρὶ
1633 1165 1681 1190 τοῦ
1697 1163 1833 1190 ἀνωτάτω
1861 1163 1937 1201 δρατ-

1104 1206 1230 1242 τόμενος,
1247 1205 1324 1244 ἒτὲρᾳ
1343 1205 1371 1234 δὲ
1395 1209 1444 1234 τοῦ
1472 1207 1560 1242 πάντη
1584 1208 1658 1235 κάτω
1682 1209 1750 1235 κατὰ
1778 1207 1936 1246 εἶσαγωγήν

1105 1248 1334 1287 λαμϐανόμενος’
1368 1250 1430 1279 ἀλλ’
1458 1249 1627 1290 ὑπεραναϐὰς
1653 1253 1684 1280 τὸ
1709 1253 1814 1284 κοινῶς
1847 1253 1937 1290 μὲισον,

1103 1298 1255 1332 προσκυρεῖ
1280 1298 1320 1331 τῷ
1351 1295 1528 1333 ὑψηλοτάτῳ,
1553 1296 1598 1324 καὶ
1625 1300 1708 1334 μικρᾷ
1736 1308 1793 1325 τινι
1823 1298 1936 1335 βαθμίέι

1103 1339 1258 1378 καθυφίεται
1282 1342 1331 1368 τοῦ
1360 1339 1458 1378 σχεδόν
1491 1352 1517 1368 τι
1547 1340 1674 1379 οὐρανίου
1701 1340 1747 1369 διὰ
1775 1342 1811 1370 τὺ
1839 1343 1938 1374 ἱκανῶς

1102 1383 1360 1423 πεφιλοσοφημένον
1391 1385 1571 1423 ἐπάγγελμα·
1603 1385 1648 1413 καὶ
1678 1385 1753 1413 δυσὶν
1786 1387 1847 1414 οἶον
1875 1389 1937 1415 mt-

1103 1428 1171 1466 ρυξι,
1200 1430 1234 1466 τῇ
1263 1439 1292 1456 τε
1320 1428 1495 1466 μανδοωτικῇ
1521 1430 1565 1457 καὶ
1595 1431 1630 1467 τῇ
1656 1431 1716 1462 καθ’
1735 1431 1934 1468 ἡγουμενείαν,

1102 1471 1274 1511 ἔλαφρίζεται
1292 1473 1330 1504 εἷς
1355 1473 1489 1511 ἐγγύτητα
1507 1473 1766 1512 μεγαλοσχήμονος.
1800 1476 1852 1502 Καὶ
1881 1475 1937 1513 ἔχει

1102 1517 1273 1555 θαρρούντως
1301 1517 1395 1556 ἐρίζειν
1426 1518 1519 1554 ἐκείνῳ
1546 1521 1595 1546 τοῦ
1624 1529 1653 1546 τε
1685 1518 1784 1552 κλέους
1815 1520 1865 1547 καὶ
1893 1523 1936 1548 τοῦ

1101 1560 1195 1598 ὕψους,
1225 1561 1379 1600 φιλόνεικος
1396 1562 1444 1599 μὲν
1460 1561 1497 1590 ὢν
1512 1562 1592 1590 τοῦτό
1620 1573 1659 1600 γε,
1688 1563 1794 1594 τόπους
1813 1562 1844 1592 δὲ
1864 1564 1934 1601 ἐξευ-

1103 1605 1200 1643 ρίσκων
1230 1606 1514 1645 ἐπιχειρηματικοὺς,
1556 1606 1592 1634 δι’
1629 1606 1665 1634 ὧν
1699 1607 1861 1645 ἁμιλλᾶται
1890 1611 1935 1644 τήν

1100 1649 1234 1685 ἰξίσωσιν,
1263 1650 1300 1678 ὦν
1330 1650 1520 1688 κραταιότερος
1543 1652 1556 1678 ὁ
1572 1652 1640 1679 κατὰ
1659 1652 1710 1686 τὴν
1739 1655 1930 1689 ποιμαντικὴν

1098 1694 1273 1732 προστασίαν·
1291 1694 1326 1723 δι’
1341 1695 1375 1730 ἧς
1391 1695 1473 1734 βαρὺν
1491 1697 1582 1734 ζυγὸν,
1599 1697 1640 1724 ὅτι
1662 1696 1708 1724 καὶ
1723 1699 1930 1736 πραγματικὸν,

1099 1738 1249 1776 ἀνεδὲξατο.

1135 1792 1200 1831 ροδ’.
1229 1795 1331 1822 Τοῦτον
1362 1792 1395 1828 δὴ
1434 1793 1480 1822 τὸν
1517 1792 1719 1832 αἱθεροϐάμονα
1761 1795 1930 1832 μανδυώτην

1097 1837 1262 1875 ἡγούμενον,
1293 1837 1322 1869 ὅς
1358 1839 1417 1870 καθ’
1450 1839 1541 1877 ἑτέραν
1572 1837 1716 1876 μετάϐασιν
1745 1840 1786 1872 είς
1813 1841 1930 1879 οὐρανὸν

1097 1881 1176 1909 αὐτὸν
1194 1880 1387 1910 ἀναϐαίνειδιὰ
1415 1885 1463 1910 τοῦ
1492 1883 1614 1921 μεγάλου
1636 1885 1794 1922 σχήματος,
1818 1886 1853 1913 τὸ
1884 1887 1932 1922 μὲν

1096 1929 1220 1964 πρᾶγμα,
1244 1927 1290 1955 καὶ
1320 1928 1399 1966 ὀρθὸς
1425 1928 1535 1963 κανὼν,
1561 1928 1606 1956 καί
1630 1930 1648 1964 ἡ
1671 1930 1740 1956 κατὰ
1768 1930 1838 1957 Θεὸν
1865 1930 1933 1958 ἀκο-

1098 1969 1195 2003 λουθία
1233 1972 1314 2009 μέγαν
1351 1973 1459 1999 ἀπαιτεῖ
1494 1972 1636 2010 ἄνθρωπον
1674 1974 1753 2008 εἶναι,
1793 1975 1842 2002 καὶ
1872 1975 1929 2003 οἷον

1097 2014 1160 2043 οὐδὲ
1184 2016 1272 2054 βραχύ
1298 2027 1323 2044 τι
1344 2016 1463 2054 ἀγγελου
1478 2017 1664 2053 ἠλαττῶσθαι,
1693 2020 1741 2046 τοῦ
1776 2018 1930 2057 ἰνθιωρου-

1098 2059 1190 2096 μένου,
1220 2060 1269 2088 ὅσα
1294 2061 1338 2088 καὶ
1365 2061 1529 2099 ἀνθρωπίνῳ
1557 2062 1715 2100 ἀρχετύπῳ,
1729 2066 1770 2099 τῷ
1789 2063 1930 2102 μεγαλοσ-

1096 2105 1213 2141 χήμονι,
1243 2105 1363 2136 Ἐκεῖνος
1392 2106 1443 2143 γὰρ
1473 2106 1542 2144 πρὸς
1571 2106 1650 2134 αὐτὸν
1680 2106 1797 2145 ἄγγελον
1818 2119 1929 2136 κανονι-

1095 2150 1149 2180 κῶς
1179 2149 1360 2177 ἐκτετύπωται
1378 2171 1384 2177 .
1424 2153 1551 2182 Τοιοῦτος
1591 2149 1620 2178 δὲ
1650 2151 1854 2188 ἀπαιτούμενος
1884 2153 1929 2181 καὶ

1095 2193 1232 2232 φαίνεσθαι
1249 2195 1293 2222 καὶ
1309 2195 1376 2222 εἶναι
1399 2195 1413 2222 ὁ
1431 2196 1633 2233 μικροσχήμων
1663 2196 1719 2233 μὶν,
1749 2197 1928 2235 καθηγούμε-

1094 2249 1140 2270 νος
1169 2238 1197 2267 δὲ
1211 2239 1253 2276 (ὃς
1268 2239 1312 2267 καὶ
1329 2239 1409 2270 αὐτὸς
1426 2238 1477 2275 ἤδη
1494 2240 1563 2268 κατὰ
1572 2241 1617 2267 τὸν
1649 2241 1733 2278 μέγαν
1749 2240 1930 2280 ἐσχημάτισ-

213 2283 370 2311 leberrima
386 2282 547 2315 urbium,et
563 2283 591 2310 in
608 2282 674 2310 aliis
691 2282 761 2310 locis
778 2291 903 2319 quorum
929 2283 1040 2319 pleros-

1104 2293 1148 2318 ται,
1167 2282 1285 2320 μάλιστα
1312 2284 1359 2320 μὶν
1390 2283 1448 2318 οὖν,
1479 2281 1668 2321 ἀκριϐέστερον
1690 2284 1787 2319 εἰπεῖν,
1820 2286 1926 2322 μεμόρ-

213 2336 272 2363 que
287 2335 321 2355 ex
337 2327 516 2361 auctoribus,
534 2327 692 2355 nonnullos
701 2335 767 2354 vero
783 2327 875 2355 oculis
893 2327 1038 2363 novimus,

212 2372 361 2408 postulata
377 2371 528 2407 adimplet,
540 2374 569 2399 et
585 2376 648 2407 post
672 2372 835 2399 secundum
852 2372 957 2400 coalum
987 2381 1037 2400 seu

211 2416 373 2452 perfectum
403 2416 579 2444 monachum
610 2417 673 2452 ipse
703 2417 853 2444 secundus
883 2417 1038 2444 constitui-

211 2461 357 2496 tur,quasi
375 2461 538 2489 secundum
555 2463 663 2489 terram
679 2468 737 2489 non
753 2464 898 2489 errantem
915 2461 977 2498 ipse
993 2470 1038 2490 ro-

210 2505 362 2534 tundetur.

1094 2338 1181 2368 φωται
1198 2332 1351 2366 χαρακτῆρι
1381 2327 1456 2364 θείῳ,
1484 2328 1505 2355 εἰ
1529 2329 1574 2356 καὶ
1594 2329 1631 2365 μὴ
1652 2329 1718 2366 πρὸς
1744 2330 1796 2364 τήν
1821 2329 1928 2358 ἐκείνου

1095 2372 1318 2409 μεγαλειότητα),
1333 2371 1358 2399 ἐν
1377 2373 1424 2409 μὲν
1439 2375 1473 2409 τῇ
1489 2372 1655 2410 περιωνύμῳ
1670 2375 1724 2401 τῶν
1739 2373 1866 2410 πόλεων,
1880 2376 1923 2402 xxi

1093 2417 1119 2444 ἐν
1137 2416 1234 2448 ἄλλοις
1251 2416 1279 2445 Si
1293 2417 1399 2451 τόποις,
1415 2417 1494 2448 ὃσους
1516 2417 1581 2448 τοὺς
1608 2418 1655 2454 μὲν
1684 2417 1773 2446 πλείω
1799 2418 1825 2454 ἕξ
1851 2419 1928 2447 ἴστο-

1094 2464 1171 2500 ριῶν,
1201 2461 1288 2493 ἐνίους
1321 2461 1349 2490 δὲ
1380 2461 1425 2489 καὶ
1457 2462 1516 2489 κατ’
1539 2459 1600 2499 ὄψιν
1627 2459 1759 2500 ἔγνωμεν,
1789 2463 1930 2501 ἐκκληροῖ

1092 2507 1142 2541 τὴν
1167 2506 1323 2540 ἀπαίτησιν·
1361 2506 1406 2534 καὶ
1441 2505 1508 2543 μετὰ
1544 2505 1667 2544 δεύτερον
1707 2507 1764 2534 οἶον
1795 2508 1926 2546 οὖρατὸν,

213 2549 260 2577 τὸν
298 2549 456 2578 παντίλειον
497 2550 632 2587 μοναχὸν,
671 2548 795 2588 δεύτερος
833 2549 913 2581 αὐτὸς
950 2550 1099 2586 ἐκτέταται,
1137 2551 1175 2582 ὡς
1212 2551 1235 2578 si
1272 2551 1317 2579 καὶ
1357 2551 1425 2588 μετά
1459 2551 1508 2586 τὴν
1540 2550 1646 2586 ἀπλανῆ
1677 2551 1758 2583 αὐτὸς
1791 2553 1926 2592 ἀπεσφαί-

213 2604 298 2631 ρωτο.

191 2670 194 2684 ε
245 2648 305 2675 17ὖ.
322 2649 407 2684 Apud
420 2657 473 2677 nos
489 2650 587 2676 autem
616 2655 674 2676 non
696 2656 817 2684 possum
832 2649 974 2677 veraciter
1002 2657 1037 2677 ex

1127 2652 1188 2686 ροε¹.
1206 2649 1250 2678 'Ev
1267 2647 1296 2676 δὲ
1322 2651 1380 2680 τοῖς
1404 2648 1465 2676 καθ’
1494 2649 1568 2685 ἡμᾶς
1595 2648 1644 2676 οὐκ
1673 2646 1731 2687 ἕχι)
1744 2648 1923 2678 διαλευκάναι

207 2693 327 2729 planare
342 2693 491 2729 quisnam,
507 2696 537 2720 et
553 2692 648 2728 qualis
662 2692 691 2719 in
709 2701 739 2721 se
755 2694 803 2721 sit.
818 2693 949 2722 Jactalur
957 2694 1035 2722 enim

1104 2693 1158 2731 πρὸς
1183 2693 1324 2729 ἀλήθειαν,
1368 2693 1463 2725 ὁποῖός
1490 2703 1531 2724 τις
1569 2692 1724 2729 ἐξήπλωται
1758 2694 1804 2722 καὶ
1833 2694 1924 2723 ποδα-

1055 2734 1148 2769 "1:6;-
1188 2737 1399 2777 Ἐπαγγὲλλεται
1431 2737 1478 2775 μὶν
1504 2737 1566 2775 γὰρ,
1596 2737 1641 2764 καὶ
1671 2738 1736 2775 ὑπὲρ
1766 2740 1813 2766 τὸν
1842 2743 1923 2776 πρῶ-

207 2789 299 2816 supra
326 2781 546 2809 ﬁrmamentum
577 2782 656 2817 sunt,
683 2781 745 2818 ipse
770 2782 882 2818 primus
899 2783 1031 2811 omnium

1104 2794 1131 2811 ον
1160 2783 1271 2821 οὐρανὸν
1299 2784 1365 2811 εἶναι
1393 2783 1461 2821 πρὸς
1477 2782 1628 2818 ὁμοιότητα
1644 2782 1746 2810 ὑδάτων
1763 2786 1818 2811 τῶν
1837 2785 1922 2822 ὑπερ-

209 2824 362 2854 hominum
377 2833 443 2854 esse
454 2826 614 2854 arbitratur
631 2835 637 2861 ;
667 2826 810 2862 probatur
832 2835 909 2863 vero,
936 2827 1032 2857 instar

1106 2839 1143 2856 νω
1171 2830 1219 2856 τοῦ
1240 2827 1367 2867 οὐρανοῦ,
1399 2826 1549 2865 πρωτεύειν
1578 2826 1667 2858 αὐτὸς
1687 2827 1719 2856 ἐν’
1737 2829 1840 2858 ’ἅπασιν
1867 2829 1917 2857 ἆν-

207 2745 275 2765 eum
291 2745 380 2773 super
392 2739 520 2773 primum
537 2737 644 2765 coelum
659 2746 734 2770 esse,
752 2738 829 2765 sicut
859 2747 941 2774 aquae
970 2747 1032 2774 qua:
