2002 3158
74 167 131 198 8ἾΊ

582 164 635 195 DE
655 163 899 194 EMENDANDA
920 163 1014 194 νιτΑ
1036 162 1280 194 MONAGHIGA.

1723 165 1786 196 818

76 237 195 268 θρωποις
211 229 349 267 οἴόμενος·
363 228 544 268 διεκφαίνεται
570 228 598 256 δὶ
626 228 693 257 κατά
716 238 777 257 τινα
804 238 900 266 παροι-

963 227 1082 257 celebris
1097 228 1251 265 Eginetici
1275 228 1338 265 (aut
1361 230 1487 258 maxime
1511 231 1602 267 Egei)
1628 239 1722 267 neque
1743 240 1789 260 se-

78 276 172 312 μιακὸν
203 275 355 312 Αἰγινήτην
385 273 518 310 (μάλιστα
549 273 596 309 μὶν
636 272 681 300 οὖν
709 272 815 310 Αἶγιέα)
844 269 905 299 οὔτε

77 319 213 358 δεύτερος,
229 319 274 347 καὶ
291 317 356 346 οὐδὲ
379 318 481 356 τρίτος,
498 317 516 352 ἢ
543 317 629 349 ἄλλος
650 316 814 349 πολλοστός.
832 315 904 344 Ψεύ-

77 364 147 393 δεται
166 365 216 401 μὶν
231 365 281 401 γὰρ
298 363 425 402 ἐμφανῶς
440 363 486 390 τὸν
507 361 743 400 μεγαλοσχήμονα
769 362 820 390 οὐκ
846 359 906 388 οἴδα

75 409 151 445 πότε,
164 410 225 437 κατ’
241 408 341 436 ἐκεῖνον
365 407 418 435 ἀπὸ
439 406 661 444 κατηχουμένου,
674 407 688 433 ὃ
705 405 738 440 δὴ
767 406 811 433 καὶ
840 405 904 432 αὐτὸ

75 454 215 494 γράφεται,
247 453 286 485 εἷς
313 452 495 491 νεοφώτιστον
530 450 687 489 σχολαστὴν
716 450 905 494 ἀποκαταστη-

75 492 202 535 σόμενος,
232 497 278 525 καὶ
306 498 340 534 τῇ
369 496 395 524 ἐν
425 497 492 524 έπτά
519 497 637 534 ἡμέραις
666 494 696 523 ἐκ
722 497 776 522 τῶν
817 492 904 532 ἔργων

75 543 167 581 σχολῇ
195 541 422 577 ἆποτελευτήσων
453 540 490 572 εἷς
513 541 559 568 τὸν
583 539 723 570 παντελῶς
751 539 905 577 ἀναμάρτη-

74 598 119 616 τον
145 586 312 625 ἄνθρωπον·
342 586 380 618 ὡς
409 584 589 622 ἐκδυσόμενος
620 585 667 621 μὲν
696 583 757 611 τότε
783 584 829 611 τὸν
857 593 906 610 πα-

75 631 167 666 λαιὸν,
184 630 360 667 ἐνδυσάμενος
390 628 419 657 δὲ
446 629 491 657 τὸν
518 629 663 663 νεώτατον,
692 628 738 656 καὶ
766 628 906 656 ἀναπλασ-

74 675 229 713 θησόμενος
259 675 298 707 εἲς
323 675 354 703 τὸ
381 675 440 702 κατ’
454 674 546 702 εἰκόνα
569 672 646 702 Θεοῦ.
663 674 778 709 Μήποτε
801 672 830 700 δὶ
845 674 861 708 ἠ
878 671 904 700 ἐν

75 721 150 757 αὐτῷ
182 719 324 758 μοχθηρία
352 718 482 747 οὐδέποτε
519 718 617 756 ἀφήσει
655 718 734 745 αὐτὸν
771 717 905 754 ἀνανῆψαι

74 767 123 794 τοῦ
152 763 264 792 πολλοῦ
293 763 387 802 κάρου,
406 764 451 791 καὶ
479 765 527 791 τοῦ
551 762 682 801 παροίνου
697 762 767 800 βίου,
783 763 828 789 καὶ
854 765 905 796 τῆς

75 810 177 842 ἐκεῖθεν
209 808 304 846 μέθης,
333 808 379 836 καὶ
408 808 604 847 ἀναφρονῆσαι,
634 806 703 834 ὥστε
727 810 846 841 σωθῆναι
870 808 904 844 τῇ

77 853 235 891 μεταλήψει
260 853 305 881 καὶ
335 852 473 892 μορφώσει
496 853 545 879 τοῦ
563 851 681 890 μεγάλου
697 851 849 889 σχήματος·
867 851 906 882 εἷς

76 899 90 926 6
108 898 156 926 καί
180 897 275 934 μόνον,
293 898 330 928 ὡς
359 894 457 930 ἔοικεν,
474 897 641 934 ἀναρτῶντες
667 895 778 927 ἑαυτοὺς
808 896 834 923 οἱ
861 906 905 932 μι-

77 925 283 980 κροσχήμονες,
312 925 398 980 δρῶσι
432 925 466 969 τὰ
494 925 639 979 χέίρισταί
658 925 784 978 καχεξίαν
814 925 945 978 ἀφροί-Β

78 989 170 1022 ζοντες
186 987 414 1023 κενωθησομένην
429 985 455 1013 ἐν
477 988 517 1021 τῷ
544 986 594 1020 τὴς
626 984 908 1022 μεγαλοσχημοσύνης

77 1034 175 1070 καιρῷ·
192 1029 236 1058 ἵνα
263 1031 277 1058 6
307 1034 357 1066 τῆς
384 1032 506 1068 ψυχικῆς
531 1029 634 1065 ἐκείνης
649 1029 766 1067 ῖατρείας
796 1028 907 1065 ἱπιστη-

80 1075 224 1113 μονάρχης
255 1075 320 1106 Θεὸς
348 1075 463 1112 χάριτας
491 1073 601 1113 ὀφλήσῃ
627 1076 668 1110 τῷ
694 1072 765 1101 οὕτω
786 1074 906 1112 καχέκτῃ

80 1120 248 1157 ἐξαμαρτὼν,
279 1119 317 1151 ὡς
357 1118 619 1155 τεθαυμαστωμένος
661 1117 695 1146 δι’
737 1118 829 1147 αὐτοῦ.
859 1119 908 1146 Καί

78 1175 135 1196 πως
165 1165 192 1192 οἱ
220 1166 340 1192 τοιοῦτοι
369 1164 494 1201 στέρησιν
525 1164 627 1201 ἀγαθοῦ
643 1163 743 1194 παντὸς
760 1173 907 1200 περιποιη-

80 1209 203 1246 σάμενοι,
233 1207 469 1246 πραγματεύονται
513 1209 564 1242 τὴν
604 1207 738 1235 εἶσέπειτα
779 1206 833 1243 ἕξιν
864 1206 909 1235 διὰ

71 1257 127 1288 ’τῆς
160 1252 287 1291 μεγάλης
315 1254 424 1290 κουρᾶς,
454 1252 609 1291 ἀφιλόσοφα
638 1250 835 1289 μεθοδεύοντες,
863 1252 908 1279 καὶ

80 1295 342 1335 μεταλαμϐάνοντες
383 1297 413 1324 οὗ
453 1296 546 1328 καλῶς
580 1296 622 1324 τό·
651 1309 664 1323 ί(
691 1296 825 1335 Φάγωμεν
863 1297 907 1324 καὶ

78 1343 199 1379 πίωμενο
227 1340 320 1379 αῧριον
347 1340 397 1380 γὰρ
427 1341 679 1378 ἀποθνήσκομεν.»
702 1342 789 1379 ’Όπερ
817 1340 906 1369 ἐστίν·

960 273 1076 300 cundus
1090 281 1165 307 esse,
1183 281 1236 301 nec
1250 274 1357 301 tertius
1380 282 1432 302 nec
1452 275 1548 310 quivis
1576 275 1663 303 alius.
1681 278 1786 313 Aperte

960 318 1039 345 enim
1055 318 1196 345 mentitur
1219 326 1359 354 magnum
1381 319 1557 347 monachum
1575 328 1606 347 se
1632 329 1696 348 esse
1712 321 1787 356 (ubi,

961 362 1082 395 nescio),
1100 363 1178 390 sicut
1193 362 1252 398 ille,
1269 371 1283 391 e
1306 363 1526 398 catechumeno,
1552 365 1628 392 sicut
1643 365 1787 401 scriptum

960 409 1015 439 est,
1043 406 1073 434 iu
1104 407 1283 443 neophytum
1314 407 1477 436 scholarem
1499 408 1731 443 transferendus,
1758 412 1787 438 et

961 451 1137 487 quiescendo
1150 452 1185 479 ab
1197 452 1335 487 operibus
1346 452 1423 480 intra
1433 455 1544 488 septem
1554 453 1617 481 dies
1626 455 1786 482 mutandus

959 495 989 523 in
1007 495 1154 523 hominem
1171 495 1290 524 omnino
1305 496 1537 532 impeccabilem,
1549 497 1633 533 quasi
1648 499 1720 526 tunc
1735 499 1784 526 de-

961 540 1095 576 posueris
1119 542 1244 568 veterem
1275 540 1424 568 hominem
1457 544 1485 568 et
1508 550 1615 569 novum
1644 542 1784 578 induerit,

960 588 1047 620 atque
1076 585 1281 612 reformandus
1311 585 1346 612 ad
1364 585 1521 621 imaginem
1552 587 1612 614 Dei.
1628 587 1785 623 Nunquam

960 631 1057 657 autem
1074 629 1186 657 malitia
1201 637 1268 656 eum
1285 629 1361 657 sinet
1376 638 1392 657 a
1407 638 1510 658 somno
1526 630 1606 666 gravi
1622 631 1753 667 excitari,
1769 640 1785 659 θ

959 673 1020 701 vita
1034 673 1146 708 vinosa,
1165 676 1250 710 atque
1266 682 1300 701 ex
1314 674 1454 702 ebrietate
1474 674 1542 702 inde
1568 678 1783 711 consequente;

960 726 992 746 ac
1007 718 1049 746 ita
1063 718 1223 754 recogitare
1249 720 1282 745 ut
1303 718 1431 746 salvetur
1446 727 1497 755 per
1522 719 1741 748 conversionem
1757 722 1786 748 et

960 763 1057 800 magni
1072 763 1192 790 habitus
1206 762 1457 791 informationem.
1477 764 1519 791 Ad
1535 764 1611 799 quod
1628 763 1722 792 solum
1739 773 1785 792 ac-

960 807 1095 835 cedentes
1111 808 1239 835 minores
1262 807 1407 841 monachi,
1436 808 1593 843 perﬁciunt
1615 808 1744 844 pessima
1759 809 1788 836 et

961 852 1104 880 malitiam
1120 855 1284 889 congerunt
1309 853 1508 881 evacuandam
1534 854 1664 889 tempore
1686 852 1786 889 magni

961 897 1092 931 habitus,
1104 899 1136 924 ut
1147 897 1236 932 hujus
1248 897 1410 933 spiritualis
1423 897 1584 925 curationis
1599 900 1700 925 auctor
1712 898 1786 925 Deus

962 941 1010 969 isti
1028 942 1151 970 scelesto
1166 942 1202 969 de
1215 941 1295 969 vitiis
1316 944 1384 977 agat
1396 941 1490 976 gratia
1510 950 1543 970 eo
1559 943 1635 977 quod
1653 951 1703 977 per
1718 950 1785 970 eum

962 986 1056 1022 magis
1071 986 1260 1014 admirandus
1277 986 1416 1014 fuerit.Et
1431 988 1587 1022 postquam
1604 987 1683 1014 omni
1699 994 1786 1022 opere

962 1031 1038 1058 bono
1054 1039 1151 1058 carere
1176 1031 1365 1064 studuerunt,
1391 1039 1425 1058 ea
1450 1030 1555 1058 deinde
1580 1039 1630 1066 per
1645 1039 1784 1066 magnam

961 1078 1114 1103 tonsuram
1131 1075 1237 1103 habere
1250 1075 1640 1110 satagunt,irrationabiliter
1654 1077 1785 1111 agentes,

963 1123 991 1148 et
1005 1128 1062 1147 non
1078 1119 1276 1156 intelligentes
1289 1119 1369 1147 istud
1384 1128 1390 1146 :
1408 1130 1422 1144 ‹‹
1439 1119 1649 1148 Manducemus
1664 1121 1692 1147 et
1707 1119 1787 1148 biba-

963 1173 1040 1199 mus,
1057 1173 1122 1193 eras
1151 1165 1228 1193 enim
1245 1164 1446 1193 moriemur”.
1471 1164 1530 1192 Hoc
1558 1166 1603 1192 est
1630 1164 1787 1193 Peccemus

963 1209 1087 1244 fortiter,
1104 1218 1168 1237 cras
1183 1209 1261 1237 enim
1275 1210 1413 1244 suscepto
1429 1208 1531 1236 habitu
1548 1211 1659 1244 sancto,
1676 1209 1786 1237 mortui

964 1253 1069 1282 saeculo
1085 1256 1114 1282 et
1142 1254 1252 1282 mundo
1276 1255 1412 1289 corrupto
1438 1255 1467 1281 et
1497 1253 1706 1289 corrumpenti,
1729 1254 1787 1282 Deo

964 1299 1159 1333 adstabimus,
1190 1301 1355 1335 peccatores
1383 1298 1510 1335 amplius
1535 1307 1595 1327 non
1618 1298 1720 1334 futuri,
1736 1299 1787 1328 sed

964 1343 1079 1372 similes
1094 1343 1216 1380 angelis.

85 1387 260 1424 Αμάρτωμιν
285 1385 490 1417 ἀνυποστόλως
507 1383 600 1423 αὔριον
621 1386 674 1423 γὰρ
703 1384 748 1413 διὰ
771 1387 820 1413 τοῦ
836 1385 969 1424 ἁγχθιέυυ
986 1388 1130 1425 σχήματος
1146 1387 1267 1418 θανόντες
1280 1389 1320 1424 τῷ
1336 1387 1380 1414 καὶ
1395 1389 1505 1426 φθαρτῷ
1517 1387 1562 1414 καὶ
1577 1389 1717 1425 φθαρτικῷ
1735 1387 1787 1426 βίῳ

78 1432 122 1459 καὶ
137 1431 248 1468 κόσμῳ,
266 1431 496 1467 παραστησόμεθα
508 1431 548 1466 τῷ
561 1432 630 1466 Θιῷ,
647 1430 736 1458 οὐκέτι
753 1429 924 1468 ἁμαρτωλοὶ,
941 1430 1014 1459 ἀλλὰ
1030 1432 1160 1470 ἀγγέλοις
1175 1431 1279 1469 ὅμοιοι.

114 1499 182 1535 ρος’.
200 1498 248 1525 Καὶ
280 1497 386 1535 γένοιτο
417 1498 465 1533 μὶν
492 1499 585 1534 τυχεῖν
615 1496 678 1527 τοὺς
705 1496 848 1528 τοιούτους
875 1497 907 1525 οὗ

79 1542 203 1580 λέγουσι.
218 1541 267 1573 Τίς
293 1540 322 1569 δὶ
343 1539 399 1569 οῒδι
419 1540 464 1568 τὸν
487 1544 538 1576 τῆς
561 1540 691 1576 ἐπιούσης
715 1541 806 1576 τόκον,
822 1541 845 1568 εἰ
869 1542 907 1578 μὴ

77 1585 342 1624 ἐξαμϐλωθήσεται;
365 1586 439 1616 Τέως
465 1596 496 1624 γε
526 1586 579 1622 μὴν
610 1584 814 1623 ἐπαγγέλλεται,
842 1584 908 1622 ὅπερ

999 1499 1060 1527 176.
1077 1500 1112 1527 Et
1135 1499 1249 1527 utinam
1265 1499 1341 1535 quod
1352 1499 1455 1527 dicunt
1480 1499 1632 1527 obtineant
1655 1499 1716 1527 isti.
1732 1499 1787 1527 Ve-

963 1552 1028 1571 rum
1045 1544 1111 1580 quis
1127 1544 1208 1572 novit
1227 1546 1327 1571 utrum
1351 1545 1454 1579 partus
1469 1543 1527 1571 diei
1553 1543 1690 1579 proximae
1703 1543 1787 1570 abor-

962 1589 1026 1615 tum
1043 1596 1100 1615 non
1116 1589 1155 1616 sit
1166 1596 1308 1623 passurus
1318 1588 1332 1615 ‘P
1344 1588 1489 1615 Hactenus
1501 1587 1619 1623 quidem
1635 1595 1788 1623 magnum,

75 1630 191 1670 ἔφαμεν,
208 1631 254 1658 τὸν
271 1631 330 1658 οἷον
350 1629 587 1668 μιγαλοσχήμονα
602 1630 616 1656 6
640 1630 678 1666 μὴ
709 1629 789 1657 εἰσέτι
817 1631 906 1657 τοιοῦ-

964 1635 997 1660 ut
1014 1632 1152 1665 diximus,
1170 1632 1347 1660 monachum
1360 1632 1547 1660 commendat
1557 1632 1608 1667 qui
1621 1632 1685 1668 ipse
1699 1631 1725 1659 ei
1736 1640 1790 1667 par

71 1686 119 1706 τος
148 1675 316 1714 ἡγούμενος.
337 1673 470 1702 Ψεύδεται
500 1672 538 1710 δὶ,
568 1673 714 1710 σεμνότητι
744 1674 790 1710 μὲν
820 1684 905 1712 προσ-

72 1720 161 1756 ώπου,
187 1720 233 1747 καὶ
263 1718 372 1757 ὀφρύων
401 1718 533 1754 συνδέσει,
557 1718 601 1746 καὶ
629 1719 743 1757 νεφώσει
771 1720 820 1746 τοῦ
848 1725 906 1746 κατ’

71 1763 135 1802 ὄψιν
151 1763 245 1798 ἡλίου,
262 1763 307 1791 καὶ
331 1763 490 1802 βλέμματος
521 1762 700 1799 ὑπουλότητι,
716 1763 760 1790 καὶ
789 1762 905 1791 κατακύ-

70 1811 115 1847 vim
132 1811 168 1846 τῇ
186 1809 225 1841 εἰς
239 1812 302 1846 γῆν,
314 1808 357 1836 καὶ
377 1807 476 1840 λαλιᾶς
499 1807 643 1844 ἐμμελείᾳ,
659 1807 705 1835 καὶ
727 1809 906 1846 προσχήματι

72 1854 279 1887 ταπεινώσεως,
293 1853 337 1880 καὶ
364 1855 404 1888 τῷ
430 1854 523 1890 συχνῷ
551 1853 600 1879 τοῦ
618 1863 632 1880 σ
651 1851 814 1890 ιειῖιλόγησον⁷
831 1864 846 1878 ››
861 1852 906 1880 καὶ

75 1899 156 1936 βαθεῖ
180 1898 401 1934 προσκυνήματι,
426 1897 471 1924 καὶ
494 1897 681 1933 καταστήματι
707 1894 817 1924 εὖλαϐιῖ
841 1897 907 1935 ἄχρι

73 1942 119 1970 καὶ
164 1942 248 1969 αὑτοῦ
291 1940 459 1979 βαδίσματος
501 1941 546 1968 τὸν
586 1941 738 1978 πρώτιστον
767 1940 794 1969 ἐν
824 1951 908 1978 μονα-

75 1989 141 2025 χοῖς
159 1986 345 2025 ὑπεμφαίνων·
360 1986 395 2013 τὰ
409 1985 502 2013 πολλὰ
517 1983 546 2012 δὲ
573 1985 618 2013 καὶ
643 1983 812 2023 ὑπερϐαίνειν
844 1985 910 2013 ἐκεῖ·

73 2042 131 2068 νον,
155 2031 273 2068 πέμπων
303 2029 425 2066 δόκησιν·
457 2029 550 2060 ἄλλως
578 2028 607 2056 δὲ
635 2030 751 2068 ὑπέρφευ
780 2029 817 2060 εἰς
845 2030 907 2056 ὅσον

75 2073 230 2103 ὑποϐαίνων
261 2075 305 2102 καὶ
330 2073 536 2111 ἐλαττούμενος.
553 2074 583 2101 Τί
607 2072 635 2101 δέ
659 2084 731 2113 φημι
748 2086 761 2099 ‹‹
778 2073 909 2101 ἐλαττούο

74 2131 158 2157 μενος
172 2120 295 2154 ἐκείνους
313 2130 328 2145 n
346 2118 405 2146 δέον
429 2118 514 2146 εἷπεῖν
539 2118 608 2156 πρὸτ
630 2117 769 2154 ἀλήθειαν,
782 2117 822 2145 ὅτι
846 2117 909 2145 οὐδὲ

72 2166 142 2201 πρὸς
171 2165 218 2192 τὸν
246 2168 297 2199 τῆς
327 2163 480 2202 εἰσαγωγῆς
511 2164 630 2201 μοναχὸν
660 2162 847 2199 ἁμιλλήσαιτο
876 2162 906 2190 ἂν

74 2211 88 2237 6
117 2208 270 2240 τοιοῦτος’
300 2208 345 2236 ὅτε
373 2218 414 2239 τις
443 2207 556 2246 πρώτην
590 2208 688 2245 ἀράξας
718 2205 835 2245 βαλϐίδα
860 2210 909 2235 τοῦ

75 2255 144 2283 κατὰ
173 2255 239 2282 Θεὸν
269 2253 392 2288 σταδίου,
422 2253 502 2292 ὀρθὸν
534 2253 650 2288 έξανύειν
675 2253 819 2291 ἀπάρξεται
849 2252 909 2291 δρό-

79 2310 129 2336 μον
160 2299 205 2327 έπὶ
233 2298 269 2326 τὰ
296 2299 365 2326 θεῖα.
384 2297 567 2336 Ἐργοχείρων
599 2299 646 2334 μὲν
670 2298 719 2336 γὰρ
751 2301 908 2336 μοναχικῶν

77 2345 209 2376 ἅπτεσθαι
236 2345 367 2371 τοσοῦτον
394 2341 513 2377 ἀποδὲει,
545 2341 602 2370 ἴσον
618 2342 662 2370 καὶ
688 2345 790 2380 χειρῶν
818 2341 910 2378 ἐνδεὴς

961 1685 1019 1704 non
1035 1679 1089 1705 est.
1106 1677 1258 1710 Mentitur,
1275 1677 1324 1712 qui
1335 1676 1448 1712 primus
1460 1684 1525 1704 esse
1536 1676 1613 1704 inter
1628 1676 1788 1704 monachos

959 1721 1087 1754 videtur,
1103 1724 1132 1749 et
1147 1721 1228 1749 vultu
1243 1721 1381 1756 verendo,
1397 1723 1425 1749 et
1436 1721 1548 1757 junctis
1565 1720 1742 1756 superciliis,
1759 1721 1789 1748 et

961 1767 1056 1795 velata
1069 1767 1147 1795 nube
1157 1766 1310 1795 oculorum
1322 1766 1393 1800 acie,
1406 1768 1434 1794 et
1447 1766 1557 1794 intuitu
1572 1765 1681 1802 perﬁdo
1692 1765 1722 1793 in
1732 1767 1789 1793 ter-

962 1820 1023 1840 ram
1041 1812 1144 1846 deﬁxo,
1160 1813 1188 1839 et
1202 1819 1335 1839 sermone
1351 1813 1511 1846 compto,et
1526 1809 1692 1838 humilitate
1708 1810 1786 1846 ﬁcta,

962 1861 989 1884 el
1005 1857 1081 1884 dicto
1097 1856 1204 1892 saepius
1219 1864 1225 1883 :
1251 1855 1426 1890 Benedicite,
1442 1857 1471 1883 et
1491 1863 1599 1891 magna
1614 1854 1786 1890 reverentia,

962 1903 991 1929 et
1005 1901 1141 1937 religiosa
1156 1901 1185 1928 in
1199 1900 1316 1928 incessu
1333 1899 1420 1928 etiam
1432 1899 1654 1935 tranquillitate,
1668 1908 1700 1927 se
1721 1908 1786 1927 ma-

959 1946 1055 1981 jorem
1072 1953 1136 1972 esse
1151 1944 1239 1972 etiam
1256 1944 1427 1980 plerumque
1438 1944 1606 1979 opinionem
1617 1944 1712 1980 injicit
1725 1944 1787 1978 ;sed

963 1990 1058 2024 aliter,
1076 1989 1148 2025 proh
1164 1989 1262 2016 dolorl
1279 1989 1386 2016 mirum
1402 1991 1544 2022 quantum
1563 1989 1658 2016 minor
1673 1990 1701 2016 et
1715 1989 1789 2015 infe-

963 2034 1022 2061 rior
1032 2036 1086 2061 est.
1097 2033 1244 2061 Veraciter
1255 2033 1412 2060 dicendum
1425 2035 1470 2060 est
1482 2033 1571 2060 istum
1584 2040 1619 2060 ne
1630 2041 1697 2060 cum
1713 2031 1792 2059 novi-

962 2079 1002 2105 tio
1018 2078 1138 2113 quidem
1154 2077 1298 2105 monacho
1314 2077 1525 2105 conferendum
1541 2084 1617 2112 esse,
1629 2076 1678 2112 qui
1693 2075 1788 2111 primo

962 2121 1114 2150 obstaculo
1143 2121 1233 2148 divini
1259 2120 1349 2148 stadii
1379 2120 1490 2155 avulso,
1515 2122 1593 2148 recta
1620 2127 1736 2147 currere
1752 2119 1788 2147 ad

962 2166 1054 2194 Deum
1071 2165 1189 2202 incepit.
1217 2165 1310 2201 Opera
1335 2165 1413 2192 enim
1444 2165 1656 2193 monachorum
1677 2164 1707 2191 in
1723 2166 1791 2192 tan-

963 2212 1025 2238 tum
1040 2210 1184 2246 attingere
1199 2212 1475 2246 recuset,quantum
1491 2210 1577 2237 homo
1589 2209 1726 2238 manibus
1742 2217 1791 2237 ca-

963 2263 1041 2282 rens.
1057 2255 1200 2282 Continuo
1217 2255 1329 2283 otiosus
1345 2254 1463 2289 residet,
1479 2257 1508 2282 et
1524 2254 1587 2282 ideo
1611 2253 1793 2290 concupiscit

964 2307 997 2327 ac
1012 2299 1146 2335 loquitur
1161 2299 1388 2335 qualiacunque,
1406 2301 1437 2327 ut
1453 2307 1505 2335 per
1519 2302 1575 2332 est,
1592 2306 1719 2334 quorum
1735 2298 1794 2334 ple-

966 2352 1056 2379 raque
1071 2344 1106 2371 ad
1124 2344 1276 2379 passiones
1291 2345 1320 2371 et
1335 2351 1384 2371 eas
1400 2352 1457 2371 non
1479 2342 1642 2370 laudabiles
1657 2344 1794 2379 vergunt.

77 2388 233 2427 ἄνθρωπος.
250 2388 374 2423 Κάθηται
389 2387 439 2425 γὰρ
457 2386 552 2414 διόλου
568 2387 672 2424 ἁεργός·
689 2387 733 2414 καὶ
750 2386 784 2414 δι’
801 2387 866 2414 αὐτὸ
882 2387 1034 2424 ἐνθυμεῖται
1050 2387 1093 2414 καὶ
1111 2386 1304 2424 διαλογίζεται,
1320 2387 1356 2419 ὡς
1370 2387 1452 2422 εἰκὸς,
1464 2389 1588 2422 παντοῖα,
1605 2386 1641 2414 ὧν
1655 2397 1688 2413 τα
1702 2385 1792 2414 πλείω

77 2433 123 2461 καὶ
138 2432 179 2465 εἴς
192 2443 269 2464 τινας
284 2431 430 2469 ἐπιθυμίας
447 2431 559 2468 ἐκνεύει,
574 2431 618 2459 καὶ
635 2431 719 2463 αὐτᾶς
734 2430 801 2463 ἴσως
818 2431 867 2459 οὐκ
882 2429 1090 2463 ἁποϐλεπούσας
1101 2430 1140 2463 εἴς
1153 2442 1180 2459 τι
1196 2431 1305 2470 ἀγαθόν.

116 2501 186 2540 ρος.
208 2503 307 2534 Διττῆς
335 2499 386 2537 γὰρ
415 2497 498 2534 οὔσης
523 2501 573 2533 τῆς
601 2498 757 2535 ἐπιθυμίας,
783 2502 833 2534 τῆς
863 2499 910 2535 μὶν

76 2545 292 2582 ἐπαινουμένης,
322 2544 381 2571 καθ’
409 2544 444 2578 ἣν
471 2542 622 2580 ἐπιθυμιῶν
651 2544 718 2581 ἀνὴρ
748 2543 762 2570 6
791 2542 911 2580 διορατι-

76 2590 200 2624 κώτατος
226 2588 333 2627 εἴρηται
362 2586 476 2623 Δανιήλ·
493 2590 544 2622 τῆς
573 2586 602 2615 δὲ
628 2587 760 2626 έπιψόγου
787 2586 909 2624 (τοιαύτη

79 2633 108 2662 δὶ
133 2636 151 2670 ἡ
180 2635 236 2662 τῶν
267 2632 422 2671 ἀργούντων
452 2633 521 2660 κατὰ
543 2632 589 2660 τὸν
615 2633 702 2670 ὀρθῶς
719 2632 839 2667 εἴπόντα,
858 2645 868 2658 ιι
884 2632 909 2659 ἐν

81 2678 240 2715 ἐπιθυμίαις
271 2678 338 2705 εῖναι
366 2677 411 2704 τὸν
442 2676 549 2715 ἀεργόν·
575 2678 601 2713 n)
628 2676 677 2704 οὐκ
705 2676 815 2707 ἀπεικὸς
841 2676 910 2715 φαύ-

82 2722 138 2751 λων
166 2722 322 2759 ἐπιθυμιῶν
349 2720 494 2756 κλύζεσθαι
523 2720 625 2758 κύμασι
656 2721 702 2748 τὸν
737 2720 910 2759 καθηγούμε-

117 2823 140 2841 ³⁷
155 2823 214 2852 Isa.
231 2828 304 2856 χιιι,
322 2820 365 2849 13.
404 2819 427 2838 ³³
441 2819 526 2848 Prov.
544 2828 602 2857 xxx,
618 2820 664 2849 25.

1003 2500 1064 2527 177.
1101 2499 1231 2536 Dupliois
1270 2499 1386 2536 generis
1429 2507 1494 2527 cum
1536 2499 1596 2527 sint
1627 2499 1793 2535 passiones,

966 2543 1029 2572 alia:
1045 2544 1166 2579 quidem
1193 2544 1370 2578 laudabiles,
1395 2544 1502 2579 quibus
1526 2543 1628 2572 Daniel
1649 2544 1795 2580 peritissi-

966 2596 1032 2616 mus
1048 2589 1144 2616 dictus
1161 2591 1206 2617 est
1226 2589 1272 2616 vir
1295 2588 1528 2622 desideriorum;
1549 2591 1577 2616 et
1601 2588 1664 2616 alias
1680 2589 1792 2624 vitupe-

965 2634 1063 2664 randae
1080 2635 1119 2668 (et
1134 2634 1207 2661 tales
1223 2635 1293 2661 sunt
1313 2633 1484 2667 otiosorum,
1503 2633 1587 2668 juxta
1602 2635 1679 2661 recte
1693 2633 1794 2660 dicen-

964 2678 1045 2705 tem:
1063 2678 1093 2705 In
1110 2677 1265 2705 desideriis
1290 2685 1354 2705 esse
1379 2677 1494 2713 pigrum
1509 2678 1553 2714 ³³),
1583 2676 1735 2705 virisimile
1750 2677 1796 2704 est

965 2730 1121 2759 pravarum
1136 2722 1308 2759 passionum
1325 2722 1463 2751 ﬂuctibus
1487 2722 1591 2760 agitari
1610 2721 1791 2759 prefectum,
