2018 3158
237 193 298 222 879

620 191 831 223 EUSTATHII
851 188 1233 221 THESSALONICENSIS
1256 188 1553 221 METROPOLITAE

1887 186 1950 217 880

235 267 302 286 cum
317 258 451 287 inclusus
465 259 494 287 in
510 259 658 292 cellula,et
668 259 805 287 universa
816 258 932 294 negotia
941 259 1060 286 externa

1117 266 1171 290 νον,
1189 255 1232 284 ὅτε
1262 256 1374 291 συνάξας
1399 255 1492 284 ἑαυτὸν
1521 252 1574 282 ἔσω
1601 255 1651 283 τοῦ
1679 253 1808 290 κελλίου,
1823 253 1869 281 καί
1893 263 1948 281 των

235 303 416 340 relinquens,
434 304 463 331 in
480 304 538 332 otio
554 306 694 332 remanet.
712 305 774 337 Quo
795 306 926 339 tempore
941 303 977 330 ad
993 310 1060 330 eum

237 348 440 383 ascendentes,
479 357 606 384 eumque
634 349 839 384 oppugnantes
869 347 1060 383 cogitationes

237 401 304 421 eum
320 393 440 428 dignum
470 393 576 421 facient
600 393 809 421 lamentatione
833 393 972 420 adversus
986 391 1061 419 tales

238 436 310 465 nihil
340 439 459 473 agentes
489 437 590 465 illata:
619 449 633 462 «
663 437 711 465 Vae
741 436 806 472 soli,
834 437 932 472 inquit
960 435 1062 472 «quia

237 490 304 510 cum
319 482 456 510 ceciderit
472 490 528 510 non
554 482 866 513 habettsublevantem
897 481 970 509 se".
997 491 1011 505 »
1027 480 1062 508 Et

237 526 387 554 solitarius
415 529 460 554 est
488 527 616 562 profecto
646 526 793 562 praelatus,
821 526 871 562 qui
899 526 1007 561 degens
1030 525 1060 552 in

237 571 306 603 otio,
323 578 416 606 neque
441 570 506 598 aliis
533 570 674 598 fratribus
696 570 869 598 cadentibus
884 570 990 598 auxilio
1005 571 1060 604 est,

237 623 290 643 nec
304 622 354 643 eos
383 615 527 650 sublevat,
552 623 646 652 neque
662 615 718 643 sibi
743 615 820 651 quod
837 615 953 650 expedit
978 614 1060 642 adin-

236 659 326 693 venit,
342 662 370 688 et
385 668 443 696 quo
458 659 560 695 lapsus
577 662 719 696 resurgat,
736 662 765 688 et
779 668 813 687 sx
831 660 912 687 fovea
926 659 955 686 in
972 666 1061 695 quam

237 703 382 732 inciderat
397 706 536 740 emergat.

274 748 335 776 178.
353 749 410 776 Isto
428 749 513 776 modo
529 749 617 776 vitam
636 748 839 776 monachicam
855 748 915 784 agit
930 750 1012 783 pater
1031 747 1061 774 in

238 793 308 820 otio.
323 793 377 820 Sed
393 801 460 820 cum
477 794 580 821 fratres
591 793 778 826 conveniunt,
795 795 865 820 tunc
880 792 992 820 videres
1007 792 1061 819 ho-

239 836 349 864 minem
365 836 613 872 qualemcunquc,
628 840 657 864 et
673 839 705 864 ut
719 837 773 864 fert
789 836 1062 872 proverbium,nihil

239 882 394 914 sanctum;
411 880 481 916 sive,
512 883 543 908 ut
559 881 644 909 aliter
667 881 774 915 dicam,
805 880 960 916 pulchrum
976 884 1063 916 caput

238 926 337 953 mento
353 924 448 953 valido
470 925 654 962 impositum,
680 926 782 962 quales
805 925 992 954 monasteriis
1007 933 1060 953 saa-

240 969 306 1004 pius
334 969 564 1004 praeﬁciuntura
593 970 677 998 nobis
701 970 878 1004 errantibus,
908 972 946 1005 et,
969 970 1005 997 ad
1021 969 1063 997 sio

239 1013 408 1047 dicendum,
419 1014 725 1048 conjicientibusteo
741 1014 790 1050 qui
801 1014 952 1042 victimam
969 1013 1064 1042 riden-

240 1058 307 1086 dam
325 1057 398 1086 nihil
427 1058 506 1086 aliud
529 1067 594 1086 esse
623 1061 711 1094 atque
733 1067 842 1087 cornua
870 1061 922 1087 aut
941 1059 1062 1086 barbam

239 1105 380 1136 cerneret,
399 1105 498 1138 posset
520 1103 697 1130 concinnare
720 1111 788 1130 cum
814 1103 933 1139 parodia
947 1103 1063 1130 haedum

238 1147 314 1175 inter
328 1155 378 1175 eos
390 1149 568 1183 praeeuntem
584 1155 648 1175 esse
663 1147 848 1175 solummodo
872 1147 1063 1183 supercilium

238 1194 265 1219 et
282 1192 413 1219 barbam.
438 1191 560 1220 Talibus
580 1195 678 1220 tamen
704 1192 837 1228 personis
866 1192 1071 1220 subscribitur,

239 1235 337 1271 magni
354 1235 490 1264 monachi
515 1244 633 1264 nomen.
662 1237 696 1264 Et
720 1237 797 1272 quod
828 1236 993 1264 mirabilius
1007 1239 1061 1269 est,

236 1288 303 1308 cum
321 1279 434 1313 habitu,
452 1289 508 1308 non
526 1289 556 1308 re
569 1289 711 1317 magnum
736 1281 868 1309 habitum
893 1282 1060 1316 praeferunt,

236 1324 285 1360 qui
301 1324 420 1352 habitus
436 1333 560 1360 magnus
582 1326 687 1352 virtute
710 1325 827 1359 dicitur,
853 1333 990 1360 magnam
1007 1324 1062 1360 hy-

234 1368 387 1405 pocrisim,
404 1369 481 1396 dicet
496 1369 613 1405 aliquis,
626 1369 793 1405 praeferunt.
803 1370 922 1402 Quando
938 1377 1017 1405 ergo,
1030 1371 1062 1396 ut

234 1413 344 1441 dictum
362 1416 415 1447 est,
433 1413 464 1440 ﬁt
490 1414 613 1441 fratrum
633 1416 805 1448 conventus,
832 1416 904 1442 tunc
924 1413 1062 1449 praelatus

234 1459 343 1492 noster,
360 1458 573 1494 qualiscunque
594 1458 634 1486 sit
654 1460 694 1490 (et
718 1466 818 1486 revera
834 1466 891 1486 non
918 1461 962 1486 est
978 1466 1061 1493 mag-

235 1504 313 1537 nus),
324 1510 411 1538 opere
423 1510 564 1530 manuum
574 1511 631 1530 non
643 1503 832 1530 incumbente
841 1511 875 1530 ex
888 1503 1062 1530 necessitate

236 1547 393 1583 (quomodo
401 1547 479 1575 enim
490 1547 604 1583 operari
616 1547 646 1574 in
659 1549 816 1583 conspectu
828 1547 990 1575 multorum
1002 1556 1060 1575 non

233 1594 392 1626 vereretur,
410 1591 460 1628 qui
476 1592 558 1619 solus
583 1592 612 1619 id
642 1592 737 1627 odit?)
765 1592 955 1620 sermocinari
970 1592 1060 1627 eligit.

235 1636 302 1668 Quae
318 1627 457 1664 dicuntur
468 1639 638 1669 autem,non
653 1637 827 1673 quaestiones
843 1637 878 1664 de
888 1636 1058 1673 Scripturis,
1075 1627 1097 1661 C-

235 1687 293 1706 non
332 1681 502 1707 sanctarum
539 1679 753 1707 obscuritatum
789 1679 970 1713 solutiones,
1000 1688 1058 1707 non

235 1723 291 1751 loci
307 1726 477 1751 sanctorum
506 1724 639 1755 Patrum,
666 1731 724 1750 non
751 1723 955 1759 interpretatio
985 1724 1059 1751 divi-

237 1776 341 1795 norum
359 1768 525 1802 verborum,
542 1776 599 1795 non
616 1767 718 1795 relatio
742 1769 912 1796 sanctarum
928 1768 1059 1804 discipli-

235 1820 352 1845 narum,
369 1820 428 1839 non
456 1811 619 1840 exhortatio
646 1811 681 1839 de
708 1811 756 1839 his
777 1819 840 1846 quas
857 1820 940 1842 agere
956 1812 1060 1840 fratres

235 1859 358 1891 oportet,
375 1858 408 1883 ut
423 1856 482 1883 sint
496 1855 662 1891 spirituales
679 1855 814 1891 operarii,
831 1858 859 1883 et
883 1856 919 1884 de
934 1856 980 1884 his
995 1865 1060 1893 quae

236 1900 426 1935 prmcavenda
449 1902 527 1932 sunt,
546 1908 603 1926 non
626 1899 726 1935 aliqua
741 1899 814 1927 ratio
834 1899 958 1935 eligendi
972 1901 1059 1937 bona,

236 1945 266 1971 et
292 1944 401 1971 vitandi
432 1943 556 1977 malum,
586 1943 686 1971 nullus
716 1944 879 1978 discursus,
907 1945 987 1973 nulla
1009 1946 1060 1973 de-

238 1988 357 2024 scriptio
374 1987 483 2024 quibus
499 1988 548 2016 alii
561 1989 624 2024 jam
636 1988 713 2016 docti
728 1988 872 2017 doctiores
898 1989 970 2018 {iant
985 1990 1061 2019 circa

239 2033 383 2070 principia
398 2033 481 2068 prius
503 2033 620 2066 tradita,
638 2035 666 2060 et
690 2033 737 2060 alii
755 2033 848 2069 ignari
877 2034 1019 2070 incipiant
1033 2038 1062 2063 et

238 2078 391 2114 perficiant
416 2077 545 2105 divinam
575 2076 738 2105 scientiam.
769 2077 831 2106 Non
859 2086 926 2114 ergo
957 2079 1061 2115 hujus-

238 2122 318 2150 modi
333 2125 404 2150 sunt
421 2122 530 2158 praelati
546 2122 817 2157 scrmocinationes,
837 2131 907 2152 sane
921 2132 987 2152 vero
1001 2133 1063 2153 ser-

238 2175 340 2195 mones
355 2167 469 2195 conl‘usi
485 2167 521 2194 de
537 2175 567 2194 re
582 2175 768 2202 quacunque.
786 2167 912 2196 Exorsus
928 2178 945 2197 a
958 2169 1062 2205 vineis,

238 2220 255 2239 a
270 2211 417 2239 messibus
433 2213 461 2238 et
476 2211 595 2240 tributis
622 2211 772 2247 exigendis
787 2213 815 2239 et
837 2211 902 2240 aliis
917 2213 1005 2242 rebus
1020 2216 1062 2242 sic

239 2255 388 2291 proficuis,
413 2256 483 2291 quia
508 2256 537 2282 in
567 2256 715 2283 reddenda
738 2256 849 2284 ratione
869 2257 905 2284 de
928 2259 1062 2293 personis

1115 297 1165 336 ἔξω
1203 302 1310 329 πάντων
1350 301 1493 340 ἀφέμενος,
1520 299 1546 328 ὲν
1580 299 1662 338 ἀργίᾳ
1700 299 1787 335 μένει.
1813 299 1877 326 Ὅτε
1905 298 1949 325 καὶ

1115 343 1301 377 ἀναϐαίνοντες
1317 345 1354 377 είς
1377 345 1457 372 αὐτὸν
1487 343 1665 382 διαλογισμοὶ
1693 343 1739 372 καὶ
1768 341 1951 380 πολιορκοῦν-

1114 400 1168 424 τες,
1189 389 1392 428 ἀποκληροῦσιν
1413 389 1493 417 αὐτὸν
1522 391 1562 426 τῷ
1586 390 1680 427 θρήνῳ
1700 391 1742 424 τῷ
1757 387 1804 415 ἐπὶ
1819 390 1881 418 xa't;
1906 388 1949 414 05-

1115 445 1169 465 τως
1189 434 1384 472 ἡσυχάζουσιν.
1399 447 1413 460 ιι
1430 434 1498 462 Οὐαὶ
1519 433 1582 471 γὰρ,
1606 433 1686 472 φησί,
1701 435 1742 469 τῷ
1769 432 1821 468 ἑνὶ,
1838 431 1893 467 ὅτι,
1910 431 1951 458 ἐὰν

1115 479 1193 517 πέσῃ,
1210 480 1262 507 οὐκ
1290 478 1347 518 ἔχει
1376 479 1421 506 τὸν
1454 478 1625 517 ἰξεγιροῦντι
1652 489 1666 503 ››
1692 479 1828 508 Τοιοῦτος
1859 475 1889 503 δὲ
1915 477 1951 507 εἷς

1115 525 1160 552 καὶ
1176 525 1189 552 ὁ
1204 524 1422 562 καθηγούμενος,
1439 524 1468 554 ὃς
1497 522 1521 550 ἐν
1545 522 1638 561 ἀεργίᾳ
1666 521 1784 559 διάγων,
1801 521 1868 548 οὕτε
1894 524 1951 552 rei;

1115 571 1168 596 τῶν
1186 567 1279 596 ἄλλων
1293 567 1418 608 ἀδελφῶν
1433 568 1562 604 πτώμασι
1586 568 1692 604 βοηθεῖ,
1709 566 1858 602 Quia-raw
1885 565 1950 593 ὲκεί-

1115 623 1188 644 νους·
1218 613 1263 640 καὶ
1293 612 1356 641 οὐδὲ
1385 613 1473 648 ἑαυτῷ
1503 611 1630 650 μηχανὰς
1657 611 1819 649 ἐξευρίσκει,
1852 609 1889 638 δι’
1917 609 1952 637 ὧν

1115 659 1203 686 πεσὼν
1228 659 1417 693 ἀναστήσεται,
1444 656 1634 695 μετεωρισθεὶς
1662 655 1691 684 in
1716 656 1766 683 τοῦ
1795 655 1951 693 βοθριύμα-

1115 713 1173 736 τος,
1189 703 1212 739 ᾦ
1227 703 1428 741 περιπέπτωκε.

1151 748 1221 784 ροη’,
1238 748 1290 776 Καὶ
1305 746 1377 775 οὕτω
1393 747 1442 784 μὶν
1460 746 1569 783 μονάζιι
1585 746 1598 773 ὁ
1613 745 1703 783 πατὴρ
1725 745 1752 772 ἰν
1779 747 1823 780 τῷ
1848 744 1950 781 ἀργεῖν.

1115 794 1181 821 "Ore
1209 790 1239 820 δὶ
1266 794 1310 819 καί
1341 791 1491 828 ὁμηγερέες
1517 791 1543 818 οἱ
1572 788 1685 829 ἀδελφοὶ
1713 789 1866 828 γίνωνται,
1893 788 1950 816 τότε

1115 836 1146 864 ἃν
1172 835 1225 864 ἴδοι
1247 847 1288 868 τις
1316 836 1429 871 ἰκεῖνον,
1445 833 1587 872 ἄνθρωπον
1615 832 1680 862 ὄντα
1692 833 1740 862 τὸν
1753 834 1894 871 τυχόντα,
1909 834 1950 860 ναὶ

1115 882 1183 909 κατά
1196 882 1246 916 τὴν
1260 880 1408 918 παροιμίαν
1423 879 1500 907 οὐδὲν
1516 879 1600 916 ἱερὸν,
1617 879 1661 906 καὶ
1679 878 1776 909 ἄλλως
1803 877 1835 905 δὲ
1861 879 1948 917 φάναι,

1116 926 1262 962 πρόσωπον
1293 925 1478 963 σεμνοπρεπὶς
1506 923 1590 962 ἀδροῦ
1619 923 1724 962 γενείου
1755 923 1948 959 ὑπιρκαθήμε-

1117 980 1173 1006 νον,
1191 969 1302 1001 ὁποίους
1331 970 1363 996 τὰ
1392 969 1482 997 πλείω
1505 969 1600 1008 ἐφιστᾷ
1627 971 1686 999 τοῖς
1724 967 1947 1007 φροντιστηρίοες

1117 1016 1135 1050 ἡ
1159 1015 1218 1047 καθ’
1236 1014 1385 1051 ὑπόληψιν,
1402 1015 1440 1046 ὡς
1467 1013 1554 1045 οὕτως
1584 1013 1679 1046 εἰπεῖν,
1695 1013 1722 1040 ἓν
1746 1014 1818 1049 ἡμῖν
1850 1011 1946 1046 ἀπάτη.

1117 1060 1176 1098 Ἐφ’
1191 1059 1256 1086 ὦνό
1280 1058 1494 1095 ἐντεθυμημένος
1523 1057 1555 1085 τὸ
1582 1057 1810 1093 κωμικευόμενον
1842 1057 1946 1094 ἱερεῖον,

1119 1102 1195 1131 οὐδὶν
1223 1103 1252 1130 ὃν
1281 1102 1344 1130 ἀλλ’
1360 1103 1377 1137 ἢ
1395 1102 1493 1140 κέρατα
1521 1102 1566 1130 καὶ
1592 1102 1707 1140 γένειον,
1722 1099 1894 1138 παρῳδήσοι
1922 1100 1947 1127 ἂν

1116 1148 1163 1176 τὸν
1188 1150 1244 1175 κατ⁴
1259 1146 1358 1178 αὐτοὺς
1384 1147 1478 1175 κτίλον
1502 1145 1706 1184 καθηγούμενον
1737 1146 1846 1182 σεμνὴν
1871 1145 1947 1182 ὀφρὺν

1117 1193 1184 1220 εἶναι
1209 1191 1254 1220 καὶ
1281 1192 1450 1229 γένειον.Ἐν
1480 1190 1509 1219 δὶ
1523 1193 1583 1222 τοῖς
1608 1190 1744 1221 τοιούτοις
1772 1190 1949 1227 καθυπογρά-

1118 1247 1194 1275 φιται
1222 1237 1269 1273 μὶν
1300 1237 1343 1264 καὶ
1378 1236 1408 1263 τὸ
1449 1234 1676 1273 μεγαλόσχημον.
1701 1234 1873 1272 Καινότερον
1903 1233 1929 1260 δὲ
1942 1241 1949 1250 ·

1117 1282 1150 1309 οὐ
1179 1281 1317 1319 πράγματι
1346 1281 1409 1319 γὰρ,
1440 1279 1513 1308 ἀλλὰ
1549 1281 1674 1317 σχήματι
1700 1279 1733 1306 τὸ
1760 1279 1822 1306 κατ’
1854 1279 1949 1316 ἀρετὴν

1119 1325 1263 1363 μεγαλεῖον
1294 1325 1487 1365 προφαίνοντες
1519 1325 1589 1362 μέγα
1617 1327 1727 1362 σχῆμα,
1751 1322 1950 1360 προΐσχονται,

1117 1370 1154 1401 ὡς
1184 1369 1211 1397 εἷ’
1235 1379 1276 1401 τις
1304 1370 1389 1406 εἴποι,
1414 1369 1536 1407 μεγάλην
1573 1368 1729 1405 ὑπόκρισιν.
1758 1369 1830 1396 Ὅτε
1862 1367 1950 1395 τοίνυν

1117 1415 1263 1452 ὁμήγυρις,
1283 1415 1320 1446 ὡς
1345 1413 1453 1453 ἰρρἐη,
1478 1412 1612 1452 ἀδελφική
1638 1412 1761 1450 γίνηται,
1786 1412 1855 1440 τότε
1881 1411 1916 1447 δὴ
1940 1412 1951 1438 ὁ

1115 1459 1174 1491 καθ’
1203 1460 1276 1495 ἡμᾶς
1299 1458 1462 1496 ᾑγούμενος,
1491 1459 1588 1489 ὁποῖος
1617 1457 1647 1484 ἂν
1675 1457 1720 1484 καὶ
1750 1455 1796 1492 εἴη
1825 1455 1900 1492 (ἔστι
1927 1455 1952 1483 δὲ

1115 1503 1228 1539 ἀληθῶς
1255 1503 1287 1531 οὗ
1314 1502 1417 1541 μέγας),
1443 1500 1522 1541 ἔργου
1554 1501 1579 1537 ἐξ
1609 1500 1726 1539 ἀνάγκης
1754 1500 1812 1538 οὐχ
1841 1501 1952 1528 ὑποκει-

1119 1549 1210 1584 μένου,
1226 1548 1297 1585 (πῶς
1309 1548 1358 1585 γὰρ
1375 1547 1400 1575 ὲν
1415 1546 1528 1575 πολλῶν
1546 1544 1638 1583 ὄψεσιν
1660 1545 1708 1573 οὐκ
1733 1544 1878 1573 αῗόἑσετιι
1905 1545 1949 1578 τήν

1116 1592 1240 1630 ἐργασίαν
1267 1593 1282 1619 ὁ
1303 1592 1459 1628 καταμόνας
1488 1592 1574 1627 αὐτὴν
1606 1590 1814 1628 μυσαττόμενος
1829 1591 1852 1627 ;)
1882 1589 1950 1628 γίνε-

1115 1647 1158 1665 ται
1173 1639 1221 1664 τοῦ
1237 1636 1341 1665 λαλεῖν·
1358 1637 1403 1664 καὶ
1417 1637 1435 1671 ἡ
1453 1635 1537 1664 λαλιὰ
1553 1636 1583 1664 οὗ
1604 1633 1794 1673 προϐλήματα
1815 1635 1948 1672 γραφικὲ·

1115 1681 1145 1709 οὐ
1172 1680 1264 1712 λύσεις
1293 1682 1373 1719 ἰερῶν
1397 1681 1588 1718 αΐνιγμάτων*
1615 1679 1646 1708 οὐ
1672 1679 1839 1716 διηγήματα
1868 1680 1949 1707 [leni-

1115 1736 1168 1764 ρων
1187 1725 1281 1764 ἁγίων·
1299 1725 1348 1753 οὐκ
1363 1725 1505 1761 ἀνάπτυξις
1525 1724 1603 1757 θείων
1630 1724 1744 1763 λογίων’
1762 1723 1816 1751 οὐκ
1839 1724 1948 1763 ἀφήγη-

1115 1781 1155 1798 σις
1172 1769 1318 1798 πολιτειῶν
1334 1769 1494 1808 θεαρὲστων⁵
1510 1770 1541 1798 οὗ
1558 1769 1712 1807 παραίνεσις
1727 1769 1775 1806 (ὧν
1806 1779 1839 1796 τε
1866 1769 1949 1807 πράτ-

1114 1826 1168 1842 τειν
1193 1815 1249 1853 χρὴ
1279 1815 1328 1849 τὴν
1357 1813 1539 1853 ἀδελφότητα,
1556 1814 1594 1846 ὡς
1616 1814 1680 1842 εἶναι
1709 1813 1797 1848 αὐτὴν
1829 1812 1949 1840 ἐντεῦθεν

1114 1860 1266 1897 πρακτικὴν
1291 1861 1495 1896 πνευματικῶς,
1510 1859 1556 1886 καὶ
1583 1858 1620 1886 ὧν
1643 1859 1700 1896 χρή
1724 1857 1905 1895 ἀπέχεσθαι)”
1921 1857 1948 1884 οὗ

1117 1903 1231 1941 μέθοδος
1243 1905 1353 1939 ἡτισοῦν
1369 1903 1498 1942 (ἐκλογῆς
1517 1904 1564 1940 μὶν
1580 1907 1630 1939 τῆς
1644 1905 1698 1930 τῶν
1724 1902 1850 1940 ἀγαθῶν,
1868 1902 1949 1929 ἀπεκ-

1116 1948 1203 1986 λογῆς
1219 1947 1248 1976 δὲ
1270 1950 1320 1981 τῆς
1345 1950 1398 1975 τῶν
1423 1947 1555 1985 φαύλων)·
1572 1947 1602 1976 οὗ
1631 1947 1803 1985 περιέλευσις
1833 1945 1952 1983 οὐδεμία

1116 1993 1248 2032 γραφικὴ,
1256 1991 1329 2027 δι’ἧς
1340 1993 1354 2020 ὁ
1368 1993 1414 2029 μὲν
1427 1991 1481 2028 ἤδη
1496 1992 1663 2030 μεμαθηκὼς
1673 1992 1716 2019 ἐπὶ
1728 1992 1846 2030 ἀφορμῇ
1856 1990 1951 2028 προδε-

1118 2036 1217 2074 δομένῃ
1234 2039 1388 2076 σοφώτερος
1403 2037 1518 2075 γίνεται,
1531 2038 1545 2064 ὸ
1562 2037 1590 2064 δὲ
1607 2038 1692 2073 μήπω
1716 2036 1811 2073 μαθὼν
1837 2036 1949 2073 ἐνάρχε-

1116 2091 1160 2108 ται
1174 2080 1218 2108 καί
1235 2081 1386 2108 τελειοῦται
1402 2082 1436 2108 τὰ
1451 2080 1489 2112 εἷς
1506 2081 1577 2113 θείαν
1601 2080 1753 2118 ἐπίγνωσιν.
1769 2078 1882 2108 Οὔκουν
1899 2090 1951 2106 τοι·

1117 2126 1184 2152 αὖτά
1207 2135 1268 2153 τινα
1295 2125 1328 2152 τὰ
1355 2124 1503 2162 λαλήματα
1527 2127 1576 2152 τοῦ
1594 2125 1763 2163 καθηγητοῦ,
1780 2123 1859 2152 ἀλλᾶ
1876 2123 1952 2161 λόγοι

1117 2172 1240 2197 παντοῖοι
1255 2167 1441 2206 τυρϐαστικοί.
1456 2169 1618 2208 Ἀρξόμενος
1646 2169 1692 2205 μὲν
1719 2168 1773 2195 ἀπὸ
1806 2168 1952 2205 ἀμπέλων,

1117 2214 1163 2241 καὶ
1191 2212 1291 2249 ληίων,
1320 2214 1365 2241 καὶ
1393 2214 1554 2252 εἰσπράξεων
1585 2214 1788 2253 φορολογικῶν,
1820 2213 1868 2240 καὶ
1899 2212 1952 2240 ἑτέ-

1119 2269 1172 2296 ρων
1200 2258 1330 2286 τοιούτων
1361 2257 1532 2296 ἁδρομερῶν,
1557 2257 1601 2286 ὅτε
1632 2258 1670 2295 μή
1700 2257 1889 2295 ἒνευγαιροῦσι
1907 2257 1939 2284 λο

238 2307 297 2326 non
313 2302 404 2335 agunt
418 2299 541 2328 feliciter
556 2300 698 2334 seniores,
716 2302 744 2327 et
760 2300 900 2328 decidunt
915 2301 944 2328 in
961 2302 1061 2336 olivas,

1117 2303 1278 2340 γοπραγίαις
1307 2306 1497 2341 προσωπικαῖς
1523 2303 1550 2330 οἱ
1577 2303 1711 2341 γέροντες,
1742 2301 1949 2339 καταλήγοντα

237 2345 268 2370 et
283 2343 367 2378 ﬁcus,
384 2346 412 2371 et
424 2344 536 2372 fructus
545 2344 674 2380 reliquos
687 2357 694 2378 ς
706 2344 899 2373 ratiocinatur
909 2354 972 2381 quae
983 2347 1066 2377 vinea

238 2387 347 2416 bonum
364 2388 465 2416 vinum
480 2389 582 2417 aiferat
596 2398 602 2422 ;
620 2397 756 2424 quisnam
769 2391 846 2417 terra
860 2390 963 2418 melior
976 2391 1014 2419 sit
1029 2393 1065 2420 ad

241 2431 326 2467 plura
354 2434 561 2468 producenda;
592 2434 740 2461 undenam
771 2434 912 2469 majorem
937 2436 1065 2465 reditum

240 2477 345 2504 fratres
374 2478 507 2514 capiant;
538 2478 605 2513 quis
634 2478 726 2505 idiota
749 2478 826 2505 inter
854 2478 1006 2508 ministros
1029 2482 1065 2510 ad

241 2521 446 2558 abripiendum
462 2522 502 2550 sit
527 2522 661 2555 idoneus,
675 2524 704 2549 et
732 2522 802 2557 quid
825 2523 977 2552 monachis
992 2533 1065 2561 pras-

239 2566 378 2594 euntibus
394 2574 514 2594 manum
529 2566 665 2600 claudat;
683 2566 813 2601 seipsum
827 2566 905 2594 enim
917 2568 1066 2598 evidenter

238 2610 365 2639 inserere
381 2611 509 2638 sermoni
527 2613 653 2638 veretur.
669 2611 710 2638 De
734 2610 809 2638 oliva
824 2611 909 2639 docet
934 2621 991 2640 non
1009 2614 1063 2642 hu-

238 2663 351 2683 morem
366 2655 403 2682 ab
417 2663 449 2682 ea
464 2663 634 2688 expressum
651 2655 686 2682 ad
703 2655 871 2683 unctionem
894 2657 1019 2692 regalem
1036 2660 1064 2687 et

236 2699 454 2727 illuminantem
471 2699 656 2734 consecrari;
681 2707 749 2733 non,
774 2700 973 2735 praitermissa
995 2711 1064 2730 san-

237 2744 348 2778 ctitate,
363 2744 520 2772 sanitatem
538 2743 731 2780 multiplicem
753 2744 904 2773 utentibus
923 2747 1062 2783 praebere,

272 2837 295 2855 ⁸ο
311 2836 402 2866 Eccle.
416 2845 454 2873 ιν,
471 2839 516 2874 1ο.

1122 2347 1150 2375 δὲ
1165 2346 1204 2378 εἷς
1220 2346 1311 2375 ἐλαίαν
1327 2348 1371 2375 καὶ
1386 2346 1488 2386 ΐσχάδα
1502 2346 1546 2375 καὶ
1560 2347 1660 2382 λοιπὴν
1672 2347 1794 2384 ὀπώραν,
1804 2345 1953 2384 φιλοσοςιεῖ

1119 2395 1194 2430 γοῦν,
1211 2392 1276 2419 ποία
1305 2391 1354 2429 μὶδ
1385 2391 1510 2429 ἄμπελος
1538 2392 1609 2419 οἶνον
1636 2391 1735 2430 ἀγαθὸν
1761 2389 1873 2419 δίδωσι·
1890 2390 1952 2418 ποία

1121 2435 1149 2464 δὲ
1173 2440 1208 2474 γῆ
1235 2436 1357 2473 ἐνάρετός
1381 2436 1451 2464 ἔστιν
1478 2436 1516 2468 εἷς
1532 2435 1743 2464 πολλαπλάσιον
1757 2434 1951 2473 καρποδιιτεῖν·

1119 2482 1199 2509 πόθεν
1217 2479 1245 2508 δὲ
1260 2483 1318 2512 τοῖς
1347 2480 1476 2521 ἀδελφοῖς
1488 2483 1506 2517 ἡ
1521 2481 1624 2510 πλείων
1655 2479 1821 2520 φορολογία·
1839 2480 1888 2507 καὶ
1915 2479 1954 2510 τίς

1121 2526 1168 2563 μὲν
1181 2528 1234 2553 τῶν
1252 2524 1419 2561 διακονητῶν
1432 2525 1535 2558 ἁπλοῦς
1549 2527 1599 2561 τὴν
1616 2524 1701 2563 δράκα
1720 2525 1838 2564 πέφυκεν
1871 2526 1953 2558 εἶναι,

1118 2571 1144 2598 τί
1159 2569 1188 2598 δὲ
1201 2573 1259 2602 τοῖς
1273 2571 1431 2609 προκρίτοις
1445 2573 1498 2598 τῶν
1518 2572 1647 2608 μοναχῶν
1659 2570 1764 2609 σφίγγει
1778 2570 1830 2604 τῆν
1857 2572 1952 2607 χεῖρα·

1119 2615 1212 2642 ἑαυτὸν
1242 2615 1293 2652 γὰρ
1323 2614 1446 2649 ἀηδεῖται
1472 2613 1622 2654 διαρρήδην
1645 2613 1882 2652 παρεισκυκλῆσσι
1911 2616 1954 2649 τῷ

1119 2659 1206 2697 λόγῳ.
1238 2658 1361 2687 Διδάσκει
1386 2659 1414 2687 δὲ
1439 2661 1484 2688 καὶ
1524 2659 1586 2698 περὶ
1625 2659 1719 2690 ἐλαίας
1761 2659 1809 2696 μὶν
1850 2659 1952 2696 τυχὸν,

1118 2705 1171 2742 οὐχ
1185 2705 1227 2732 ὅτι
1242 2705 1272 2732 τὸ
1288 2705 1371 2740 αὐτῆς
1386 2702 1600 2742 ἀπολειϐόμενον
1629 2704 1708 2743 ὑγρὸν
1739 2702 1878 2742 βασιλικῷ
1904 2703 1950 2730 καὶ

1119 2751 1273 2786 φωτιστικῷ
1297 2749 1432 2787 θειότερον
1467 2749 1613 2789 ἀφιέρωται
1642 2748 1787 2788 χρίσματι,
1818 2746 1878 2776 οὐδ’
1907 2747 1950 2774 ὅτι
