2018 3158
105 148 163 179 881

614 146 665 176 DE
686 145 934 176 EMENDANDA
953 144 1046 176 VITA
1070 146 1310 178 MONAGBICA.

1750 149 1808 180 882

104 213 229 251 πρὸςτῷ
244 211 363 249 ἂγιάζειν
387 211 432 238 καὶ
460 209 557 249 ὑγίειαν
584 208 716 245 πολυειδῆ
741 211 859 249 χορηγεῖ
871 212 932 242 τοῖς

999 220 1046 240 non
1059 220 1122 240 eam
1139 212 1231 240 solam
1238 213 1334 241 oleum
1345 214 1407 242 sine
1417 214 1542 243 mixtura
1553 216 1581 244 et
1591 215 1654 244 sine
1667 215 1811 252 composi-

105 257 271 296 χρῄζουσιν,
302 254 358 284 οὐδ’
394 256 436 283 ὅτι
472 255 540 290 αύτῆ
581 255 650 292 μόνη
685 255 716 282 τὸ
745 254 934 287 ἀσυνδυάστως

104 302 153 330 καὶ
183 301 335 333 ἀσυνθέτως
362 300 454 328 ἔλαιον
478 297 620 331 ἀποθλίῦει
648 298 730 336 (ἄλλο
751 301 801 337 γὰρ
821 310 847 327 τι
864 298 932 327 ἅπαν

106 345 203 375 ἔλαιον
247 345 390 384 προσθήκῃ
428 344 480 372 τινὶ
513 343 709 378 συνδυάζεται·
749 343 932 383 ἀμυγδάλινον

105 392 159 431 γάρ
175 403 200 420 τι
217 389 324 426 ἔλαιον,
348 390 394 418 καὶ
416 389 543 429 καρύϊνόν
570 400 670 428 φαμεν,
684 390 731 418 καῖ
747 389 910 427 σησάμινον)
926 399 932 407 ⁸

106 437 139 465 οὔ
171 438 225 474 μὴν
259 436 286 464 ἰν
317 434 452 471 ἁπλότητι
486 432 589 471 ἔλαιον,
629 433 692 462 ἀλλ’
728 434 769 462 ὅτι
799 433 864 462 αὐτὸ
889 433 935 461 καὶ

109 480 195 518 μόνον
211 479 263 516 ἡδὺ
285 479 421 516 λίπασμα,
448 478 494 507 καὶ
518 479 658 513 πιότατον,
675 479 719 506 καὶ
740 478 796 506 οῖον
814 478 934 516 χρηστὸν

107 526 175 554 εἶναι
190 525 336 563 τραπέζαις
353 527 528 562 μοναχικαῖς.
546 523 610 560 Περὶ
626 522 655 551 δὲ
670 522 783 561 ἷα-χάδος
808 522 936 561 ἷσχνολο-

106 573 163 608 γεῖ,
181 570 235 608 οὐχ
256 570 298 598 ὅτι
323 569 435 608 χλωρόν
459 579 490 596 τε
511 568 541 596 ’ὸν
566 568 597 596 τὸ
619 570 700 596 σῦκον
726 567 837 605 μέλιτός
865 566 935 595 ἐστιν

109 614 293 653 ὑποκόρισμα,
331 614 377 641 καὶ
415 613 544 652 ξηρανθὶν
583 611 612 640 δέ
648 612 697 640 οὐκ
724 612 858 647 ἐξίσταται
886 612 936 646 τῆς

105 659 282 698 γλυκύτητος
298 667 305 674 ·
332 657 374 686 διὸ
397 657 442 685 καὶ
471 669 484 685 α
498 656 633 696 γλυκερὰν
649 667 662 683 ιι
684 657 733 692 τὴν
749 660 833 692 συκῆν
849 657 875 684 οἳ
891 666 937 683 σο-

108 704 156 743 φοὶ
172 705 230 732 κατ’
245 703 378 741 ἐξαίρετόν
396 702 421 730 τί
447 713 524 740 φασιν
543 711 549 718 ·
576 700 640 729 ούδὶ
664 700 706 729 ὅτι
728 700 774 729 καὶ
792 703 851 732 τοῖς
868 699 938 738 φύλ-

109 748 171 780 λοις
197 747 277 776 τοῦδε
299 747 348 776 τοῦ
371 746 483 785 δένδρου
512 747 627 784 χάριτας
652 745 774 783 δφλομεν
805 744 850 773 διὰ
875 745 940 776 τοὺς

108 794 257 832 γενάρχας,
275 792 321 824 οὓς
347 792 416 820 αὐτὰ
439 791 590 819 ἐσκέπασαν
605 801 612 808 ·
639 789 696 818 οὔδ’
711 789 782 818 ἂλλο
798 801 825 818 τι
842 789 939 826 σεμνὸν

107 838 156 866 καὶ
181 838 321 876 ἐπαγωγὸν
346 837 416 875 πρὸς
441 837 524 874 χάριν
541 846 548 852 ·
574 835 619 863 καὶ
645 835 700 872 μὴν
726 834 783 863 οὐδ’
808 834 850 862 ὅτι
865 835 941 874 φθεῖ-

110 893 160 922 ρας
189 883 338 919 ἀπογεννᾷν
370 880 428 909 οίδε
454 880 486 908 τὸ
514 880 596 918 ξηρὸν
625 881 706 908 σῦκον
735 882 769 917 τῇ
801 878 846 906 διὰ
877 878 940 917 βίου

112 928 300 965 παραχρήσει,
317 927 332 954 ὂ
347 925 381 960 δὴ
406 926 475 962 πρὸς
500 924 618 963 ἱστορίαν
636 923 733 962 λεχθὲν
749 923 935 960 πολυμάθειαν

115 973 242 1011 ἐνέφηνεν
267 972 297 1000 ἂν
323 974 371 1000 τοῦ
394 972 552 1008 καθηγητοῦ
569 979 575 986 ·
593 969 655 998 ἀλλ’
681 969 721 998 ὅτι
746 970 814 1008 πρὸς
835 968 938 1004 ἡδονῆς

116 1017 250 1057 ἃμφαγεῗν
268 1017 363 1051 σύκου,
379 1016 469 1051 ὥσπερ
493 1015 618 1054 χλωροῦ,
643 1013 715 1042 οὕτω
734 1014 778 1042 καὶ
794 1014 941 1052 ἀπισχναν·

117 1061 211 1094 θέντος
227 1073 233 1078 -
261 1061 308 1088 καὶ
335 1061 378 1088 ὅτι
405 1059 490 1088 καλόν
520 1059 575 1087 ἔστι
604 1058 649 1087 καὶ
682 1058 748 1087 more
777 1059 815 1090 εἰς
842 1057 939 1096 κερδα-

117 1105 183 1134 λέαν
206 1110 301 1142 κτῆσιν
316 1115 323 1122 ⁸
348 1106 394 1133 καὶ
418 1105 455 1136 ὡς
480 1105 581 1143 ἀγαθόν
606 1114 634 1131 τι
661 1103 764 1143 πέφηνε
786 1103 832 1132 καὶ
852 1105 870 1138 ἡ
891 1113 940 1130 συ-

116 1150 245 1188 κομαγὶς,
270 1151 296 1178 tv
320 1151 349 1187 ᾗ,
375 1149 489 1178 πολλῶν
514 1150 585 1186 ὁμου
613 1148 858 1186 συμπεφυρμένων,
892 1147 942 1175 οὐκ

118 1194 175 1224 ἔστι
202 1197 234 1224 τὸ
265 1196 312 1233 μὶν
337 1195 506 1234 ἐκλέγεσθαι,
531 1195 563 1222 τὸ
599 1193 622 1222 δ’
656 1194 850 1233 ἀπεκλέγεσθαι
879 1192 942 1221 ἀλλ’

119 1240 191 1277 ὁμοῦ
219 1241 304 1268 πάντα
328 1239 542 1278 συμμεμιγμένα
561 1239 768 1270 καταθοινᾶσθαι
793 1237 832 1269 εἷς
847 1236 943 1274 κέρδος

116 1286 158 1321 τῷ
185 1285 358 1322 κτησαμένῳ.
387 1284 448 1313 Ἔτι
484 1281 670 1321 παραδίδωσιν
711 1283 726 1310 ὁ
764 1282 943 1319 προκαθήμε-

117 1339 164 1360 νος
193 1332 252 1361 τοῖς
286 1328 434 1365 ὁμιληταῖς
466 1328 512 1355 καὶ
550 1327 587 1358 ὡς
625 1326 737 1366 φυλάξει
764 1337 807 1358 τις
835 1326 941 1360 ἀπίους,

119 1373 138 1410 ἥ
168 1374 258 1412 μέλιτι
287 1372 447 1411 έμϐυθίσας,
474 1372 493 1409 ἤ
522 1373 652 1405 λακκίσας
674 1371 780 1400 εὔθετον
806 1376 868 1410 γῆν,
897 1372 943 1400 καὶ

122 1420 300 1458 ἀπαιωρήσας
327 1418 434 1454 αὐτοὺς,
459 1417 560 1456 λέγων,
585 1418 622 1448 ὡς
638 1418 789 1456 μετεώρους
805 1417 882 1453 εἶναι,
897 1416 943 1445 καὶ

121 1467 190 1503 χοῦν
213 1464 399 1504 ὶπιφρορήσας
428 1463 472 1492 ἐπὶ
500 1466 659 1501 παραμονῆ.
690 1462 820 1499 Σεμνύνιι
845 1461 873 1490 δὲ
899 1462 944 1490 καὶ

120 1509 184 1541 τοὺς
209 1509 318 1548 ἀγρίους
339 1508 447 1543 ἀπίους,
469 1508 506 1539 ὡς
529 1507 672 1546 γνώμονας
693 1508 803 1545 ἀγαθοῦ,
829 1509 943 1538 Λατῖνος

121 1553 152 1582 ἂν
180 1553 254 1591 αὖτῷ
280 1553 360 1592 ἀνὴρ,
387 1552 515 1590 μούστου.
555 1551 785 1586 Ἐπιπολάζοντες
816 1551 862 1588 μὲν
891 1551 943 1588 γὰρ

122 1598 148 1626 ἐν
174 1599 258 1634 αὐτῷ,
286 1598 384 1636 ἀμιγὶς
415 1596 491 1625 ὕδατι
519 1597 552 1624 τὸ
576 1597 690 1635 γλεῦκος
715 1596 781 1624 εἶναι
806 1594 943 1631 δηλοῦσι·

125 1643 295 1683 βυθισθέντες
325 1642 354 1671 δὶ
388 1643 570 1681 κατηγοροῦσι
609 1641 786 1677 καπήλιυμα.
817 1639 880 1672 Εἴθε
918 1639 947 1668 δέ

123 1690 156 1725 ἦν
171 1691 211 1725 τῷ
226 1689 333 1727 γέροντι
356 1687 456 1724 τούτῳ,
482 1687 532 1722 τήν
554 1696 583 1714 τε
615 1685 701 1713 αἶτίαν
728 1684 874 1713 συνειδέναι
898 1686 947 1712 τοῦ

124 1732 297 1771 πράγματος,
325 1731 370 1759 καὶ
402 1730 672 1768 προσιπινοήσασθαι
707 1729 861 1766 ὁμοιότητά
887 1739 948 1756 τινα

124 1778 236 1809 ἐνταῦθα
258 1776 327 1814 πρὸς
355 1776 402 1803 τὸν
428 1773 627 1814 περιᾳδόμενον
651 1774 758 1809 Ῥῆνον,
782 1774 828 1801 τὸν
853 1771 948 1800 Κελτι-

125 1823 172 1851 κὸν
188 1821 322 1858 ποταμόν.
338 1821 426 1850 Νόθον
451 1820 502 1858 γάρ
526 1830 552 1847 τι
576 1820 711 1851 κάνταῦθα
735 1818 948 1857 διακρίνεταιτῷ

127 1866 311 1903 έπιπολασμῷ
333 1865 378 1893 καὶ
403 1867 443 1901 τῷ
471 1864 607 1903 βυθισμῷ,
635 1862 659 1891 εἴ
672 1864 716 1891 καὶ
732 1863 833 1901 τρόπον
849 1862 946 1891 ἄλλον.

127 1913 201 1941 Ἐκεῖ
226 1911 272 1948 μὲν
300 1911 352 1949 γὰρ
383 1910 456 1948 ὑγρῷ
493 1908 676 1947 διακρίνονται
711 1908 744 1936 τὰ
772 1909 871 1946 γνήσια
901 1908 948 1944 μὶν

126 1958 180 1984 τῶν
207 1956 326 1993 βρεφῶν,
353 1951 553 1987 ἐπιπολάζοντα
569 1961 576 1969 '
607 1952 771 1991 βυθιζόμενα
803 1951 841 1986 δὶ,
865 1951 899 1979 τὰ
911 1952 949 1988 μὴ

127 2002 180 2030 ἀπὸ
194 2003 296 2040 γάμου,
322 2001 453 2032 Ἐνταῦθα
477 1998 505 2026 δὲ
525 1999 606 2036 ὑγρὸν
630 1999 738 2036 γνήσιον
768 1998 813 2025 καὶ
840 1998 878 2035 μή
892 2008 950 2025 τοι-

129 2051 206 2077 οῦτον
232 2050 266 2085 τῇ
299 2050 353 2074 τῶν
393 2045 480 2074 ἀπίων
516 2044 660 2073 καταδύσιι
698 2044 744 2072 καὶ
771 2047 811 2081 τῷ
839 2044 952 2080 ἀνάπλῳ

107 2092 342 2130 -καταμηνύεται,
373 2094 434 2119 "Et;
472 2088 610 2127 μεθοδεύιι
644 2089 658 2116 6
687 2088 758 2117 οὕτω
787 2087 952 2126 πολυμαθὴς

127 2137 333 2176 καθηγούμενος
361 2136 406 2164 καὶ
436 2135 500 2163 ὅποι
526 2134 612 2162 τόπου
637 2133 768 2170 εὐκράτου
798 2133 874 2170 μῆλα
904 2143 951 2169 με-

128 2182 300 2220 τεωριστέον,
331 2181 440 2219 ἕτεροῖά
467 2189 496 2208 τε
529 2178 574 2206 καὶ
602 2176 732 2212 κυδώνια,
761 2177 799 2208 εἰς
826 2177 952 2214 παράμο-

128 2238 189 2257 νον.
208 2229 260 2255 Ποῖ
283 2224 312 2253 δὲ
340 2225 419 2263 ἀέρος
442 2223 513 2263 ῥοιαὶ
529 2223 720 2261 ίκριμήσονται
745 2221 927 2261 φυλαξάμεναι
943 2229 950 2236 ”

988 257 1067 284 tione
1078 257 1238 293 exprimere
1247 258 1454 294 (quodcunque
1463 260 1539 287 enim
1551 259 1630 288 aliud
1639 260 1735 288 oleum
1742 268 1808 288 cum

990 301 1088 337 aliquo
1099 302 1441 340 additamentojungitur
1453 313 1458 332 :
1468 304 1563 332 oleum
1573 305 1698 333 dicimus
1707 314 1808 342 amyg-

990 346 1119 381 daleum,
1149 355 1284 382 nuceum,
1312 351 1341 376 et
1374 349 1567 384 scsaminum,
1611 358 1669 378 non
1710 352 1808 378 autem

990 391 1165 427 simpliciter
1177 392 1287 427 oleum)
1302 401 1308 426 ;
1325 401 1396 421 sane
1410 393 1565 422 veroistud
1581 393 1676 422 solum
1693 395 1808 431 adipem

990 436 1060 463 dare
1085 437 1259 472 jucundam,
1285 440 1313 465 et
1341 437 1465 473 lautum,
1495 441 1524 467 et
1551 439 1673 475 dignum
1701 439 1810 468 mensis

990 480 1171 509 monachicis
1186 482 1305 518 apponi.
1329 485 1366 510 De
1383 483 1439 512 ficu
1457 483 1550 512 multa
1563 485 1652 512 etiam
1667 484 1786 512 disserit
1802 492 1808 511 :

990 534 1049 554 non
1065 525 1186 553 viridem
1204 527 1291 555 ficum
1303 527 1413 563 aliquid
1430 528 1566 556 melleum
1581 537 1656 563 esse,
1671 529 1812 557 siccatam

991 570 1146 598 dulcedine
1159 579 1216 599 non
1234 572 1350 606 privari,
1367 574 1395 600 et
1418 573 1483 601 ideo
1511 573 1627 601 dulcem
1648 574 1736 601 ﬁcum
1760 581 1812 609 pro

991 623 1022 643 re
1037 615 1126 643 electa
1142 616 1209 651 poni
1226 617 1450 653 asapientibus;
1468 625 1563 654 neque
1579 618 1656 646 foliis
1670 617 1761 654 hujus
1772 625 1815 646 ar-

991 659 1071 688 boris
1085 660 1196 697 gratias
1221 669 1274 689 nos
1299 661 1414 697 debere,
1444 670 1478 691 eo
1493 663 1571 698 quod
1593 665 1814 699 protoparentes

992 705 1131 739 texerint;
1161 713 1255 741 neque
1275 706 1382 734 mirum
1412 707 1490 734 aliud
1522 710 1611 743 atque
1640 708 1676 735 ad
1704 707 1814 742 gratias

993 749 1122 784 agendas
1130 750 1278 778 adducens
1290 759 1399 787 ;neque
1413 751 1498 779 etiam
1509 760 1650 788 grossose
1661 752 1716 779 ficu
1723 752 1812 784 sicea,

993 801 1028 821 ex
1042 794 1100 821 vita
1115 793 1206 822 nimia
1225 795 1346 831 produci
1374 796 1451 831 quod
1481 796 1510 823 in
1539 796 1658 824 modum
1686 795 1814 823 hisloriee

994 845 1147 866 narratum
1170 839 1294 867 multam
1324 839 1436 875 praelati
1459 840 1611 868 scientiam
1641 840 1815 868 manifesta-

995 883 1101 917 visset;
1118 883 1168 911 sed
1186 884 1280 920 magis
1295 885 1406 913 omissa
1419 885 1606 921 voluptatein
1619 885 1740 913 edendis
1752 884 1814 912 ficis

993 929 1054 956 tam
1071 928 1212 957 viridibus
1227 937 1314 964 quam
1333 930 1496 966 exsiccatis,
1524 930 1645 966 insuper
1670 930 1744 958 hanc
1765 937 1814 958 ac-

993 972 1180 1008 quisitionem
1197 976 1393 1009 quaestuosum
1409 983 1484 1009 esse,
1505 974 1602 1003 afferri
1629 974 1783 1002 utilitatem
1798 983 1814 1003 c

992 1016 1127 1053 placenta
1139 1025 1154 1045 e
1169 1017 1233 1046 ﬁcis
1250 1019 1433 1054 ,composita,
1458 1019 1487 1047 in
1516 1028 1575 1056 qua
1603 1019 1704 1048 multis
1723 1018 1814 1047 simul

993 1062 1094 1090 mixtis
1109 1062 1186 1090 istud
1202 1062 1308 1098 eligere
1336 1066 1365 1091 et
1392 1063 1447 1092 hoc
1473 1072 1610 1100 respuere
1634 1064 1816 1101 impossibile

995 1109 1049 1141 est,
1066 1108 1116 1135 sed
1142 1108 1242 1136 omnia
1269 1107 1369 1142 simul,
1392 1117 1458 1137 cum
1487 1109 1568 1138 luero
1593 1109 1704 1137 domini
1728 1109 1815 1137 devo-

996 1154 1108 1180 rantur.
1123 1152 1224 1180 Socios
1239 1152 1377 1188 praelatus
1392 1153 1474 1182 docet
1489 1153 1611 1189 insuper
1625 1161 1684 1190 qua
1703 1153 1816 1182 ratione

996 1196 1060 1232 pira
1082 1196 1296 1229 custodiantur,
1325 1197 1369 1224 vel
1399 1197 1485 1226 melle
1511 1197 1647 1232 intincta,
1675 1197 1719 1226 vel
1749 1206 1818 1226 sus-

997 1249 1088 1277 pensa
1100 1240 1129 1268 in
1145 1243 1222 1269 terra
1233 1241 1337 1269 idonea
1352 1243 1380 1269 et
1393 1241 1509 1275 effossa,
1535 1242 1620 1278 quasi
1642 1242 1774 1276 meliora,
1791 1244 1820 1270 et

997 1293 1085 1313 arena
1099 1287 1236 1320 cooperta
1251 1287 1283 1313 ut
1297 1288 1459 1314 serventur.
1487 1287 1599 1314 Laudat
1613 1289 1642 1314 et
1656 1287 1720 1322 pira
1734 1294 1820 1322 agre-

998 1330 1055 1357 stia
1069 1338 1102 1358 eo
1117 1330 1195 1366 quod
1213 1330 1320 1358 bonum
1337 1332 1478 1363 mustum,
1495 1331 1573 1359 dicet
1587 1331 1695 1367 aliquis
1710 1331 1818 1364 Latine,

998 1374 1213 1403 indicent.Cum
1225 1375 1304 1402 enim
1319 1378 1523 1411 supernatant,
1532 1383 1609 1412 aqua
1625 1384 1682 1404 non
1694 1376 1819 1404 mixtum

997 1419 1098 1447 vinum
1124 1419 1325 1453 manifestant,
1340 1428 1407 1447 cum
1432 1420 1660 1457 immerguntur,
1688 1421 1819 1448 fraudem

999 1463 1187 1498 patefaciunt.
1214 1463 1249 1490 Et
1276 1462 1391 1491 utinam
1420 1472 1539 1492 causam
1560 1464 1650 1500 hujus
1666 1464 1706 1492 rel
1722 1465 1821 1492 senior

998 1506 1154 1542 intelligat,
1171 1509 1258 1542 atque
1273 1506 1313 1534 ibi
1329 1508 1486 1543 quamdam
1503 1516 1571 1536 cum
1582 1508 1701 1537 laudato
1718 1508 1820 1537 Rheno

1001 1551 1148 1579 Celtarum
1183 1551 1305 1579 ﬂumine
1331 1551 1557 1580 similitudinem
1594 1553 1736 1581 attendat.
1777 1552 1820 1580 Ibi

1000 1596 1079 1624 enim
1090 1595 1299 1624 discernuntur
1327 1597 1428 1631 notha,
1457 1605 1521 1633 qua
1549 1600 1744 1634 supernatant
1771 1599 1822 1625 aut

1000 1641 1229 1677 immerguntur,
1244 1642 1294 1669 sed
1312 1642 1398 1669 modo
1414 1641 1538 1670 diverso.
1552 1641 1615 1670 Illic
1643 1642 1721 1670 enim
1744 1650 1822 1678 aqua

1001 1686 1211 1714 discernuntur
1237 1690 1339 1722 partus
1367 1686 1490 1723 legitimi
1525 1695 1593 1715 eum
1633 1688 1822 1723 superferun~

1001 1733 1060 1765 tur,
1084 1734 1113 1758 et
1134 1731 1228 1763 nothi,
1245 1731 1362 1767 quando
1389 1732 1616 1768 immerguntur.
1643 1732 1695 1760 Hic
1723 1734 1821 1760 autem

1002 1775 1167 1812 legitimum
1184 1778 1235 1804 aut
1254 1775 1398 1804 dissimile
1422 1776 1494 1812 piris
1521 1777 1669 1805 immersis
1692 1778 1744 1806 aut
1771 1786 1823 1805 na-

1002 1821 1134 1848 tantibus
1153 1829 1230 1856 aqua
1256 1820 1377 1849 indicat.
1406 1821 1548 1857 Explanat
1574 1822 1662 1850 etiam
1691 1822 1825 1850 eruditus

1003 1865 1141 1901 praelatus
1168 1873 1224 1901 quo
1248 1865 1311 1893 loco
1339 1867 1500 1902 temperato
1529 1866 1589 1894 sint
1616 1866 1825 1903 suspendenda

1004 1918 1092 1946 poma
1120 1909 1178 1938 alia
1198 1912 1226 1937 et
1265 1910 1399 1946 cydonia,
1429 1912 1462 1938 ut
1499 1913 1660 1945 serventur,
1692 1911 1722 1939 in
1751 1919 1824 1947 quo-

1004 1963 1072 1982 nam
1090 1963 1154 1982 aere
1168 1957 1291 1991 grauata
1306 1955 1366 1983 sint
1385 1955 1529 1990 libranda,
1556 1958 1588 1983 ut
1611 1956 1825 1991 custodiantur,

1005 2008 1063 2035 qua
1074 1999 1162 2027 etiam
1183 1999 1296 2027 ratione
1319 2008 1353 2027 ea
1378 2000 1521 2028 duratura
1545 2000 1629 2036 palea
1665 2005 1824 2029 conservet.

1005 2043 1040 2070 Et
1056 2051 1123 2071 mox
1142 2044 1277 2071 ardenter
1300 2043 1493 2071 ratiocinatur
1518 2048 1651 2072 naturam
1677 2045 1766 2079 palea:
1790 2045 1827 2072 ad

1006 2087 1144 2114 universa
1154 2087 1298 2115 servanda
1304 2090 1402 2123 aptam
1412 2095 1491 2122 esse;
1507 2087 1593 2116 calidi
1602 2088 1681 2116 enim
1695 2088 1827 2124 corporis

1007 2131 1036 2159 in
1053 2140 1086 2159 ea
1100 2130 1223 2159 involuti
1239 2133 1347 2160 statum
1363 2134 1454 2167 tenet,
1471 2134 1498 2160 ot
1514 2132 1652 2169 frigidum
1668 2132 1828 2170 aliquid,ut

1007 2175 1066 2209 nix,
1102 2176 1132 2203 in
1161 2178 1266 2204 natura
1291 2176 1409 2212 propria
1436 2176 1547 2204 ﬁrmari
1580 2177 1730 2213 permittit.
1766 2179 1829 2206 Mox

1007 2219 1095 2249 veluti
1125 2220 1154 2248 in
1184 2221 1423 2257 consequentiam
1446 2220 1610 2250 ulteriorem
1636 2222 1829 2258 descendens,

129 2272 174 2300 καὶ
202 2272 239 2302 ὡς
267 2269 324 2298 οἶδε
359 2271 500 2308 συντηρεῖν
538 2266 621 2298 αὐτὰς
653 2265 827 2304 παραμόνους
848 2265 893 2294 καὶ
921 2265 944 2293 τὶ

1006 2264 1180 2293 sententiam
1198 2265 1345 2301 propriam
1371 2265 1433 2302 ipse
1450 2265 1571 2298 invenit,
1587 2265 1700 2294 scilicet
1715 2265 1829 2303 paleam

131 2316 243 2355 ἄχυρον.
273 2315 376 2345 Λύτίκα
404 2314 433 2343 δὲ
461 2313 694 2353 φιλοτιμούμενος
723 2311 953 2351 προσιπιφιλοσο-

132 2365 176 2400 φεῖ
195 2361 239 2389 καὶ
256 2361 294 2392 ὡς
319 2359 485 2400 φυλαλτικόν
511 2370 537 2387 τι
562 2360 661 2396 ’χρῆμα
684 2357 710 2389 ές
734 2358 765 2385 τὸ
786 2360 837 2385 πᾶν
862 2359 880 2392 ἡ
904 2358 953 2385 τοῦ

133 2405 241 2444 ἀχύρου
269 2404 359 2442 φύσις.
385 2406 492 2442 Θερμοῦ
520 2414 549 2431 τε
571 2403 623 2442 γὰρ
643 2402 744 2439 ἐξανύει
760 2403 893 2441 κατοχὴν,
908 2401 955 2439 ἐμ-

133 2447 282 2485 ϐληθέντος
306 2448 346 2481 εἲς
369 2448 453 2476 αὐτό·
479 2448 524 2476 καὶ
550 2447 656 2486 ψυχρὸν
682 2446 711 2475 δέ
739 2446 954 2484 ἐμπεπιστευμέ-

133 2505 190 2528 νον,
221 2493 252 2521 οὗ
283 2493 435 2535 μέροςριαὶ
464 2494 482 2528 ἡ
507 2493 589 2531 χιὼν,
614 2491 773 2528 ἆνακμάζειν
803 2490 955 2535 δίδωσιγτῇ

135 2538 222 2574 οἷ’κειᾳ
236 2537 324 2576 φύσει.
343 2534 428 2568 Etim);
445 2535 473 2564 δὲ
495 2536 540 2564 καὶ
565 2535 602 2567 εἷς
622 2536 678 2564 οἷόν
700 2546 725 2563 τι
750 2535 872 2574 πόρισμα
886 2534 955 2573 γλα-

136 2584 291 2622 φυρώτερον
318 2579 480 2618 ἐμϐαθύνας,
516 2580 665 2619 παροιμίαν
705 2580 848 2618 ἐξευρίσκει
877 2580 958 2611 αὐτὸς

136 2626 220 2662 ὶδίαν,
236 2626 302 2654 αὐτὸ
329 2625 377 2662 μὶν
401 2625 433 2652 τὸ
455 2625 558 2662 ἄχυρον
581 2623 771 2660 εὕυπόληπτον
803 2623 957 2661 ὀνομάζων,

170 2718 226 2754 (19)
242 2716 417 2754 Megabyzus
441 2715 500 2754 dux
519 2716 593 2754 erat
609 2714 753 2754 exercitus
781 2714 859 2754 parii
878 2714 957 2754 regis

136 2750 311 2788 Pe‘rsa’rum‘;
327 2750 515 2789 ipsermultes
530 2750 630 2789 hostes
645 2750 826 2789 proﬂigavit,
849 2750 959 2789 multas

138 2785 309 2825 provincias
327 2785 430 2825 patriis
445 2787 556 2816 ﬁnibus
565 2785 676 2825 junxit.
691 2785 759 2825 Ideo
771 2785 960 2825 cumrDarius

138 2823 265 2863 Quadam
280 2823 454 2854 dia—malum
469 2824 625 2861 granatum
636 2830 726 2852 manu
739 2824 894 2860 teneret,st
908 2825 960 2852 Ar-

1007 2310 1126 2338 inventu
1153 2308 1269 2337 facilem
1294 2318 1369 2344 esse,
1407 2309 1616 2346 hominemque
1653 2311 1828 2340 initiationis

1008 2363 1144 2391 capacem
1161 2354 1330 2390 faciliorem,
1346 2354 1500 2389 siquidem,
1526 2355 1576 2390 ait,
1607 2355 1690 2392 palea
1713 2356 1829 2392 deposi-

1008 2402 1072 2428 tum
1095 2400 1242 2435 integrum
1273 2399 1403 2427 studiose
1432 2404 1591 2428 conservat.
1628 2400 1667 2428 De
1696 2400 1830 2437 grauatis

1010 2444 1175 2473 considerat
1199 2444 1306 2478 adhuc,
1336 2452 1393 2472 non
1423 2447 1525 2473 sancta
1547 2444 1598 2473 illa
1633 2444 1833 2481 malogranata

1011 2498 1073 2526 quas
1089 2490 1124 2517 ad
1149 2488 1298 2525 exemplar
1325 2497 1427 2516 eorum
1457 2489 1598 2517 fabricata
1626 2492 1714 2525 sunt;
1737 2498 1832 2526 neque

1011 2535 1181 2571 Megabyzos
1197 2533 1253 2569 (19)
1266 2533 1426 2567 mirabiles,
1443 2542 1516 2570 quos
1533 2542 1582 2562 rex
1598 2534 1751 2563 Persarum
1776 2535 1834 2564 sibi

1013 2578 1189 2607 circumdari
1218 2579 1337 2614 optabat
1361 2579 1450 2614 juxta
1492 2587 1648 2607 numerum
1685 2579 1834 2608 seminum

1013 2623 1081 2652 mali
1093 2623 1208 2660 granati
1223 2623 1299 2659 quod
1316 2623 1418 2652 eodem
1435 2625 1563 2659 tempore
1587 2632 1676 2652 manu
1700 2624 1811 2652 ferebat
1826 2636 1834 2659 ς

1012 2714 1173 2749 taban,dux
1188 2713 1291 2748 alius,a
1300 2721 1367 2750 rege
1377 2713 1602 2750 quan-eretrun
1618 2713 1704 2741 vellet
1717 2715 1834 2743 tantum

1014 2752 1157 2786 quantum
1170 2757 1261 2785 grana
1275 2749 1388 2786 granati
1399 2749 1601 2786 multiplicari,
1613 2750 1763 2786 respondit
1778 2752 1836 2779 Da-

1013 2785 1076 2815 rius
1091 2787 1134 2815 tot
1147 2785 1318 2823 Megabyzbs
1333 2793 1398 2814 esse
1412 2785 1468 2815 sibi
1479 2793 1545 2814 esse
1555 2785 1762 2821 exoptandum.
