2018 3158
188 187 252 218 883

187 261 283 290 neque
295 253 367 282 dicit
382 252 545 289 sapientem
562 252 720 288 quemdam
725 253 856 289 jucunda
868 252 1015 281 locutione
1028 252 1056 286 Α

187 299 326 327 humidos
341 298 484 326 carbones
508 305 628 325 vocasse
656 305 720 333 qum
745 298 873 325 eduntur
898 297 927 324 in
944 305 1012 333 gra-

188 346 257 371 nato
271 352 277 376 ;
290 350 395 378 neque,
408 344 511 377 praeter
531 341 758 369 similitudinem
789 342 924 369 carbonis
940 342 1014 369 inte-

190 388 308 420 riorem,
325 387 361 414 ad
382 389 463 414 extra
491 389 613 422 grauata
641 389 672 413 ut
701 386 814 414 flamma
843 386 1016 422 plerumque

188 431 318 459 relucere
332 439 339 464 ;
354 431 404 458 sed
424 429 516 465 magis
531 430 603 458 dicit
623 430 776 458 amborum
803 438 958 458 succorum
986 430 1016 457 in

188 476 231 504 eis
246 478 428 512 repertorum
439 475 555 502 acidum
568 474 696 502 dulciore
702 483 767 503 esse
778 474 1016 503 meliorem.Nam

190 519 366 549 mulieribus
383 519 615 556 parturientibus
631 522 735 547 contra
751 528 848 548 naevos
865 519 945 548 utilis
962 522 1017 553 est,

189 567 219 593 et
233 565 270 592 ad
290 565 532 592 manducandum
555 564 757 592 dulcissimus.
788 565 964 592 Eorumdem
989 566 1018 592 et

189 609 327 638 corticem
344 609 415 637 dicit
440 608 541 637 utilem
558 616 642 637 esse:
673 617 707 637 ea
736 610 813 637 enim
838 609 967 638 crassius
991 610 1019 636 et

190 654 306 690 nigrius
322 654 354 681 ﬁt
370 656 579 686 atramentum,
603 654 852 689 quemadmodum
879 653 1018 682 viridium

191 707 301 727 nucum
318 698 480 734 putamine.
504 697 661 733 Utriusque
676 698 837 734 amygdalae
852 699 940 726 etiam
957 706 1018 725 me-

191 743 282 771 ritum
298 743 353 770 iste
369 750 512 778 exponere
534 751 602 770 cum
633 751 689 770 non
723 743 826 778 possit,
852 751 901 770 eas
921 750 1021 771 amare

191 789 311 823 propter
320 787 488 814 varietatem
504 787 659 823 profitetur
671 795 677 814 :
687 787 808 823 quidam
820 787 899 815 enim
910 788 1021 815 facetus

193 839 259 858 cum
275 839 364 858 unam
381 832 432 858 aut
448 831 520 859 duas
537 831 707 867 amygdalae
733 831 833 860 dulces
857 834 1016 868 gustasset,

193 877 223 903 et
233 875 388 902 dulcedine
404 875 582 911 alliceretur,
599 884 731 904 amaram
744 877 845 904 radere
861 876 965 904 deinde
976 876 1021 903 in-

193 919 281 955 cepit,
298 921 386 955 atque
401 920 598 948 amaritudine
628 920 705 948 risus
735 921 914 948 adstantium
943 921 1020 948 exci-

192 963 357 992 tavit.ldem
374 964 478 992 arbuta
491 964 589 992 cibum
606 965 721 992 facilem
733 965 892 1000 prebentia
905 965 1020 1000 excolit,

192 1009 221 1036 et
236 1010 330 1036 tentat
345 1008 506 1044 discipulos
522 1009 646 1037 suadere
663 1012 695 1037 ut
709 1009 775 1038 vino
794 1018 879 1046 parce
895 1012 1022 1044 utentes,

194 1051 366 1080 ebrietatem
382 1052 486 1081 exinde
504 1055 690 1089 quaerantEa
700 1053 798 1082 rubris
812 1054 890 1082 limis
901 1055 1024 1083 solerter

195 1096 318 1131 confert,
335 1099 455 1134 propter
478 1097 572 1125 multa
599 1098 728 1133 capitula
756 1098 786 1126 in
809 1099 851 1127 eis
879 1099 1022 1127 ﬂorentia.

1036 942 1060 974 B

195 1141 270 1169 ltem
287 1148 321 1168 ea
337 1144 487 1177 comparat
503 1141 638 1178 Pydnzsis
649 1142 760 1179 fungis,
777 1151 810 1171 ea
823 1145 922 1171 tamen
940 1143 1026 1172 diffe-

195 1185 302 1221 rentia,
320 1188 353 1213 ut
369 1186 423 1214 illas
439 1186 614 1222 plerumque
631 1188 725 1223 magis
742 1188 1024 1224 tumefiant,partem

198 1238 335 1266 asperam
347 1230 476 1258 habeant
495 1231 664 1266 obscuram,
682 1240 734 1259 nec
759 1232 884 1268 perfecte
908 1232 1027 1268 conglo-

196 1275 310 1303 bentur
347 1275 452 1303 arbuta
464 1283 531 1303 vero
542 1275 627 1304 aliter
633 1284 664 1304 se
679 1276 806 1304 habeant
817 1276 1028 1312 magnitudine,

202 1319 309 1355 colore,
326 1321 355 1347 et
371 1320 474 1348 forma.
491 1322 523 1347 Et
538 1320 574 1348 de
594 1321 717 1348 racemis
732 1323 815 1348 Pater
830 1321 885 1349 iste
899 1321 1029 1357 loquitur

200 1372 305 1400 nugas,
322 1372 505 1400 quaecunque
520 1364 546 1392 ei
562 1367 667 1400 sponte
679 1365 768 1392 obvia;
794 1367 864 1393 sunt.
889 1365 928 1401 (et
943 1365 1029 1401 plane

207 1411 367 1436 occurrunt
382 1409 477 1444 dignas
494 1409 559 1437 istis
573 1409 781 1445 auditoribus).
797 1410 832 1437 Et
846 1418 913 1438 cum
938 1411 973 1438 de
988 1418 1032 1438 re-

200 1453 292 1489 liquis
317 1453 451 1489 frugibus
476 1462 669 1490 quascunque
697 1454 897 1490 celebraverit,
919 1458 1030 1491 quanta

199 1497 324 1525 scientia
338 1500 366 1525 et
379 1497 548 1533 eloquentia
563 1501 667 1534 potest,
682 1507 748 1526 cum
764 1499 886 1527 modum
901 1498 1029 1535 aliquem

201 1542 238 1570 de
253 1541 384 1570 oleribus
400 1542 530 1571 colendis
542 1543 711 1578 inseruerit,
726 1545 755 1572 et
778 1546 880 1580 postea
908 1545 943 1572 de
968 1544 1029 1580 pis-

201 1586 286 1614 cibus
297 1587 475 1621 tractaverit,
488 1587 566 1616 sicut
581 1588 660 1616 novit
671 1590 807 1624 tractare,
828 1590 892 1616 tum
905 1588 1026 1616 fratrum

202 1633 379 1659 conventum
397 1632 527 1666 dimittit,
540 1633 569 1660 in
582 1641 640 1668 quo
659 1633 895 1668 praedicationem
911 1641 968 1661 non
984 1633 1027 1661 in-
1042 1627 1063 1660 (ἶ

202 1675 372 1711 videndam,
387 1684 474 1712 quam
491 1677 616 1705 convivae
635 1677 791 1713 diligerent
819 1679 847 1705 et
874 1677 957 1712 lanii,
975 1678 1027 1706 ha-

201 1719 275 1754 buit,
291 1724 319 1748 el
334 1720 430 1748 ofﬁcia
447 1729 511 1755 sua,
527 1721 604 1749 sicut
619 1722 699 1749 novit
714 1721 889 1757 explanavit.

577 184 787 217 EUSTATHlI
809 185 1191 218 THESSALONICENSIS
1214 186 1506 219 METROPOLITE

1841 185 1910 216 834

1071 251 1154 290 ἄνδρα
1182 251 1211 280 δὶ
1234 251 1326 281 εἰδότα
1351 253 1580 290 μυστηριάζεσθαι
1605 251 1713 289 ἆχύρου
1740 251 1786 279 εὗυ
1811 251 1910 286 πολη-

1069 296 1198 333 πτότερον
1219 297 1470 335 παροιμιαζόμενος
1488 308 1494 313 ·
1520 297 1589 333 ἐπεὶ,
1615 296 1694 335 φησὶ,
1721 296 1816 323 καὶτὸ
1833 297 1906 334 ἄχυ-

1070 351 1116 378 ρον
1143 340 1292 380 δίφενδεύει
1326 344 1506 378 ταμιευτικῶς
1531 341 1556 368 ἐν
1586 341 1707 377 ἀκεραίῳ
1731 341 1764 368 τὸ
1786 342 1910 377 παραὶ-

1071 387 1194 422 θέμενον.
1239 388 1458 424 ΙΙροσεπιθεωρεῖ
1500 385 1528 414 δὶ
1570 387 1584 413 ὁ
1626 385 1708 416 αὐτὸς
1742 389 1807 416 ταῖς
1836 385 1910 423 {So-.51

1071 430 1102 457 ού
1123 431 1186 461 τοὺς
1210 431 1362 468 ἲερατικοὺς
1388 430 1507 462 ἐκείνους
1537 429 1676 469 ῥοΐσκους,
1693 429 1720 458 οἳ
1736 430 1807 467 πρὸς
1823 431 1912 460 αὐτὰς

1070 474 1216 503 ἐτυποῦντο
1237 476 1414 513 νοερώτερον,
1438 474 1501 503 οὐδὲ
1526 474 1590 506 τοὺς
1615 474 1791 511 θαυμαστοὺς
1814 477 1913 512 Μεγα-

1074 519 1183 556 βύζους,
1209 520 1256 552 οὓς
1279 520 1411 558 Ηερσικὸς
1441 519 1569 557 βασιλεὺς
1595 519 1729 556 περιεῖναί
1753 519 1781 547 οἱ
1812 518 1912 554 εὔξατο

1070 564 1140 591 κατὰ
1167 563 1274 599 πλῆθος
1303 565 1409 592 κόκκων
1442 563 1564 602 μεγάλης
1589 564 1676 602 ῥοιᾶς,
1705 563 1740 598 ἦν
1767 563 1795 591 ἐν
1818 565 1913 602 καιρῷ

1071 607 1172 640 ἐκεῖνος
1193 609 1347 647 κεχείρωτο
1362 619 1368 625 ·
1397 607 1458 636 οὐδ’
1480 609 1522 636 ὅτι
1544 607 1626 647 σοφός
1650 619 1704 644 τις,
1721 608 1829 645 γλυκὺς
1853 609 1911 642 τήν

1073 653 1179 692 φράσιν,
1209 653 1334 691 ἐνύγρους
1362 652 1496 691 ἄνθρακας
1534 652 1760 692 ἐκαλλιγράφησε
1788 653 1825 680 τὰ
1854 655 1910 680 τῶν

1074 697 1156 736 ῥοιῶν
1174 699 1301 736 βρώσιμα
1317 709 1324 716 ο
1342 697 1398 726 οὐδ’
1424 699 1465 725 δτι
1489 697 1535 725 σὺν
1558 700 1597 734 τῷ
1622 695 1699 725 ἔνδον
1715 695 1912 734 ἂνθραχοειδεῑ

1074 742 1192 781 φλόγεον
1216 743 1253 774 ὡς
1279 743 1313 770 τὰ
1335 742 1429 771 πολλὰ
1452 742 1639 779 ὲκλάμπουσιν
1669 742 1772 770 ἐκεῖναι
1800 741 1848 769 καὶ
1878 741 1913 769 τὰ

1074 786 1186 823 ἔξωθεν
1203 786 1267 814 ἀλλ’
1283 787 1323 814 ὅτι
1341 786 1389 814 δύο
1414 789 1513 824 χυμῶν
1539 789 1593 814 τῶν
1616 786 1642 814 ἐν
1668 786 1765 817 αὐταῖς
1780 785 1911 814 καλλίων

1075 834 1122 858 τοῦ
1150 831 1333 868 γλυκάζοντος
1360 832 1374 859 ὁ
1405 831 1512 866 ὀξιζων.
1539 832 1607 862 Ταῖς
1635 830 1767 862 κυούσαις
1796 840 1829 857 τε
1859 831 1911 867 γὰρ

1075 873 1229 915 πρόσφορός
1265 875 1320 903 ἐστι
1348 876 1382 903 τὰ
1415 875 1442 906 lc
1468 875 1573 909 κίσσαν,
1609 875 1654 903 καὶ
1689 875 1727 906 είς
1753 875 1912 912 μαγιιρεέαν

1076 919 1197 955 ἥδιστος.
1224 919 1371 959 Ὠφίλιμον
1390 919 1419 948 δά
1446 930 1530 958 φησιν
1553 919 1647 951 αὐταῖς
1665 919 1760 947 καὶτὸ
1776 918 1912 956 λέπυρον,

1075 966 1223 1004 Ζοφοῦνται
1236 965 1287 1002 γὰρ
1303 963 1338 992 δι’
1365 965 1451 992 αὐτοῦ
1476 965 1508 992 τὸ
1532 965 1665 1002 γραφικὸν
1692 963 1781 1000 μέλαν
1799 963 1842 994 εἰς
1860 964 1911 1001 βα-

1077 1009 1200 1047 θύτερον,
1215 1009 1285 1041 καθά
1298 1008 1343 1036 καὶ
1369 1008 1414 1037 διὰ
1437 1009 1486 1037 τοῦ
1508 1008 1625 1047 χλωροῦ
1647 1007 1781 1046 γαρυΐνου
1796 1008 1911 1045 λέμμα-

1076 1064 1132 1085 τος·
1160 1054 1219 1082 Ἔτι
1249 1053 1348 1085 ἐκεῖνος
1385 1053 1430 1081 καὶ
1470 1052 1630 1092 ἀμυγδάλου
1658 1052 1790 1092 ἐκατιρου
1816 1053 1912 1088 σεμνὰ

1077 1109 1147 1134 τητα
1187 1099 1224 1134 μή
1257 1098 1348 1135 μαθὼν
1373 1097 1505 1132 ἐκθέσθω,
1536 1096 1625 1136 φιλεῖν
1655 1097 1722 1125 αὐτὸ
1752 1097 1831 1134 λέγει
1860 1100 1910 1130 τῆς

1080 1143 1263 1178 ἀστειότητος,
1293 1143 1324 1172 Ὀ
1348 1142 1399 1180 γὰρ
1429 1141 1525 1179 δεξιὸς,
1556 1142 1634 1181 φησὶ,
1659 1142 1693 1170 τὰ
1718 1141 1757 1173 εἷς
1780 1141 1911 1179 εὐτραπε-

1082 1187 1142 1215 λίαν
1169 1186 1323 1224 ἅνθρωπος,
1352 1186 1448 1225 γεύσας
1474 1187 1534 1214 τινὰ
1556 1187 1614 1217 ἑνὸς
1637 1186 1655 1221 ἤ
1683 1185 1733 1213 δύο
1762 1188 1821 1213 τῶν
1851 1185 1916 1223 γλυ-

1081 1232 1150 1260 κέων
1176 1230 1354 1269 ἀμυγδάλων,
1382 1232 1428 1258 καὶ
1455 1231 1659 1269 ἐπαγαγόμενος
1685 1233 1727 1267 τῷ
1759 1229 1914 1266 ἠδύσματι,

1083 1277 1138 1304 εἶτα
1154 1276 1250 1314 πικρὸν
1273 1275 1382 1307 ἐπιδοὺς
1407 1275 1446 1307 εἷς
1470 1273 1612 1313 ἕκϐρωμα,
1637 1275 1745 1310 ἰκίνησε
1765 1278 1828 1306 τοῖς
1847 1280 1916 1306 θεω-

1085 1321 1175 1357 μένοις
1203 1320 1312 1354 γέλωτα
1339 1322 1379 1356 τῷ
1407 1321 1586 1358 πικράσματι.
1617 1321 1676 1348 Ἔτι
1700 1319 1915 1358 περιεργάζεται

1083 1365 1193 1397 ὁαύτὸς
1217 1365 1261 1392 καὶ
1291 1364 1466 1402 μιμαικύλων
1493 1365 1524 1393 τὸ
1551 1363 1711 1392 εὐανάδοτον
1743 1364 1815 1401 μετὰ
1847 1373 1915 1400 τρο-

1083 1410 1147 1448 φὴν,
1164 1410 1339 1447 τεχνώμενος
1358 1409 1422 1442 τοὺς
1445 1409 1578 1448 ἀκροατὰς
1599 1408 1711 1443 πείθειν,
1729 1407 1808 1436 οἴνου
1823 1409 1917 1446 φειδοῖ

1082 1455 1131 1489 τήν
1161 1453 1258 1482 ἓκεῖθεν
1285 1453 1369 1491 μέθην
1405 1454 1572 1492 σοφίζεσθαι.
1607 1453 1773 1488 Ἀστεῒζεται
1801 1452 1832 1480 δε
1861 1463 1914 1480 που

1082 1499 1127 1527 καὶ
1151 1499 1274 1537 ἐρυθραῖς
1300 1499 1384 1537 ῥίναις
1408 1499 1474 1526 αὐτὰ
1501 1498 1616 1527 ἐοικέναι
1637 1497 1682 1526 διὰ
1704 1498 1753 1529 τὰς
1778 1497 1916 1529 ἐπανθού-

1084 1554 1132 1575 σας
1154 1543 1246 1575 αὐτοῖς
1269 1544 1370 1575 πυκνὰς
1389 1542 1591 1582 κεγχραμίδας.
1616 1543 1727 1578 Είκάζει
1757 1542 1790 1571 ὂὶ
1818 1542 1916 1572 αὐτοῖς

1082 1589 1126 1616 καὶ
1153 1588 1188 1616 τὰ
1211 1587 1279 1615 κατὰ
1303 1586 1406 1615 Πύδναν
1432 1586 1516 1615 ὕδνα·
1545 1586 1617 1622 πλὴν
1647 1585 1708 1614 ὅσον
1738 1586 1833 1614 ἐκεῖνα
1857 1586 1916 1622 μὲν,

1082 1632 1159 1671 φησί,
1174 1633 1220 1660 καὶ
1246 1633 1284 1664 εἷς
1308 1631 1382 1660 πολὺ
1409 1633 1538 1670 μεγέθους
1562 1632 1596 1660 τὰ
1620 1630 1709 1659 πλείω
1739 1630 1914 1669 ἐξώγκωται,

1081 1678 1126 1706 καὶ
1151 1678 1273 1715 ἀμαυρὰν
1300 1677 1394 1714 ἔχουςι
1419 1677 1470 1711 τὴν
1503 1676 1672 1715 τραχύτητα,
1702 1676 1747 1704 καὶ
1779 1674 1848 1703 οὐδὲ
1878 1675 1915 1706 είς

1083 1720 1220 1759 ἀκρίϐειαν
1269 1721 1488 1761 ἆπεσφαίρωνται
1514 1730 1521 1737 ⁶
1564 1723 1622 1753 τοῖς
1662 1719 1691 1748 δὲ
1729 1719 1918 1756 μιμαικύλοις

201 1761 295 1794 ἄλλως
321 1762 378 1801 ἔχει
406 1765 451 1791 καὶ
482 1764 515 1792 τὰ
543 1767 592 1792 τοῦ
609 1764 746 1803 μεγέθους,
762 1765 806 1792 καὶ
825 1765 858 1792 τὰ
871 1767 921 1800 τῆς
935 1766 1080 1803 χρώσεως,
1109 1766 1154 1794 καὶ
1183 1767 1217 1794 τὰ
1243 1769 1292 1794 τοῦ
1319 1767 1473 1804 σχήματος.
1501 1767 1559 1793 Ἔτι
1585 1763 1767 1803 λαμυρεύεται
1785 1764 1800 1792 ὁ
1816 1763 1914 1801 Πατὴρ

200 1807 244 1834 καὶ
271 1807 333 1845 περὶ
361 1808 518 1846 σταφυλῶν,
548 1809 636 1836 ὁπόσα
663 1808 756 1845 ἐκείνῳ
780 1808 923 1847 ἐπέρχεται
952 1809 1107 1849 (ἐπέρχεται
1134 1810 1164 1838 δὲ
1191 1811 1298 1842 πάντως
1323 1811 1506 1849 ἀκροατηρίου
1531 1809 1658 1837 τοιούτου
1688 1808 1797 1844 ἐπάξια)
1829 1817 1836 1824 ·
1869 1806 1914 1834 xui

201 1852 252 1883 τῆς
281 1850 383 1884 λοιπῆς
412 1851 440 1879 δὲ
469 1853 579 1889 ὀπώρας
608 1853 658 1886 τὴν
688 1853 852 1881 ἐπελθοῦσαν
883 1854 1145 1893 καταρῥητορεύσας,
1170 1856 1207 1887 ὡς
1231 1853 1289 1894 ἔχει
1315 1855 1470 1892 ἰπιστήμης
1496 1855 1541 1882 καὶ
1562 1854 1697 1892 φράσεως,
1711 1853 1757 1880 καί
1785 1863 1841 1880 που
1860 1862 1913 1880 πα-

204 1895 361 1933 ρενσπείρας
385 1896 430 1923 καί
447 1895 587 1933 ὀσπριώδη
616 1897 729 1934 θεωρίαν
756 1897 838 1925 τινά·
871 1899 938 1935 μετὰ
966 1897 995 1927 δὲ
1022 1900 1067 1928 καὶ
1098 1899 1311 1938 ἰχθυολογήσας,
1336 1901 1373 1931 ὡς
1412 1899 1491 1931 αὐτὸς
1519 1898 1612 1937 χαίρει
1641 1897 1748 1932 λαλῶν,
1776 1896 1838 1925 λύει
1870 1896 1916 1924 τὸν

202 1941 252 1983 τῆς
279 1937 464 1979 ἀδελφρτητος
492 1940 641 1980 σύλλογον,
671 1942 829 1979 ἐμφορήσας
858 1943 1062 1982 χρηστολογίας
1090 1937 1195 1981 ἄζηλοι)
1223 1937 1256 1980 ἦν
1285 1945 1485 1983 τραπεζονόμοι
1507 1943 1614 1983 φιλοῖεν
1643 1943 1674 1971 ἃν
1700 1943 1745 1970 καὶ
1774 1941 1914 1980 μάγειροι.

203 1982 249 2010 καὶ
265 1983 375 2023 σοφίσας
388 1984 422 2012 τὰ
437 1985 474 2017 ὡς
489 1984 590 2017 ἐκείνος
605 1983 662 2014 οἵδε
673 1988 837 2022 καθήκοντα.

242 2047 303 2075 179.
316 2048 345 2075 Si
356 2048 514 2084 quandoin
530 2052 689 2086 conspectu
716 2050 900 2079 stecularium
924 2054 1029 2088 poten-

205 2092 280 2120 tium
296 2092 435 2129 loquendi
450 2095 812 2129 tempusvenerit,formas
822 2104 924 2124 omnes
935 2097 1032 2125 induit

204 2136 293 2165 homo
308 2137 373 2165 iste.
390 2138 424 2165 Et
440 2139 534 2174 primo
559 2141 625 2174 post
650 2139 737 2168 breve
761 2140 925 2175 silentium,
955 2142 1032 2170 sicut

204 2190 258 2210 nec
269 2182 447 2219 Pythagoras
465 2184 583 2220 egisset,
600 2184 655 2212 hoc
671 2185 773 2213 habitu
790 2186 929 2215 virtutem
945 2196 1030 2215 suam

202 2227 293 2255 altam
311 2228 491 2263 manifestat,
507 2236 538 2256 ss
554 2229 642 2257 heroa
658 2230 794 2258 silentem
815 2239 878 2259 esse
891 2231 1029 2267 ostendit,

203 2273 236 2299 ut
263 2271 380 2299 dicitur.
410 2275 499 2301 Breve
523 2273 635 2309 aliquid
661 2275 771 2310 profert
800 2279 912 2311 postea,
943 2277 1030 2312 quasi

204 2318 311 2344 noctua
326 2316 464 2351 stridens,
482 2320 510 2346 et
535 2318 662 2347 clamore
677 2319 733 2347 isto
750 2320 899 2348 mirabilia
914 2321 949 2349 de
961 2329 1031 2357 prm-

206 2360 314 2410 cordiis
329 2360 491 2397 depromat,
508 2362 598 2391 vitam
621 2372 706 2392 suam
724 2365 825 2392 ordine
841 2365 955 2401 evolvit,
972 2374 1029 2394 non
1045 2376 1070 2410 D

206 2403 325 2439 quidem
336 2413 383 2433 res
397 2414 432 2434 an
438 2409 464 2434 te
473 2409 625 2436 tonsuram
635 2412 733 2444 gestas
749 2410 836 2445 (quas
845 2412 1030 2438 remanentes

207 2449 346 2484 mysterio
358 2450 503 2480 involutas
519 2452 581 2480 vult
595 2452 713 2480 silentio
729 2454 881 2488 decorari),
898 2454 948 2482 sed
965 2457 1031 2490 post

206 2493 355 2528 depositas
384 2495 513 2531 capillos,
544 2498 577 2524 ut
600 2496 643 2525 sic
672 2497 781 2526 serviat
817 2502 918 2526 sancto
940 2498 1029 2534 Patri,

206 2545 334 2574 eumque
344 2539 447 2568 laudat
457 2541 493 2568 ad
510 2541 619 2569 bonum
632 2542 827 2577 proprium,et
842 2543 944 2570 exinde
956 2543 1031 2571 facta

205 2585 435 2613 commutatione
464 2586 671 2614 sanctissimus
691 2587 754 2622 ipse
782 2587 924 2622 videatur,
947 2588 1031 2624 quasi

202 2627 367 2657 sanctitatis
383 2629 547 2666 particeps;
572 2630 700 2666 qualiter
714 2639 782 2659 eum
806 2632 944 2660 continuo
958 2631 1031 2660 bene

202 2672 289 2706 colat,
306 2673 406 2702 volens
417 2674 616 2702 obedientiam
646 2675 702 2703 sibi
728 2676 784 2704 isto
811 2677 897 2704 modo
910 2677 1007 2712 parari
1021 2685 1028 2711 ;

203 2716 332 2752 qualiter
347 2726 521 2754 progressus
533 2718 731 2754 sui,perfectio
745 2723 774 2748 et
790 2720 892 2749 laudes
902 2721 952 2748 illo
962 2729 1031 2749 sene

203 2761 346 2795 magistro
358 2762 554 2795 afﬁrmentur,
569 2765 596 2789 et
608 2762 770 2798 discipulus
796 2764 832 2792 ad
857 2764 970 2799 majora
993 2763 1031 2791 ob

204 2803 293 2832 istam
309 2805 452 2834 rationem
468 2808 604 2838 vocetur;
625 2809 773 2843 quomodo
788 2817 821 2836 eo
838 2808 1031 2844 mortuo,ipse

206 2854 260 2883 per
273 2856 340 2878 eum
364 2850 493 2880 visiones
519 2850 626 2887 videat,
651 2853 679 2881 et
696 2852 840 2882 miracula
874 2854 1030 2890 perpetrat.

1122 2053 1187 2090 ροθ’.
1204 2052 1237 2081 Ei
1257 2051 1286 2080 δὲ
1306 2062 1373 2079 ποτε
1391 2051 1438 2079 καὶ
1452 2051 1495 2079 ἰπὶ
1517 2050 1611 2079 ἄλλων
1634 2048 1752 2087 ἀνδρῶν,
1781 2048 1911 2086 μεγάλων

1084 2098 1118 2124 τά
1132 2108 1163 2136 γε
1179 2096 1204 2124 ἰν
1227 2097 1336 2133 κόσμῳ,
1356 2097 1451 2134 καιρὸς
1474 2094 1549 2123 ἔλθοι
1575 2094 1695 2130 λαλῆσαι
1721 2093 1816 2127 αὐτὸν,
1842 2092 1916 2120 ἄλλᾶ

1084 2141 1146 2169 τότε
1173 2144 1302 2172 παντοῖος
1332 2142 1346 2168 ὁ
1375 2141 1444 2179 ἀνὴρ
1467 2140 1569 2178 γίνεται
1585 2149 1592 2154 ·
1622 2139 1667 2167 καὶ
1690 2138 1725 2165 τὰ
1747 2140 1848 2173 πρῶτα
1876 2137 1916 2176 ἐφ’

1087 2186 1178 2213 ἰκανὸν
1207 2187 1330 2223 σιγήσας,
1359 2185 1397 2216 ὡς
1437 2184 1494 2212 οὐδ’
1533 2184 1563 2212 ἄν
1598 2182 1770 2221 Πυθαγόρας,
1800 2182 1848 2209 καὶ
1887 2181 1912 2209 ἂν

1072 2227 1202 2267 ίτοιούτῳ
1228 2231 1352 2268 σχήματι
1377 2229 1408 2258 τὸ
1437 2229 1504 2268 βαθὺ
1528 2232 1578 2264 τῆς
1594 2229 1693 2267 ἀρετῆς
1709 2225 1912 2263 ἐνδειξάμενος,

1085 2275 1130 2302 καὶ
1146 2275 1260 2312 σιγηλὸν
1285 2275 1377 2302 δαυτὸν
1402 2274 1564 2313 παραφήνας
1582 2273 1672 2310 ἥρωα,
1696 2272 1711 2300 ’ὸ
1737 2271 1772 2306 δὴ
1792 2271 1914 2308 λέγεται,

1087 2319 1142 2347 εἶτα
1169 2319 1214 2347 καί
1237 2330 1264 2347 τι
1291 2319 1389 2348 λεπτὸν
1421 2317 1578 2353 ὑπολαλῶν,
1607 2317 1644 2349 ὡς
1670 2316 1694 2344 ei
1716 2316 1764 2344 καὶ
1789 2315 1913 2352 νυκτερὶς

1087 2363 1184 2402 ἕτριζε,
1200 2364 1246 2392 καὶ
1261 2365 1292 2392 τὸ
1316 2361 1393 2391 ἔνδον
1421 2363 1519 2400 σεμνὸν
1544 2362 1705 2400 ὑπογρύζων
1731 2359 1773 2397 τῷ
1792 2359 1912 2395 τοιούτῳ

1085 2411 1204 2447 τρισμῷ,
1234 2409 1378 2447 ἀφηγεῖται
1417 2407 1451 2435 τὰ
1485 2407 1544 2435 καθ’
1573 2407 1680 2441 ἑαυτὸν,
1708 2405 1754 2433 καὶ
1783 2404 1852 2432 αὐτὰ
1881 2403 1912 2431 οὐ

1084 2453 1138 2490 πρὸ
1160 2456 1210 2487 τῆς
1232 2452 1331 2489 κουρὰς
1357 2451 1455 2490 (ἐκεῖνα
1477 2451 1529 2489 γὰρ
1553 2451 1591 2482 ὡς
1616 2450 1642 2478 ἐν
1667 2448 1821 2487 μυστηρίου
1837 2447 1912 2484 λόγῳ

1085 2497 1222 2536 ἀκέκφορα
1251 2496 1366 2534 μένοντα
1397 2497 1459 2533 σιγῇ
1497 2498 1627 2532 τιμᾶσθαι
1659 2493 1812 2532 βούλεται),
1842 2490 1914 2536 ἀλλὰ

1087 2535 1161 2578 μετὰν
1176 2541 1225 2575 τὴν
1247 2540 1399 2578 ἀπόθριξιν,
1430 2540 1467 2571 ὡς
1491 2538 1635 2567 δουλεύσοι
1666 2539 1714 2575 μὶν
1730 2537 1801 2575 ἁγίῳ
1816 2535 1911 2572 Πατρὶ,

1086 2586 1225 2623 σεμνύνων
1248 2585 1349 2614 ἐκεῖνον
1380 2585 1476 2612 ἑαυτοῦ
1504 2584 1585 2623 χάριν
1600 2594 1607 2600 ·
1631 2582 1678 2611 ἵνα
1699 2583 1734 2619 τῇ
1747 2581 1849 2613 ἐκεῖθεν
1865 2579 1911 2615 δῆ-

1087 2635 1130 2662 θιν
1168 2629 1309 2666 μεταδόσει
1347 2627 1442 2663 δοκοίη
1472 2628 1518 2656 καὶ
1558 2627 1638 2658 αὐτὸς
1677 2627 1841 2665 ἄγιώτατος,
1869 2625 1912 2652 οἷα

1088 2674 1206 2712 μέτοχος
1223 2684 1230 2691 ο
1247 2674 1284 2705 ὠς
1301 2673 1459 2710 θεραπεύσοι
1487 2672 1588 2699 ἰκεῖνον
1614 2671 1710 2700 διόλου
1739 2670 1844 2703 καλῶς,
1860 2668 1913 2700 ἐθέ-

1087 2717 1144 2745 λων
1169 2718 1257 2750 οὕτως
1280 2717 1368 2745 ἓαυτὶν
1394 2720 1524 2752 συστῆσαι
1549 2716 1589 2747 εἰς
1613 2715 1738 2751 ὕπακοήν
1755 2724 1763 2732 ·
1790 2713 1908 2749 ὡςὶᾶπο-

1087 2760 1214 2800 φοιϐάσοι
1231 2763 1332 2794 ἰκεῖνος
1354 2762 1368 2790 ὁ
1393 2760 1555 2794 διδάσκαλος
1576 2761 1664 2799 γέρων
1689 2759 1834 2799 προκοπὴν
1849 2757 1908 2786 τού-

1080 2818 1134 2845 -του
1151 2808 1195 2836 καὶ
1209 2807 1369 2844 τελειότητα
1393 2806 1439 2835 καὶ
1462 2807 1558 2843 τιμὴν,
1581 2807 1632 2842 τήν
1659 2816 1690 2834 τε
1713 2805 1740 2833 ἐν
1756 2804 1852 2841 κόσμῳ
1866 2802 1908 2830 καὶ

1085 2852 1135 2888 τὴν
1162 2852 1232 2881 κατὰ
1255 2853 1331 2890 Θεὸν,
1359 2850 1586 2890 προκαλούμενος
1619 2849 1670 2886 τὴν
1699 2848 1839 2888 ἆκροαίιὴν
1865 2855 1908 2876 και
