2018 3158
105 185 171 216 885

615 183 666 214 DE
688 183 935 215 EMENDANDA
957 183 1052 216 VITA
1073 183 1317 216 MONACHICA.

1760 183 1820 214 886

101 253 145 286 τῷ
173 248 252 287 λόγῳ
279 248 371 285 τούτῳ
400 248 438 280 εἷς
465 248 499 276 τὰ
528 248 594 285 ὑπὲρ
624 248 730 276 ἑαυτοῦ·
754 248 791 279 ὡς
809 248 928 280 θανόντω

993 249 1036 277 Ad
1052 249 1122 285 quid
1138 251 1327 286 proferuntur
1342 249 1464 278 ista‘IAd
1474 249 1721 278 manifestaadam
1732 257 1818 277 suam

101 293 207 321 ἐκείνου
235 293 281 321 καὶ
313 292 498 329 ἀποκαλύψεις
525 291 589 328 ἴδοι,
618 293 663 320 καὶ
691 293 813 329 θαύματα
829 292 853 320 δ’
869 293 936 321 ἐκεί-

100 349 149 365 νου
177 339 289 374 ποιήσοι
322 338 412 369 αὐτός·
445 337 484 368 είς
513 337 539 364 τί
566 337 610 364 καὶ
638 340 722 365 ταῦτα
745 337 933 376 παραλαλῶν;

98 382 150 414 Εἰς
173 381 285 418 ἔνδειξιν
301 386 351 417 τῆς
375 382 433 410 κατ’
457 381 537 409 αὐτὸν
555 385 726 419 θεωρητικῆς
739 393 769 410 τε
790 382 836 409 καὶ
863 392 933 420 πρα-

100 430 210 462 κτικῆς,
238 427 264 461 ὁ,
293 425 320 454 ei’
347 437 373 454 τι
401 427 458 464 χρή
488 425 576 457 οὕτως
606 425 749 463 ὀνομάσαι,
780 425 933 462 οὐδέτερος,

100 471 146 499 οἶα
174 472 219 499 καί
249 470 333 510 λόγου
348 471 446 502 παντὸς
461 470 506 498 καὶ
536 470 617 509 ἔργου
648 470 797 498 σπουδαίου
822 471 933 507 ἀπείρα-

99 526 159 547 τος.
189 516 254 544 Εἶτα
282 515 412 554 προφέρει
440 515 454 542 ό
483 515 619 552 πάντιμος
643 516 688 543 καὶ
718 514 863 553 προεδρίας
887 514 932 542 καὶ

106 560 189 596 τιμὰς
218 560 256 592 εἷς
286 560 378 588 ἑαυτὸν
398 559 552 598 βασιλικὰς,
568 560 780 598 πατριαρχικὰς,
795 559 971 597 ἀρχοντικὰς,

139 606 192 644 ρπ“.
209 606 272 633 Ὅτε
288 603 316 632 δὶ
330 607 414 632 ταῦτα
430 604 485 643 ἐρεῖ
510 605 578 643 πρὸς
608 602 756 643 ἁϐρότητα,
779 605 822 632 καὶ
853 604 932 641 νομί-

102 659 140 681 ςει
171 649 289 688 ἐφολκὸς
319 650 385 677 εἶναι
412 652 452 686 τῷ
482 650 658 687 ἀκροωμένῳ,
688 650 731 677 καὶ
750 648 932 687 ὑπαγαγέσθαι

99 692 157 730 ἤδη
190 693 282 729 αὐτὸν,
321 694 442 730 ἐτίθησιν
481 695 499 729 ἢ
526 693 664 732 πτωχείαν
689 695 739 727 τῆς
773 697 859 731 μονῆς
888 693 932 721 ἐπὶ

100 741 285 777 χρηματιστῷ
309 737 483 770 ἐπαιτοῦντος
519 737 597 774 δίκην
616 761 623 774 ,
650 738 668 773 ἢ
692 738 856 776 κατηγορίαν
887 736 931 765 ἐπί

99 793 165 818 τινι,
195 784 232 816 ὡς
261 781 363 811 ἀδικεῖν
394 782 527 812 δοκοῦντι.
561 783 609 812 Καὶ
635 784 649 812 ὁ
672 782 771 810 ἀδικῶν
794 782 895 813 ἐκεῖνος
911 781 929 816 ἢ

101 827 246 866 ἀρχιερεύς
289 827 382 864 ἐστιν,
428 828 560 865 ἀσώματα
606 827 858 867 βλασφημούμενος
898 826 932 854 τὰ

100 871 202 907 πλείω,
229 871 247 907 ἢ
278 871 450 908 πλησιαστῆς
485 873 639 910 ἐνσώματον
671 873 773 910 μέμψιν
805 872 928 909 πάσχων·

990 294 1128 322 virtutem
1145 295 1334 323 theoreticam
1345 303 1378 322 ac
1394 293 1566 330 practicam,
1579 293 1629 330 qui
1646 296 1750 321 neuter
1763 295 1818 327 est,

991 339 1015 366 si
1033 339 1089 367 isto
1107 340 1226 367 nomine
1242 340 1384 368 utendum
1400 341 1454 374 est,
1472 340 1571 374 utpote
1591 338 1701 366 nullius
1727 338 1819 366 scien-

989 384 1036 411 tias
1048 387 1076 411 et
1092 384 1188 419 operis
1199 393 1289 420 capax
1298 387 1352 412 est.
1372 384 1501 419 Denique
1512 383 1621 419 profert
1650 382 1699 410 ille
1725 382 1817 410 maxi-

990 435 1037 455 me
1049 428 1239 456 honorandus
1248 429 1416 465 dignitates,
1433 430 1462 456 et
1472 428 1598 456 honores
1611 427 1646 455 ad
1663 435 1694 455 se
1709 435 1725 454 a
1741 427 1816 462 regi-

988 473 1056 508 bus,
1074 473 1250 509 patriarchis
1265 476 1293 501 et
1307 473 1433 501 ducibus
1454 472 1630 507 cumulatus,
1661 473 1694 499 ut
1722 471 1757 499 de
1780 471 1817 499 iis

987 516 1126 545 laudetur
1141 520 1169 545 et
1184 518 1334 545 timeatur.

1000 559 1194 598 φιλενδεικτῶν
1210 562 1265 598 ἅμα
1281 561 1306 589 ἰν
1321 561 1432 592 τούτοις
1445 561 1490 588 καὶ
1507 558 1641 600 ὶκφοϐὦν.

1025 607 1086 634 180.
1111 607 1177 639 Qum
1206 616 1273 635 cum
1300 607 1407 635 dixerit
1429 607 1463 634 ad
1492 606 1735 642 superbiendum,
1767 604 1818 633 ubi

987 654 1088 679 censet
1102 652 1268 680 audﬂorem
1295 651 1468 684 demulceri,
1495 652 1523 679 et
1547 649 1673 678 docilem
1703 650 1814 677 factum

986 704 1060 730 esse,
1079 700 1149 724 tunc
1165 697 1316 724 miseriam
1342 695 1514 724 monasterii
1543 694 1671 730 exponit,
1702 694 1814 721 bonum

986 741 1135 775 quoddam
1147 742 1354 777 apud‘judiccs
1376 739 1546 776 repetentis,
1577 741 1628 767 aut
1654 737 1813 774 quemdam

985 785 1101 822 injurize
1117 795 1199 814 reum
1215 786 1392 814 accusantis.
1405 786 1459 817 Qui
1471 785 1613 820 injustas,
1640 785 1690 810 aut
1714 781 1814 818 ponti-

985 830 1030 858 l'ex
1045 834 1090 859 est
1105 830 1258 867 impetitus
1274 831 1448 867 plerumque
1460 832 1543 857 extra
1558 835 1675 863 corpus,
1705 828 1757 854 aut
1771 825 1814 853 vi-

985 875 1069 903 cinus
1092 875 1258 912 corporales
1285 874 1420 911 querelas
1454 873 1589 910 pariens.
1618 870 1670 899 Ille
1693 870 1812 907 quidem

101 917 204 948 ἐκεῖνος
234 917 293 954 μὶν,
321 918 362 945 ὅτι
380 917 551 956 δύσχρηετός
576 917 646 945 ἐστιν
676 917 760 953 αὐτῷ,
781 917 827 944 καὶ
842 916 928 944 πολυ-

985 928 1017 947 eo
1030 920 1107 955 quod
1119 919 1212 947 durus
1227 919 1265 948 sit
1281 919 1348 955 ipsi,
1372 919 1400 946 in
1415 918 1558 954 exigendo
1574 916 1696 949 nimius,
1713 915 1811 943 curio-

99 960 243 999 πράγμων⁷
273 960 318 988 καί
347 961 523 997 ἐξεταστικὸς,
546 961 592 989 καὶ
614 961 714 994 ἐθέλων
738 960 853 990 ἐκδικεῖν
883 961 926 989 ἰπὶ

99 1005 188 1033 πάντα
208 1006 241 1033 τὰ
270 1005 474 1043 ἒπέτηδεύματα
503 1006 594 1040 αὐτοῦ,
621 1006 665 1034 καί
689 1006 808 1034 κανόνων
834 1005 927 1043 ψηλα-

103 1050 205 1088 φητὴς,
231 1049 288 1084 καὶ,
308 1050 339 1078 τὸ
354 1053 404 1078 πᾶν
422 1050 517 1085 εἰπεῖν,
541 1051 590 1078 οὐκ
613 1051 700 1088 ἀφιεὶς
730 1050 808 1078 αὐτὸν
838 1053 925 1078 ποιεῖν

101 1093 298 1132 ἀπραγμόνως,
315 1094 402 1122 ὁπόσα
418 1094 556 1132 βούλεται.
573 1095 621 1123 Καὶ
638 1094 683 1123 διὰ
693 1097 777 1123 ταῦτα
793 1095 841 1132 μὶν
859 1094 926 1133 βλα-

101 1140 250 1177 σφημεῖται
267 1139 281 1166 ὸ
298 1139 450 1178 ἀρχιερεύς.
466 1142 496 1168 Ὁ
520 1138 548 1167 δὶ
572 1139 743 1175 πλησιάζων,
769 1139 810 1167 δτι
834 1141 927 1177 κτήμα

101 1179 175 1220 ἔχων
191 1184 390 1220 παρακείμενον
405 1186 465 1216 τοῖς
481 1187 710 1222 μοναστηριακοῖς
726 1184 818 1220 (λήϊόν
833 1195 859 1212 τι
884 1185 925 1212 θε-

99 1226 162 1253 τέον
179 1227 276 1262 είπεῖν,
292 1227 310 1262 ἢ
327 1227 392 1256 ὅλον
408 1227 529 1266 ἀγρίδιον
544 1229 561 1263 ἢ
577 1228 728 1267 παραρῤἑον
748 1228 833 1266 ὕδωρ,
848 1228 871 1256 δ’
895 1229 926 1256 οὗ

101 1269 149 1297 καί
167 1270 296 1306 κηπεόσει
319 1282 372 1306 τις,
397 1272 442 1299 καὶ
462 1272 557 1300 ἀλετὸν
582 1272 744 1311 ἀπαρτίσει),
763 1272 846 1310 βαρύς
871 1272 926 1300 ἐστι

100 1313 137 1352 τῇ
153 1314 223 1352 μονῇ
251 1315 397 1354 πενομένῃ·
422 1316 467 1344 καὶ
492 1315 553 1344 οὔτε
572 1316 720 1349 ἀποδόσθαι
736 1316 800 1345 αὐτὸ
829 1316 925 1352 ἆθέλει,

101 1361 142 1396 τῷ
165 1360 245 1388 παντὶ
278 1359 306 1388 δὲ
330 1360 413 1389 πλέον
441 1360 503 1388 οὐδὶ
529 1361 764 1400 ἀποχαρίσασθαι.
790 1362 839 1389 Καὶ
868 1364 926 1394 τοῖς

102 1402 232 1442 ἀδελφοῖς
247 1403 276 1432 δὲ
288 1405 416 1444 φορτικὸς
444 1404 561 1444 ἔγκειται
587 1406 612 1434 εἷ’
638 1417 665 1434 τι
690 1406 842 1442 λαλήσουσι
858 1406 926 1444 πρὸς

101 1448 196 1477 αὐτόν.
226 1450 274 1476 Καὶ
298 1452 383 1477 ταῦτα
406 1450 500 1486 εἰπὼν,
525 1451 569 1478 καί
593 1461 646 1478 που
675 1451 761 1488 εὑρὼν
790 1450 926 1486 ἀπλοϊκὴν

103 1493 252 1533 θεοφιλίαν,
271 1494 385 1532 βλάπτει
399 1495 552 1532 ἑκατέρους,
567 1495 613 1523 τόν
634 1506 664 1524 τι
689 1495 806 1524 ἑλεεινὸν
830 1495 927 1534 ἀρχιε-

104 1536 162 1575 ρέα,
177 1538 221 1566 καὶ
237 1539 282 1566 τὸν
297 1539 422 1566 ταπεινὸν
438 1538 635 1577 ὰγχιτὲρμονα.

139 1586 209 1620 ρπα’.
227 1583 276 1610 Καὶ
303 1585 397 1610 τοῦτον
427 1584 475 1620 μὲν
505 1583 579 1615 ὅπως
605 1583 762 1619 διατίθεται,
791 1583 928 1621 περιττὸν,

99 1626 146 1654 καί
175 1626 263 1664 λέγειν
295 1626 452 1663 διεξοδικῶς
470 1639 476 1646 ’
507 1628 591 1656 ἐκεῖνο
621 1627 650 1656 δὶ
675 1629 719 1656 καὶ
759 1629 841 1665 μόνον
868 1627 928 1666 ἄρτι

100 1669 253 1709 λογιστέον,
283 1672 325 1699 ὅτι
354 1671 412 1700 οὐδ’
440 1672 470 1700 ἂν
499 1673 588 1708 ὶθνική
617 1672 777 1711 καταδρομὴ
805 1675 854 1700 τοῦ
873 1683 931 1711 γει-

97 1717 228 1747 τνιῶντος
269 1719 388 1744 τοσαῦτα
422 1717 637 1755 καταπράξηται,
678 1718 766 1745 ὁπόσα
801 1718 826 1745 οἳ
862 1717 931 1756 ὶεροὶ

101 1760 229 1799 Πατὲρες.
245 1761 276 1790 Ὀ
292 1760 320 1788 δὲ
333 1761 478 1800 ἀρχιερεὺς
494 1779 530 1784 -
543 1762 616 1790 ἀλλᾶα⁴
630 1765 709 1790 ποῖον
728 1762 775 1800 μὲν
803 1761 884 1794 αὐτὸς
899 1761 930 1790 οὖ

104 1803 212 1843 βλέπειν
233 1805 314 1843 βέλος
344 1807 524 1844 ἡγουμινικὸν
562 1807 709 1844 πετόμενον
745 1810 801 1834 κατ’
827 1806 929 1842 adrui;

100 1851 181 1876 ποῖον
199 1848 227 1876 δὲ
242 1849 328 1877 ὅπλον
354 1850 512 1889 ἐγχὲμαχον
539 1851 593 1890 οὐχ
621 1851 749 1888 ὑπομίνει
778 1851 930 1890 καταφερό-

99 1903 199 1930 μενον;
215 1894 296 1932 βέλος
310 1895 369 1931 (τὴν
388 1893 544 1933 διαϐολὴν),
562 1896 698 1934 φαρμάκῳ
715 1895 796 1932 δεινῴ
817 1906 928 1934 κεχρισ-

101 1938 194 1975 μένον,
209 1941 243 1976 τῇ
268 1940 439 1976 πιθανότητι’
463 1940 549 1969 ὅπλον
574 1941 696 1976 πλῆττον
721 1940 750 1968 ἐκ
763 1943 818 1968 τῶν
847 1941 928 1979 ἐγγυ-

99 1988 155 2019 θεν,
168 1984 218 2018 τὴν
234 1984 301 2011 κατὰ
315 1984 462 2021 πρόσωπον
479 1983 625 2020 ἀναίδειαν,
642 1985 702 2013 καθ’
717 1985 734 2020 ἦ
750 1985 764 2012 ὁ
791 1985 841 2019 τὴν
866 1984 926 2023 ἰχε-

102 2027 199 2065 μυθίαν
213 2026 412 2065 πλαττόμενος,
437 2030 451 2057 ὁ
475 2030 646 2068 ήσυχαστής,
667 2029 681 2056 ὁ
708 2029 926 2067 πυθαγορίζωνὸ

100 2071 227 2110 σιγηλὸς,
243 2073 391 2111 πρόσωπον
407 2074 462 2110 ἅμα
476 2074 520 2101 καὶ
537 2075 628 2112 φωνὴν
645 2074 749 2111 πόρνης
770 2071 926 2106 ἀναλαϐὼν,

99 2116 147 2145 καὶ
163 2117 199 2148 ὡς
215 2118 271 2144 οἷον
283 2117 368 2149 αὐλὸς
382 2117 490 2154 δαίμονι
507 2117 694 2155 ἐμπνευσθεῖς,
710 2117 879 2155 καταψάλλει
894 2118 927 2145 τὰ

101 2162 141 2198 μὴ
156 2164 338 2199 προσήκοντα,
354 2164 400 2191 καὶ
413 2163 482 2192 αὐτὰ
495 2163 525 2191 οὐ
542 2163 640 2192 λαϊκοῦ
660 2174 734 2195 τινος
748 2163 927 2191 ἆπισκοπικοῦ

98 2206 118 2241 ἢ
133 2209 181 2234 τοῦ
195 2207 328 2245 τυχόντος
351 2208 425 2246 ἱεροῦ
450 2207 556 2246 ἀνδρὸς,
587 2207 650 2236 ἀλλ’
670 2208 752 2236 αὐτοῦ
776 2210 824 2236 τοῦ
853 2207 927 2235 ima-

98 2250 197 2286 κόπου,
225 2251 460 2291 φιλοτιμούμενος
491 2251 602 2280 ἐνταῦθα
629 2252 674 2280 καί
701 2253 733 2281 τὸ
760 2252 924 2292 ιῦρύφωνον.

983 972 1045 998 sus,
1061 964 1237 992 contendere
1252 963 1353 992 volens
1369 964 1404 991 de
1420 962 1559 991 omnibus
1583 960 1700 994 ofﬁciis,
1725 967 1811 987 cano-

982 1017 1053 1036 num
1066 1012 1222 1044 scrutator,
1238 1008 1306 1043 et,si
1323 1008 1493 1036 universum
1509 1005 1668 1033 dicendum
1683 1006 1739 1039 est,
1753 1012 1811 1031 non

981 1053 1083 1081 sinens
1098 1061 1165 1081 eum
1181 1060 1364 1088 quaecunque
1379 1051 1505 1080 voluerit
1529 1050 1620 1078 libere
1642 1050 1747 1076 facere.
1770 1047 1811 1076 De

980 1098 1027 1125 his
1043 1098 1173 1134 pontifex
1187 1096 1517 1125 insimulatur.Vicinus
1533 1097 1632 1122 autem
1657 1101 1689 1121 eo
1717 1093 1807 1128 quod,

980 1143 1057 1170 bono
1074 1143 1201 1178 quodam
1220 1142 1306 1178 juxta
1336 1140 1549 1169 monasterium
1579 1145 1715 1174 possesso
1742 1138 1804 1173 (aut

980 1186 1172 1214 frumentario
1187 1194 1267 1221 agro,
1284 1187 1335 1213 aut
1351 1184 1570 1221 qualicumque,
1587 1184 1638 1211 aut
1652 1190 1728 1218 aqua
1753 1181 1803 1209 de-

981 1233 1126 1263 currente,
1143 1231 1179 1258 ad
1194 1230 1378 1266 irrigandum
1406 1229 1450 1256 vel
1476 1228 1646 1256 molendum
1676 1225 1804 1261 idonea),

981 1275 1125 1311 indigenti
1141 1274 1316 1302 monasterio
1333 1273 1475 1302 molestus
1491 1273 1539 1307 sit,
1556 1279 1652 1308 neque
1678 1271 1708 1298 id
1736 1278 1804 1298 ven-

982 1320 1059 1354 dere,
1078 1321 1138 1353 aut,
1155 1319 1233 1355 qnod
1249 1319 1332 1355 pejus
1348 1321 1402 1352 est,
1419 1318 1528 1345 donare
1542 1316 1622 1344 velit.
1652 1314 1805 1343 Fratribus

982 1364 1104 1400 insuper
1113 1363 1229 1399 gravior
1238 1367 1293 1399 est,
1310 1363 1416 1398 siquid
1425 1362 1450 1390 ei
1467 1361 1622 1397 objiciunt.
1639 1361 1706 1392 Quae
1736 1366 1804 1386 cum

983 1407 1098 1441 dixerit,
1110 1410 1138 1436 et
1149 1410 1204 1436 Deo
1220 1410 1322 1442 gratus
1339 1406 1512 1442 simpliciter
1528 1405 1567 1433 sit
1582 1404 1712 1439 habitus,
1727 1403 1809 1431 laedit

983 1455 1136 1488 utrosque,
1149 1455 1178 1480 et
1188 1452 1357 1489 pontiﬁcem
1371 1451 1586 1484 miserandum,
1600 1455 1629 1477 et
1645 1456 1808 1485 pauperem

981 1505 1078 1526 vmtnu
1088 1505 1128 1524 :n.

1022 1585 1136 1614 18LHic
1152 1584 1299 1622 quomodo
1313 1592 1344 1612 se
1355 1584 1472 1618 habeat,
1485 1582 1587 1612 ordine
1601 1589 1745 1619 exponere
1759 1580 1816 1608 hu-

983 1631 1034 1666 jus
1051 1630 1104 1658 loci
1116 1638 1173 1658 non
1183 1633 1237 1658 est.
1255 1629 1338 1657 Istud
1349 1637 1442 1656 unum
1454 1630 1499 1656 est
1509 1625 1815 1661 animadvertendum,

985 1678 1070 1703 tanta
1087 1683 1244 1711 passurum
1263 1683 1319 1702 non
1331 1682 1395 1702 esse
1408 1673 1574 1710 proximum
1586 1681 1603 1700 a
1616 1672 1814 1700 barbarorum

985 1720 1166 1752 incursione,
1184 1722 1295 1755 quanta
1320 1727 1337 1747 a
1361 1718 1472 1746 sanctis
1501 1717 1649 1745 Patribus.
1681 1715 1815 1744 Pontifex

985 1765 1135 1800 quodnam
1150 1763 1240 1792 telum
1257 1772 1273 1791 a
1286 1763 1404 1799 prmlato
1420 1763 1455 1791 ad
1478 1771 1510 1790 se
1525 1761 1625 1790 volans
1639 1769 1697 1789 non
1713 1759 1813 1787 videt?

985 1810 1077 1842 Quem
1094 1809 1226 1845 gladium
1243 1808 1360 1836 eminus
1377 1807 1530 1835 ferientem
1547 1815 1604 1834 non
1621 1805 1728 1834 metuit
1743 1812 1812 1840 per—

984 1861 1142 1882 cussurum
1154 1853 1168 1881 ‘I
1182 1853 1285 1881 Telum
1301 1854 1365 1886 (seu
1382 1852 1540 1887 calumnia)
1557 1849 1673 1879 mortali
1699 1857 1810 1878 veneno

983 1898 1141 1927 intinctam
1163 1901 1218 1932 est,
1242 1897 1355 1926 scilicet
1384 1896 1663 1930 verisimilitudine;
1693 1893 1811 1930 gladius

982 1944 1101 1971 eminus
1117 1942 1225 1970 feriens
1249 1944 1294 1970 est
1319 1941 1506 1969 irreverentia
1532 1942 1600 1968 ante
1622 1939 1734 1973 oculos,
1750 1946 1809 1974 qua

983 1988 1071 2016 homo
1088 1987 1123 2015 ad
1139 1986 1291 2014 silentium
1308 1986 1496 2021 informatus,
1509 1983 1811 2021 tranquillus,Pytha-

982 2041 1059 2069 gora
1075 2031 1250 2067 discipulus,
1263 2033 1376 2064 mutus,
1396 2039 1429 2058 os
1458 2033 1486 2058 et
1514 2037 1614 2057 vocem
1644 2027 1808 2056 meretricis

983 2075 1117 2112 suscipit,
1131 2078 1159 2103 et
1174 2075 1259 2110 quasi
1275 2075 1347 2102 tibia
1362 2083 1378 2102 ει
1394 2074 1510 2102 diabolo
1525 2073 1636 2107 inﬂata,
1651 2071 1808 2107 opprobria

979 2120 1091 2157 profert
1106 2120 1244 2147 adversus
1261 2127 1317 2146 non
1329 2119 1437 2146 lai'cum
1451 2118 1582 2154 aliquem
1594 2114 1806 2153 episcopalem,

980 2173 1039 2193 non
1054 2164 1300 2200 qualemcumque
1315 2162 1466 2191 hominem
1478 2170 1608 2195 sacrum,
1624 2161 1674 2189 sed
1702 2160 1805 2188 adver-

980 2218 1032 2238 sus
1047 2210 1144 2245 ipsum
1154 2207 1502 2244 episcopum,eodemque
1517 2209 1649 2242 tempore
1663 2212 1731 2233 voce
1743 2212 1805 2232 ma-

980 2262 1038 2291 gna
1054 2253 1197 2290 superbit.
1214 2253 1245 2281 In
1262 2252 1384 2280 ecclesia
1399 2252 1579 2280 subraucum
1597 2252 1710 2287 guttur,
1734 2251 1805 2277 tunc

99 2295 151 2324 Καὶ
181 2296 196 2324 ὁ
226 2296 267 2324 ἔπ’
295 2296 442 2330 ὶκκλησιας
469 2298 610 2335 βραγχιῶν
646 2297 748 2336 λάρυγξ
777 2299 926 2333 τηνικαῦτα

985 2297 1168 2327 acutissimus
1184 2297 1327 2325 clamores
1336 2296 1483 2325 buccinat.
1501 2298 1532 2323 Et
1546 2303 1614 2323 cum
1638 2294 1716 2323 sicco
1744 2292 1805 2329 spi-

97 2339 225 2375 σαλπίζει
253 2341 300 2378 μὲν
323 2341 371 2373 τὰς
396 2342 484 2380 ἀρχὰς
499 2342 655 2381 ὀξυφωνῶν,
670 2343 735 2371 ’Ὁτε
750 2341 779 2370 δὲ
792 2342 823 2370 τὸ
840 2342 921 2380 ὑγρὸν

99 2385 296 2423 ἆπιπροσθήσει
325 2388 365 2422 τῷ
389 2387 499 2425 καθαρῷ
519 2389 568 2415 τοῦ
590 2386 759 2423 πνεύματος,
791 2386 829 2418 εἷς
856 2397 925 2424 τυμ-

100 2430 187 2458 πάνου
214 2431 377 2467 μεταπίπτει
405 2431 482 2469 βοὴν,
515 2431 571 2459 εἶτα
600 2428 758 2463 ὁποϐάσεως
784 2431 858 2469 λόγῳ
881 2430 925 2458 καὶ

100 2474 138 2506 εἰς
157 2475 290 2512 βαϋσμὸν,
319 2475 365 2502 καὶ
390 2475 440 2503 οὐκ
463 2475 581 2512 ἀνίησιν,
606 2474 659 2509 κως
677 2476 708 2504 οὗ
723 2477 740 2512 ἡ
755 2479 804 2512 τῆς
829 2475 926 2507 λαλιᾶς

102 2517 194 2550 δίοδος
211 2519 366 2558 ἀποφραγῇ.

92 2564 94 2566 Ι
138 2564 211 2603 Ρπβ’“
238 2563 287 2591 Καὶ
316 2565 440 2596 τοιοῦτος
470 2565 517 2602 μὲν
549 2565 563 2592 ὁ
589 2567 765 2602 τιμιώτατος,
795 2566 840 2593 ὅτε
860 2564 928 2593 κατὰ

101 2607 198 2646 ἀνδρὸς
230 2609 336 2646 μέμηνε
366 2609 564 2647 μελαγχολῶν·
580 2609 603 2637 εἴ
619 2609 648 2638 δέ
662 2621 728 2638 ποτε
751 2610 796 2638 καὶ
819 2610 927 2648 γυναικὶ

100 2653 168 2690 πρὸς
184 2652 324 2692 λοιδορίαν
342 2653 466 2692 ἐγχάνοι,
483 2654 634 2691 ἀλεξίκακε,
652 2659 703 2690 τῆς
723 2654 906 2692 κακοστομίας
921 2654 927 2682 ί

102 2696 245 2734 ἀνιξίκακε,
271 2702 321 2734 τῆς
338 2701 391 2726 τῶν
414 2698 586 2736 κακολογιῶν
603 2699 767 2737 ἐπιχύσεως,
795 2702 844 2727 τοῦ
871 2701 929 2726 τῶν

144 2780 209 2818 (20)Δ
230 2780 395 2818 Ἀλεξίκακε,
422 2779 564 2818 Depulsor
594 2780 751 2818 malorum,
785 2781 922 2818 pestium.

105 2816 317 2854 calamitatum,
334 2826 392 2854 quo
408 2816 526 2845 nomine
541 2817 577 2845 ab
588 2817 719 2854 antiquis
732 2817 775 2854 dii
785 2816 866 2854 boni
876 2825 927 2854 v9-

103 2853 266 2883 cabantur:
283 2851 326 2884 sic
340 2851 464 2883 Athenis
480 2855 543 2882 erat
557 2851 818 2890 statua—Apollonia
840 2851 928 2888 ἀλεει-

980 2342 1050 2371 ritui
1061 2342 1217 2370 humidum
1230 2341 1431 2375 addit,decidit
1446 2340 1476 2368 in
1491 2342 1664 2378 tympanum
1680 2337 1804 2366 surdum

981 2390 1031 2416 aut
1045 2387 1170 2415 inferius
1185 2387 1222 2414 ad
1238 2386 1378 2414 latratum
1392 2394 1399 2414 :
1416 2393 1469 2414 nec
1481 2386 1586 2419 cessat,
1597 2385 1688 2412 donec
1703 2390 1804 2419 garru-

979 2432 1071 2461 litatis
1086 2432 1190 2461 semita
1205 2431 1399 2460 rescindatar.

1019 2567 1079 2594 182.
1095 2565 1174 2594 Talis
1190 2567 1235 2594 est
1246 2566 1346 2593 noster
1359 2563 1598 2598 laudatissimus,
1615 2570 1682 2591 cum
1704 2562 1807 2591 adver-

983 2619 1035 2639 sus
1050 2611 1199 2639 hominem
1225 2610 1378 2638 atrabilem
1408 2609 1536 2637 furorem
1566 2608 1635 2636 edit.
1655 2607 1808 2636 Mulierem

982 2663 1050 2683 vero
1066 2655 1090 2683 si
1106 2655 1224 2691 quando
1240 2654 1358 2690 injurtis
1373 2653 1500 2690 impetit,
1521 2662 1537 2682 ο
1553 2652 1693 2689 depulsor
1714 2650 1805 2679 malo-

983 2708 1049 2728 rum
1065 2701 1168 2736 (20),os
1184 2700 1346 2736 pessimum
1359 2698 1365 2726 ί
1379 2707 1395 2727 0
1406 2698 1705 2736 patientia,diluvium
1717 2694 1808 2723 malo~

982 2780 1079 2808 κάκου.
1095 2779 1258 2816 Ἀνεξίκακε,
1273 2779 1413 2816 tolerans,
1441 2779 1554 2814 patiens
1572 2774 1804 2816 malorum.Non

982 2817 1048 2845 novi
1065 2816 1119 2844 hoc
1134 2802 1382 2845 namine’v‘o'catiis
1395 2802 1560 2849 deorsati'osw;
1571 2812 1746 2844 Eustathius
1756 2819 1807 2840 au-

981 2854 1042 2882 tem
1057 2854 1137 2881 amat
1151 2861 1201 2882 eas
1215 2860 1300 2881 voces
1315 2851 1404 2881 simul
1417 2851 1553 2888 jungere.
