2002 3158
119 186 177 218 889

625 187 676 218 DE
697 187 945 219 EMENDANDA
966 187 1060 220 VITA
1081 188 1322 221 MONAGHICA.

1763 191 1823 221 890

120 251 292 288 καινοτόμος.
309 250 444 280 Ἐκκλείιι
458 251 556 284 αὐτοὺς
568 253 677 280 καὶτοῦ
700 253 799 281 ilic-toi}
822 254 836 281 6
859 263 944 292 προσ-

1006 255 1128 290 capiant,
1144 255 1286 284 malitiam
1302 264 1386 284 suam
1403 258 1524 290 exercet,
1543 256 1650 292 quibus
1677 264 1751 292 opus
1766 256 1822 284 erit

122 299 193 335 φυῶς
222 297 303 335 φάναι
332 295 488 334 ἀλιτήριος.
505 300 656 335 Κακουργεῖ
683 297 729 325 καὶ
752 297 791 328 εἰς
819 296 903 336 ὕδωρ,
921 295 949 325 εἷ’

122 352 160 372 τις
186 341 211 376 ἐξ
236 340 320 368 αὐτοῦ
344 341 507 379 ψυχαγωγία
528 344 587 372 τοῖς
611 340 811 375 ἐπισκοπικοῖς,
827 343 858 370 οὗ
883 341 945 377 διή-

123 396 191 414 σςται
221 385 392 424 φλεγόμενός
413 396 479 413 ποτε
502 386 698 415 ἀκατάκαυστα.
728 386 890 426 Ὀρογλυφιῖ
918 387 944 414 ἐν

120 433 176 462 τοῖς
198 427 251 465 ἔξω
274 430 288 457 6
312 431 362 466 τὴν
388 430 507 466 ἐξουσίαν
520 430 637 467 πλατὺς,
652 431 697 459 καὶ
713 430 946 470 δυσπεριόριστος,

121 475 162 503 καὶ
178 474 209 502 οὐ
223 474 288 512 ῥᾷον
303 474 500 513 περίγραπτος.

152 528 196 556 'Ev
248 530 283 565 τῇ
335 528 459 565 συνοικίᾳ
517 530 720 568 πιριεργάζεται
785 528 946 561 κατοπτιίας

120 570 329 611 ὁπερίϐλεπτος
345 573 393 610 μὶν
406 573 441 601 τὰ
456 573 482 605 ἐς
509 573 677 612 μοχθηρίαν,
694 573 788 606 ἄλλως
817 573 846 602 δί
875 574 946 611 ἀμυ-

120 616 181 655 δρᾶς
211 617 274 648 θέας
304 616 387 653 ἄξιος.
412 618 570 655 Ἐπιτρέπει
597 617 713 655 κλοπὰς,
737 618 767 647 ἐκ
792 621 841 646 τοῦ
870 619 949 656 ἀξιω-

123 664 241 699 ματικῶς
269 661 364 700 λογίου
380 663 483 700 Ἑρμοῦ
511 663 549 694 ιὶς
577 663 623 690 τὸν
653 666 732 702 φῶρα
760 663 942 702 κατενεχθείς.

121 705 262 734 Ἐνδίδωσι
277 706 368 734 καὶτὰ
383 706 409 738 ἐς
425 704 502 746 ὕϐριν
515 707 560 735 καὶ
576 707 603 739 ἃς
618 707 727 746 πληγὰς
742 708 755 735 6
769 708 813 735 καὶ
837 708 947 745 ἐμπλή-

119 750 182 789 γδην
214 753 269 786 ζῶν
298 752 344 778 καὶ
372 749 546 790 ἰφύϐριοτος,
562 753 649 780 πάντα
677 755 764 780 ποιῶν
793 752 837 780 καὶ
862 753 946 790 ἁμιλ-

153 852 218 887 ρπε¹.
249 850 302 878 Καὶ
335 852 417 877 ταῦτα
448 850 495 887 μὶν
525 851 750 889 σωματικώτερα.
779 851 812 878 Αἱ
847 849 876 878 δὲ
899 861 950 878 κα-

119 893 150 921 τὰ
175 895 285 931 πνεῦμα
312 894 457 933 τερθρεὶαι,
482 894 527 922 καὶ
557 905 713 933 σκευωριαι,
738 895 782 923 καὶ
812 896 946 934 μηχαναὶ,

121 936 186 965 ἄλλο
216 938 300 966 κακὸν
325 937 437 974 ἐκεῖναι,
467 939 559 967 οὐκετι
593 940 662 967 κατά
703 940 848 976 σωμάτων,
875 938 948 967 ἀλλὰ

1001 300 1118 335 quando
1134 301 1268 328 ﬂammas
1284 300 1522 336 inextinguibiles
1534 301 1669 336 patietur.
1687 301 1718 328 In
1733 300 1821 328 rebus

1001 344 1241 372 externislimites
1249 345 1443 380 assignat,qui
1453 345 1617 373 facultatem
1625 345 1714 373 latam
1723 345 1821 377 habet,

1001 390 1029 415 et
1044 387 1104 423 qui,
1121 387 1292 416 indeﬁnitus
1306 397 1374 416 cum
1390 389 1439 422 sit,
1455 397 1512 416 non
1538 389 1622 417 facile
1637 389 1821 417 circumscri-

1001 431 1091 460 bitur.

1037 529 1068 558 In
1083 530 1195 559 adibus
1210 530 1297 559 homo
1326 531 1456 559 famosus
1486 533 1515 559 et
1534 531 1583 567 qui
1611 539 1658 560 res
1682 530 1824 560 obscuras

1001 575 1098 603 videre
1113 578 1251 610 meretur,
1262 575 1402 612 speculas
1427 576 1584 610 construit,
1604 576 1682 604 furta
1709 575 1825 610 tolerat,

1001 628 1036 648 ex
1050 619 1290 655 eloquentissimo
1312 620 1454 649 Mercurio
1479 620 1509 648 in
1534 621 1626 648 furem
1654 629 1824 649 conversus.

1001 665 1056 693 Sed
1074 665 1198 701 injurias
1214 674 1330 702 quoque
1346 669 1374 693 et
1388 667 1508 694 verbera
1531 666 1675 702 permittit
1689 666 1714 693 is
1730 666 1781 702 qui
1794 666 1825 694 in

1001 711 1121 746 stupore
1128 718 1161 737 ac
1167 712 1335 746 contemptu
1344 710 1577 744 vivit,etomnem
1587 710 1712 747 lapidem
1720 713 1824 744 movet,

1002 756 1035 781 ut
1045 756 1111 790 post
1119 754 1267 783 victoriam
1279 751 1482 783 formidandus
1493 757 1523 783 et
1533 755 1700 783 inaccessus
1712 755 1825 782 evadat.

71 800 75 807 '
124 795 258 833 λώμενος,
275 794 310 823 δι’
325 796 362 824 ὧν
380 797 564 835 ὑπιρτερήσας
587 796 660 825 ἔσται
685 795 801 836 φοϐερὸς
825 797 870 825 καὶ
895 796 1051 835 ἀπρόσιτος.

1039 852 1100 880 185.
1117 853 1169 880 Sed
1187 852 1248 880 haec
1264 853 1298 880 ad
1325 861 1432 889 corpus
1458 853 1556 889 potius
1577 854 1719 889 spectant.
1736 852 1827 888 Spiri-

1002 896 1094 924 tuaiia
1109 899 1207 925 autem
1220 897 1375 934 prastigia,
1391 897 1449 925 doli
1462 900 1491 926 et
1506 897 1738 925 machinationes
1749 896 1828 924 aliud

1003 941 1073 968 mali
1090 949 1183 977 genus
1200 950 1257 970 non
1269 942 1332 977 jam
1344 944 1447 970 contra
1458 951 1577 978 corpus,
1589 942 1638 969 sed
1657 944 1757 969 contra
1768 941 1830 977 Spi-

119 983 174 1010 κατ²
200 982 286 1010 αὐτοῦ
313 985 362 1011 τοῦ
391 983 525 1022 παναγίου
554 983 723 1020 Πνεύματος.
749 985 876 1013 Ὀκνοῦσι
904 984 949 1012 καὶ

1006 985 1093 1013 ritum
1111 989 1247 1014 sanctum
1277 989 1369 1022 agunt
1396 988 1426 1014 et
1445 987 1497 1023 jus
1522 986 1704 1022 pontificium
1727 993 1828 1021 aggre-

125 1027 203 1062 αότήν
228 1027 281 1061 τήν
321 1027 516 1067 ἀρχιερατικὴν
552 1027 698 1066 ἀναφοράν.
728 1029 776 1056 Καὶ
815 1027 948 1057 ὲκλαλου-

123 1072 200 1108 μὲνου
232 1073 285 1100 τοῦ
312 1072 461 1100 ἐπισκόπου
486 1072 511 1100 ἂν
525 1075 584 1104 τοῖς
600 1072 787 1110 εὖαγεστάτοις
817 1073 950 1111 μυστηρί-

125 1125 173 1151 οις,
202 1115 334 1143 ἀκούουσι
372 1117 429 1153 μὲν,
457 1118 527 1154 (πῶς
557 1118 608 1155 γὰρ
638 1116 667 1144 ἂν
695 1116 752 1152 οὕς)
778 1119 832 1145 τῶν
861 1120 950 1156 θυρῶν

125 1159 302 1198 ἀνεῳγμένων
328 1162 363 1198 τῇ
389 1160 470 1198 ἀκοῇ,
499 1161 544 1189 καὶ
579 1159 778 1200 ιίσδεχομὲνων
807 1162 950 1200 αὐτοφυῶς

126 1205 155 1233 τὸ
170 1203 355 1242 λαλούμενον,
372 1205 417 1233 ὅτε
430 1215 472 1237 τις
490 1206 528 1242 μὴ
544 1206 671 1246 κωφεύει·
689 1207 764 1238 ὅπως
781 1205 810 1234 δὲ
830 1206 950 1235 διάκειν-

126 1260 166 1277 ται
194 1250 257 1286 περὶ
287 1250 332 1277 τὸν
361 1250 525 1288 ἀναφορικὸν
546 1250 640 1289 λόγον,
657 1251 671 1278 6
686 1251 852 1289 παρατυχὼν
882 1249 950 1278 c’t'cs-

126 1304 176 1323 ται.
202 1293 238 1323 Τί
264 1293 294 1322 δὶ
321 1293 438 1330 eiectat;
467 1295 643 1332 Ἀνθρώπους
681 1294 742 1323 οὕτε
767 1298 807 1332 τῷ
835 1296 950 1332 στόματι

126 1339 207 1366 αὑτῶν
228 1337 438 1376 ἐνδιακειμὲνως
463 1339 652 1378 εὐλογοῦντας,
667 1340 713 1367 καὶ
741 1342 775 1377 τῇ
800 1339 898 1378 καρδίᾳ
922 1339 951 1368 δὶ

126 1383 344 1421 καταρωμένους,
366 1383 403 1415 ὡς
432 1383 529 1412 ἔοικεν.
555 1385 590 1412 Οἱ
615 1383 638 1412 δ’
666 1384 743 1412 αὐτοὶ
770 1384 951 1423 ἆπαρνοῦνται

126 1428 167 1455 καὶ
179 1428 228 1462 τὴν
246 1426 295 1455 διὰ
308 1426 356 1455 τοῦ
386 1427 489 1456 οἴκείου
516 1428 666 1457 ἆπισκόπου
693 1430 875 1467 χειροτονίαν.
893 1429 952 1456 Διό-

126 1481 172 1510 περ
187 1473 201 1500 ὁ
225 1471 323 1511 μέγας,
340 1473 357 1507 ἡ
373 1471 491 1512 κεφαλὴ,
506 1473 520 1501 ὁ
545 1473 622 1506 Θεὸς,
639 1471 735 1508 διῆσαν
763 1471 951 1512 προϐιϐασθῆ-

127 1526 166 1543 ναι
191 1517 273 1545 αὐτὸν
303 1516 341 1548 εἷς
371 1517 437 1554 ὕψος
469 1518 572 1556 ἱερὲως,
603 1518 741 1549 ὑποθεῖναι
772 1518 820 1554 μὶν
836 1518 886 1552 τὴν
910 1528 953 1545 κι-

128 1559 212 1599 φαλήν
242 1564 286 1598 τῷ
312 1561 432 1599 ῐθαγινεῖ
462 1562 587 1600 ἀρχιερεῖ
613 1561 748 1600 ἐξάγιστον
783 1561 878 1597 οῗέται,
908 1562 952 1589 ἀν-

129 1606 226 1643 θρώπῳ
250 1605 298 1634 καὶ
324 1608 407 1634 ταῦτα
435 1604 503 1644 ὄντι,
521 1607 692 1644 μεμαθηκότι
711 1607 759 1642 τήν
789 1609 838 1635 τοῦ
867 1606 952 1635 "veo-

129 1661 208 1704 ματρς
235 1649 353 1704 8:»?le,
366 1651 410 1679 καὶ
439 1653 617 1704 κατορςθοῦντι
640 1651 682 1704 τό·
706 1663 717 1679 ι
735 1651 841 1704 Δωριὰν
857 1649 951 1680 ἐλάϐι-
967 1670 988 1704 C

127 1704 162 1728 τε,
177 1694 280 1731 δωρεὰν
312 1694 383 1723 δότε·
399 1696 474 1724 »καὶ
502 1696 534 1724 τὸ
564 1696 722 1733 σιμωνίζειν
751 1696 791 1728 εἷς
818 1697 949 1734 τάρταρον

125 1740 237 1768 καθιέντι
267 1738 303 1768 δι’
327 1740 503 1777 ἀναθᾶματος’
521 1740 605 1778 ἑτέρῳ
629 1739 658 1768 δὲ
681 1740 777 1777 ξενικῷ
800 1741 834 1768 τά
857 1751 889 1779 γε
912 1740 950 1773 εἷς

128 1781 225 1821 ἔνορίαν
264 1781 400 1823 πρόσεισι,
429 1785 475 1812 καὶ
512 1784 585 1821 αὖτῷ
623 1784 814 1824 ἁπλουστιρῳ,
839 1785 885 1813 καὶ
914 1786 952 1818 εἰς

128 1827 249 1867 ἀφέλειαν
265 1828 452 1867 πεπλασμίνῳ
465 1828 510 1857 καὶ
526 1829 578 1866 ο”ίῳ
595 1830 633 1866 μὴ
658 1827 801 1858 ἐκϐάλλειν
826 1827 877 1866 ἔξω
904 1830 950 1858 τὸν

128 1872 246 1901 ὁπωσοῦν
262 1873 338 1910 αὐτῷ
352 1874 586 1912 προσερχόμενον·
603 1875 725 1903 ὀκνοῦντι
750 1873 779 1903 ὃὶ
801 1878 848 1903 καὶ
862 1875 951 1903 πολυ-

127 1922 315 1956 πραγμονῆσαι
339 1918 386 1946 τὸν
409 1918 496 1946 πολὺν
528 1919 661 1957 μοναχὸν,
676 1919 717 1951 τίς
743 1919 792 1954 ὣν,
819 1919 865 1947 καὶ
892 1921 951 1952 οἷος

128 1963 169 1989 καὶ
185 1963 276 1998 πόθεν,
291 1963 336 1990 καὶ
352 1962 425 1991 διατί
440 1964 508 2001 πρὸς
528 1963 609 1991 αὐτὸν
638 1963 748 2002 ἔρχεται
763 1973 770 1999 ;
788 1964 836 1992 Καὶ
866 1974 951 2000 προσ-

128 2005 207 2034 ελθὼν
236 2010 277 2044 τῷ
302 2007 419 2044 τοιούτῳ
445 2007 585 2045 ἐπισκόπῳ
613 2011 731 2046 παριστᾷ
769 2008 814 2036 καὶ
848 2019 950 2046 μαρτυ-

129 2051 214 2088 ρικοὺς
243 2050 354 2090 ἄνδρας,
369 2053 454 2090 τυχὸν
485 2052 532 2089 μὶν
562 2052 607 2080 καὶ
626 2052 725 2080 ἐκιῖθεν
743 2053 865 2090 ἀγνῶτας
894 2053 952 2080 ἐπι-

129 2097 281 2129 ακοπικούς·
298 2096 348 2124 οὐκ
376 2095 482 2128 εἷ’δότας
513 2098 573 2134 μὶν,
589 2096 810 2136 ἐγγραφομένου(
839 2096 869 2125 δὲ
895 2096 952 2125 δώ-

129 2149 178 2178 ρων
205 2140 240 2169 τὸ.
270 2141 337 2179 ὖπὶρ
356 2143 405 2169 τοῦ
437 2142 678 2179 μαρτυρουμένου·
696 2141 763 2174 ἴσως
792 2140 822 2169 δὶ
849 2141 894 2169 καὶ
922 2141 952 2170 ἐκ

127 2187 174 2219 τῆς
189 2190 286 2222 μονῆς,
302 2186 393 2223 (ποίας
409 2190 495 2223 μονῆς
509 2188 528 2224 ;)
544 2186 583 2218 εἷς
598 2187 629 2222 ἣν
657 2185 773 2219 ἄλλοθεν
799 2187 851 2214 ἀπὸ
875 2186 952 2222 ξένης

127 2227 197 2263 ἥκων
218 2233 319 2269 κουρᾶς
343 2231 357 2259 6
381 2231 544 2268 ἡγούμενος,
560 2231 605 2259 καὶ
631 2231 735 2270 βραχύν
761 2241 822 2260 τινα
850 2231 951 2269 χρόνον

130 2272 256 2312 ἐπισχὼν,
272 2275 318 2303 καὶ
348 2275 507 2308 ἀκολούθως
535 2275 709 2314 βραχυτάτην
738 2278 833 2315 πεῖραν
857 2276 952 2304 ἑαυτοῦ

131 2315 252 2352 δεδωκὼς
273 2322 332 2351 τοῖς
347 2319 488 2355 ἀδελφοῖς,
505 2323 679 2359 μαρτυρεῖται
702 2321 776 2358 παρὰ
802 2323 842 2357 τῷ
864 2319 952 2349 ἀλλο-

132 2360 205 2400 δαπῷ
233 2364 374 2401 ιπισκόπῳ
403 2364 470 2401 ὑπὲρ
497 2367 545 2392 τοῦ
573 2364 603 2392 ἐκ
622 2368 733 2402 γενετῆς
748 2364 815 2393 ὅλου
833 2364 904 2403 βίου·
923 2364 954 2392 οὗ
969 2358 993 2391 D

132 2407 207 2444 μόνον
224 2409 319 2437 ἑαυτὸν
339 2408 445 2446 ψεύδων
472 2410 486 2436 6
510 2408 672 2449 ἀδιάφορος,
685 2409 730 2438 καὶ
753 2410 800 2438 τὸν
827 2419 955 2448 χειροτο-

130 2452 253 2489 νήσαντα,
269 2454 313 2481 καῖ
337 2454 382 2482 τὸν
406 2454 474 2493 ἀμφ’
497 2454 571 2490 αὖτῷ
592 2454 708 2493 κλῆρον,
724 2454 798 2483 ἀλλὰ
820 2454 865 2483 καὶ
889 2454 955 2486 τοὺς

133 2497 264 2537 μάρτυρας
277 2498 416 2537 μοναχοὺς
432 2496 600 2528 ὑποϐάλλων
614 2502 655 2536 τῷ
679 2498 708 2527 ἐκ
736 2501 803 2528 Θιοῦ
830 2499 953 2538 κρίματι.

131 2541 177 2569 Καὶ
205 2543 276 2571 οὕτω
302 2543 513 2582 τιχνασάμινος,
539 2543 584 2572 καὶ
613 2545 663 2579 τὴν
693 2543 825 2582 ἱερατείαν
851 2543 955 2581 κλέψας

132 2585 184 2621 ἅμα
210 2588 255 2615 καὶ
281 2589 459 2626 τυραννήσας,
489 2586 730 2627 προσλαμϐάνεται
764 2588 810 2616 καὶ
839 2587 953 2624 ἄλλους,

133 2627 158 2656 ti
168 2641 215 2668 περ
241 2632 338 2668 mea,
356 2633 493 2671 μετόχους
516 2634 615 2671 ὁμοίας
635 2633 769 2671 πράξεως,
792 2633 836 2661 καὶ
860 2633 954 2661 ἐπισυ-

1005 1030 1137 1058 diuntur.
1162 1031 1208 1064 Hi,
1237 1031 1308 1058 dum
1338 1031 1485 1067 pontificis
1512 1039 1618 1058 nomen
1646 1031 1723 1058 inter
1745 1037 1830 1057 sacra

1004 1075 1144 1110 mysteria
1158 1075 1273 1109 citatur,
1289 1075 1415 1103 audiunt
1437 1075 1567 1111 quidem,
1592 1074 1681 1110 idque
1694 1081 1830 1102 necessa-

1004 1119 1066 1153 rio;
1088 1119 1185 1155 januzs
1204 1120 1281 1148 enim
1311 1122 1417 1156 apertas
1446 1119 1635 1147 audientibus
1663 1118 1774 1146 faciunt
1798 1119 1830 1145 ut

1004 1163 1141 1199 quisquis
1158 1172 1214 1192 non
1232 1164 1318 1200 plane
1333 1164 1443 1192 surdus
1458 1166 1512 1197 est,
1530 1163 1609 1191 dicta
1628 1163 1737 1191 audiat.
1754 1162 1826 1196 Quid

1004 1210 1102 1236 autem
1118 1209 1154 1236 de
1165 1216 1299 1236 sermone
1311 1208 1430 1236 relativo
1441 1207 1730 1242 sentiant,neminem
1743 1207 1828 1243 fugit.

1004 1252 1077 1284 Quid
1093 1252 1190 1281 illud?
1215 1253 1352 1281 Homines
1375 1253 1440 1281 sine
1463 1253 1552 1280 dubio
1582 1252 1692 1280 videbit
1711 1251 1761 1287 qui
1777 1259 1830 1278 nec

1005 1305 1054 1325 ore
1070 1297 1183 1325 sincero
1199 1306 1252 1326 nec
1262 1299 1348 1326 corde
1359 1298 1432 1326 bene
1447 1298 1482 1326 de
1493 1297 1530 1325 iis
1541 1295 1761 1333 loquuntur.llli
1772 1295 1830 1331 ipsi

1005 1345 1103 1370 autem
1121 1351 1241 1370 manum
1271 1342 1344 1378 ipsis
1369 1351 1385 1370 a
1414 1342 1530 1378 proprio
1554 1342 1692 1378 episcopo
1718 1339 1830 1376 imponi

1006 1386 1119 1414 nolunt.
1138 1387 1216 1414 Hanc
1232 1388 1269 1414 ob
1285 1395 1404 1414 causam
1428 1386 1556 1422 pontifex
1578 1393 1715 1421 magnus,
1732 1386 1828 1419 caput,

1006 1433 1093 1465 Deus,
1110 1431 1160 1459 ubi
1176 1431 1212 1459 ad
1242 1431 1452 1459 sacerdotalem
1470 1430 1642 1466 dignitatem
1662 1429 1830 1457 evehendus

1007 1478 1092 1509 esset,
1109 1478 1197 1511 caput
1228 1475 1356 1511 pontiﬁci
1387 1475 1516 1510 legitimo
1546 1474 1720 1502 submittere
1748 1473 1830 1500 nefas

1006 1519 1143 1554 habebat,
1167 1520 1216 1556 qui
1241 1520 1295 1547 hac
1323 1521 1352 1547 in
1369 1528 1398 1547 re
1429 1520 1516 1547 homo
1537 1521 1609 1552 erat,
1635 1519 1685 1554 qui
1701 1517 1829 1553 Spiritus

1006 1564 1101 1592 sancti
1124 1564 1234 1592 donum
1246 1564 1397 1598 didicerat,
1410 1564 1460 1599 qui
1469 1563 1735 1598 comprehendebat
1745 1561 1830 1589 illud.

1007 1619 1021 1634 «
1029 1608 1125 1636 Gratis
1131 1608 1390 1644 accepistis,gratis
1397 1608 1462 1635 date
1469 1608 1517 1641 “p
1524 1607 1574 1643 qui
1581 1606 1712 1635 simonias
1719 1606 1829 1633 crimen

1007 1652 1258 1680 anathematizans
1274 1654 1382 1680 tartaro
1407 1651 1548 1686 tradidit;
1565 1651 1615 1688 qui
1635 1650 1745 1679 externi
1769 1649 1830 1686 epi-

1007 1697 1087 1733 scopi
1098 1697 1247 1725 dimoesim
1259 1697 1321 1724 adit
1330 1696 1475 1733 simplicis
1485 1699 1514 1724 et
1523 1696 1639 1724 candidi
1651 1698 1680 1723 et
1690 1695 1740 1731 qui
1751 1695 1830 1730 ejus-

1006 1742 1085 1770 modi
1101 1742 1227 1770 advenas
1244 1750 1301 1769 non
1312 1741 1539 1777 tergiversatur;
1557 1740 1607 1776 qui
1623 1748 1680 1768 non
1695 1739 1757 1767 vult
1768 1747 1829 1766 mo-

1006 1786 1133 1814 nachum
1151 1786 1239 1814 nimis
1252 1785 1401 1813 curiosum
1417 1785 1565 1822 inquirere
1581 1784 1646 1821 quis
1662 1783 1770 1820 aliquis
1781 1783 1830 1818 sit,

1005 1831 1097 1867 cujas,
1114 1833 1143 1859 et
1156 1839 1245 1867 quam
1261 1831 1297 1859 ob
1313 1839 1374 1859 rem
1390 1830 1489 1867 ipsum
1512 1829 1640 1858 adierit?
1655 1829 1764 1858 Adiens
1779 1836 1830 1856 au-

1006 1878 1065 1904 tem
1081 1875 1123 1904 illi
1139 1876 1276 1912 episcopo
1292 1878 1380 1904 testes
1408 1875 1549 1911 producet
1563 1875 1716 1910 episcopos
1731 1873 1782 1909 qui
1798 1880 1831 1900 eo

1006 1921 1036 1948 in
1051 1921 1114 1949 loco
1128 1921 1249 1948 forsitan
1267 1920 1359 1956 ignoti
1386 1922 1456 1948 sunt
1478 1920 1529 1947 sed
1559 1919 1752 1947 nihilominus
1769 1926 1831 1945 mu-

1006 1974 1077 1993 nera
1092 1973 1144 2001 pro
1171 1964 1340 1993 testimonio
1370 1965 1538 2000 accipiunt;
1554 1966 1605 1992 aut
1632 1964 1705 1992 forte
1720 1971 1753 1991 ex
1769 1970 1832 1990 mo-

1006 2009 1135 2038 nasterio
1151 2009 1248 2045 aliquo
1274 2009 1311 2037 ab
1340 2010 1436 2037 aliena
1463 2011 1587 2037 tonsura
1615 2008 1734 2036 advenit
1755 2015 1830 2042 prte-

1005 2054 1107 2087 feclus,
1125 2053 1175 2090 qui
1199 2056 1266 2090 post
1290 2053 1475 2089 aliquantum
1503 2052 1643 2088 temporis
1663 2053 1830 2088 promptum

1006 2099 1052 2127 sui
1070 2098 1266 2134 cognoscendi
1293 2098 1432 2125 fralribus
1458 2097 1606 2133 specimen
1630 2095 1755 2128 exhibet,
1771 2097 1830 2122 tes-

1005 2143 1093 2171 tando
1107 2144 1182 2179 apud
1198 2144 1370 2170 extraneum
1382 2141 1553 2178 episcopum
1564 2141 1600 2168 de
1615 2142 1677 2169 tota
1687 2147 1741 2167 sua
1755 2139 1830 2173 vita,

1006 2187 1109 2216 fallens
1125 2195 1177 2223 per
1190 2186 1382 2215 indolentiam
1397 2188 1425 2214 et
1445 2195 1476 2214 se
1499 2188 1529 2214 et
1552 2185 1706 2213 electorem
1722 2185 1751 2212 et
1764 2191 1829 2212 om-

1005 2239 1072 2260 nem
1089 2231 1211 2265 clerum,
1228 2232 1278 2260 sed
1304 2231 1463 2259 monachos
1489 2232 1579 2259 testes
1600 2229 1713 2265 judicio
1732 2227 1830 2256 divino

1006 2276 1137 2313 subjicit.
1153 2277 1187 2304 Et
1202 2276 1244 2304 sic
1259 2276 1377 2312 quidem
1390 2275 1552 2304 sacerdotio
1563 2274 1668 2303 callide
1679 2275 1830 2308 usurpato,

1008 2321 1079 2350 alios
1110 2329 1226 2358 quoque
1253 2321 1289 2348 ad
1320 2321 1436 2349 libitum
1465 2319 1598 2348 criminis
1626 2318 1760 2347 conscios
1783 2325 1831 2345 as-

1009 2366 1112 2400 sumit,
1127 2365 1272 2402 extemplo
1296 2365 1456 2393 monachos
1470 2373 1486 2392 a
1509 2371 1597 2400 grege
1618 2371 1672 2391 suo
1687 2362 1743 2391 sibi
1763 2370 1832 2390 con-

1010 2410 1104 2440 sociat
1117 2413 1146 2438 et
1161 2410 1214 2438 hoc
1230 2410 1317 2438 modo
1327 2412 1436 2438 temere
1451 2409 1551 2443 afﬁcit,
1563 2410 1597 2436 ut
1606 2408 1730 2436 fratrum
1746 2407 1833 2436 colle-

1009 2455 1056 2492 gio
1072 2463 1130 2483 non
1148 2454 1220 2482 alios
1237 2454 1350 2482 labores
1365 2462 1398 2481 ac
1414 2456 1554 2489 sumptus
1580 2455 1728 2481 censetur.
1745 2451 1835 2485 Quale

1010 2499 1132 2535 accepit,
1147 2499 1205 2527 tale
1221 2499 1317 2527 reddit
1340 2498 1543 2527 testimonium
1568 2499 1676 2534 quibus
1690 2497 1834 2531 voluerit;

1010 2545 1141 2573 debitum
1159 2543 1358 2572 adulterinum
1371 2542 1467 2571 reddit
1476 2546 1505 2571 et
1519 2545 1656 2571 mutuum
1671 2542 1788 2571 virtutis
1797 2541 1834 2569 si-

1009 2589 1175 2617 mulacrum
1201 2589 1327 2617 exhibet.
1343 2589 1373 2616 Si
1400 2588 1504 2616 fratres
1529 2597 1578 2624 per
1607 2588 1715 2616 falsum
1731 2587 1834 2614 ludum

1009 2634 1083 2662 alios
1099 2636 1165 2670 post
1180 2633 1253 2661 alios
1265 2633 1402 2669 episcopo
1418 2633 1454 2660 ob
1470 2633 1570 2661 oculos
1586 2633 1746 2661 adducunt.

135 2675 244 2712 ράμινος
273 2677 367 2706 αὐτίκα
395 2678 434 2710 εἰς
462 2679 627 2716 παράστασιν
660 2677 801 2717 μοναχοὺς
831 2677 861 2706 ἐκ
895 2681 946 2713 τῆς
974 2679 1033 2706 κατ’
1063 2678 1143 2706 αὐτὸν
1171 2676 1301 2714 ποίμνης,
1330 2676 1375 2704 καὶ
1403 2678 1453 2714 μιᾷ
1478 2676 1564 2714 ταύτῃ
1594 2675 1650 2712 6δῷ
1678 2673 1766 2702 πλείω
1792 2673 1833 2710 ἐξ·

136 2719 227 2754 ανύσας
256 2722 328 2761 αὑτῷ
354 2722 502 2762 ἀρέσκοντα
528 2722 606 2763 ἔργα,
630 2722 676 2752 ’ίνα
705 2723 744 2761 μὴ
773 2722 819 2752 καὶ
847 2722 950 2755 κόπους
976 2721 1080 2754 ἄλλους
1105 2722 1149 2751 καὶ
1172 2720 1291 2754 δαπάνας
1319 2720 1464 2761 προξενοίη
1492 2723 1527 2759 τῇ
1553 2719 1730 2760 ἀδελφότητι.
1756 2720 1834 2758 Μαρ-

171 2855 205 2875 ⁴¹¹
218 2856 322 2890 Matth.
335 2866 366 2896 ι,
379 2859 408 2888 8.
