2002 3158
123 197 181 229 893

633 199 684 230 DE
706 198 953 230 EMENDANDA
974 198 1068 230 VITA
1091 197 1330 229 MONACHIGA.

1769 198 1829 228 894

125 262 261 300 συγκαλοῦ
291 261 329 293 ιίς
358 261 449 298 λουμα
476 263 521 290 καὶ
547 261 664 302 ἀλοιφὴν
681 262 746 294 τούς
773 274 804 291 τε
832 262 946 294 λοιποὺς

1006 262 1195 290 multitudine
1211 262 1335 297 injurias
1356 261 1486 297 pontiﬁci
1501 261 1597 290 illatas
1626 262 1734 298 expies.
1762 262 1828 290 Haec

125 306 234 344 φίλους,
251 306 296 333 καὶ
312 306 375 337 τοὺς
390 305 601 344 παροδεύοντας,
614 306 661 334 ’ἕνα
675 307 717 335 ἐπὶ
748 307 862 336 πολλῶν
892 318 950 335 τοι-

124 351 209 378 ούτων
236 350 389 388 καταλούῃς
416 351 461 378 τὸν
478 351 607 389 ἀρχιερέα
629 349 732 389 ὕϐρεσι.
750 353 803 380 Καὶ
819 351 890 380 ἔσται
907 363 949 379 σοι

123 395 187 422 αὐτὸ
217 395 363 434 καθάρσιον
400 397 492 433 ψυχῆς
521 407 550 423 τε
577 397 620 423 xxi
652 397 779 433 σώματος
805 397 950 434 λουομὲνῳ

123 439 222 477 συχνὰ,
248 439 295 467 ’ἱνα
322 439 412 478 γένοιο
438 440 564 479 καθαρός.
595 440 720 479 Ἐξάρτυε
742 441 869 480 λαμπρὰς
885 452 948 479 τρα-

122 484 218 520 πέζας,
248 483 504 523 πολυανθρώπους·
535 486 578 513 καὶ
616 488 675 517 τοῖς
705 485 783 523 ὄψοις
810 496 948 524 παραμιγ-

121 529 192 556 νύων
220 529 344 561 κατέσοιε
372 529 481 557 καὶτὸν
507 529 646 568 ἀρχιερέα,
679 530 726 558 Καὶ
757 529 828 567 μηδὲ
855 531 949 567 κορὲν-

121 571 258 607 voco,'tv1
272 572 310 605 εἷς
326 572 504 610 πολυήμερον
529 573 607 601 αὐτὸν
632 574 749 612 ταμιεύῃ
779 575 881 613 τροφὴν
903 575 949 602 καὶ

120 619 236 656 τρυφήν.
268 618 440 656 Πανηγύριζε
468 617 593 646 δαπανῶν
617 620 675 646 κατ’
699 619 794 648 αὐτοῦ.
820 620 871 652 Τίς
898 620 948 657 γάρ

120 673 163 690 σοι
178 665 233 690 τῶν
245 665 294 690 τοῦ
309 661 376 690 Θεοῦ
391 661 488 700 φειδὼ,
518 662 558 702 ἐφ’
587 663 627 694 οἷς
661 663 790 700 δαιμονᾷς
803 674 810 698 ;
827 665 949 701 Κήρυσσε

120 707 200 734 αὐτὸν
226 709 368 744 πανταχοῦ
397 711 450 744 γῆς
481 707 590 744 μιαρὸν,
618 708 663 735 καὶ
686 708 846 746 παμμίαρον
863 711 950 745 κῶμι-

119 753 176 782 κῶς
212 751 258 779 καὶ
292 752 475 789 μιαρώτατον·
513 752 558 780 ἳνα
593 752 680 783 οὕτως
710 752 840 790 ἀμίαντος
868 753 948 784 αὐτὸς

119 795 288 834 φ·›λάττοιο.·
313 796 448 833 Ψωμίζου
476 797 510 824 τὰ
537 797 596 824 κατ’
626 797 719 833 αὐτοῦ,
749 797 833 825 πίνων
864 798 946 826 οἶνον.

120 840 219 868 Ψάλλε
247 841 286 873 εἰς
311 841 402 869 αὐτόν.
433 841 573 869 Κατάπτυε
600 841 664 873 τοὺς
689 841 823 881 ἐλαφροὺς
835 842 948 874 κανόνας

119 885 203 912 αὐτοῦ
218 884 264 912 διὰ
278 886 324 913 τὸν
341 885 386 913 σὸν
405 885 488 924 βαρὺν
503 886 612 914 κανόνα.
642 887 801 924 Ιῐεριφρόνει
828 887 876 918 τὰς
901 888 947 915 αὐ-

118 929 167 957 τοῦ
189 927 377 964 διδασκαλίας,
405 930 441 957 ὧν
470 929 534 958 οὐδὲ
556 930 659 958 ἐπαΐειν
684 929 791 958 δέδοταί
807 942 859 966 σοι,
890 930 948 959 οὐδ’

119 972 149 1001 ἂν
169 972 275 1010 δοθείη.
305 975 433 1009 Εὖθέτιζε
461 974 507 1002 τὸν
540 975 621 1012 βαθὺν
651 975 772 1013 πώγωνα
800 975 838 1007 εἷς
854 974 948 1014 εὐπρέ-

118 1029 210 1053 πειαν,
241 1018 273 1046 οὗ
300 1019 345 1046 καὶ
376 1019 461 1055 μόνου
477 1019 643 1057 ἀπηώρηται
658 1020 689 1047 τὸ
711 1021 779 1048 κατά
794 1020 822 1047 σὲ
838 1021 946 1057 σεμνόν.

118 1060 274 1099 Ἐμϐάθυνε
301 1065 341 1099 τῷ
371 1067 422 1098 τῆς
450 1064 573 1103 κεφαλῆς
600 1064 772 1101 καλύμματι,
797 1065 948 1102 καθιεμὲνῳ

120 1107 206 1146 μέχρι
238 1110 340 1145 μικροῦ
362 1108 407 1135 καὶ
423 1107 461 1139 εἱς
477 1107 621 1146 ῥώθωνας·
644 1109 689 1136 καὶ
705 1109 736 1136 σὺ
764 1109 810 1146 μὶν
841 1110 947 1148 παρέμ-

1004 307 1107 335 iterata
1122 307 1191 334 lotio
1209 306 1298 334 menti
1315 308 1343 334 et
1359 306 1471 342 corpori
1488 306 1721 342 purificationem
1733 306 1824 333 dabit.

1004 352 1121 380 Mensas
1136 352 1231 379 lautas
1257 351 1476 386 multorumque
1505 351 1689 378 convivarum
1706 359 1826 386 capaces

1005 404 1118 432 appone
1134 400 1162 424 et
1178 396 1251 423 cibis
1265 395 1428 423 immistum
1449 395 1616 431 pontiﬁcem
1638 395 1768 429 comede,
1798 397 1827 423 et

1004 440 1063 468 noli
1079 441 1179 469 satiari
1197 443 1228 468 ut
1245 449 1296 476 per
1311 440 1419 468 multos
1435 440 1498 468 dies
1528 447 1562 467 ex
1591 448 1624 467 eo
1653 439 1826 468 alimentum

1004 489 1032 514 et
1046 486 1166 514 delicias
1183 486 1300 514 habeas.
1317 485 1490 513 Encomium
1511 485 1540 513 in
1567 493 1635 512 eum
1653 483 1825 520 multiplica.

1003 531 1072 562 Quae
1082 531 1160 558 enim
1176 530 1382 558 misericordiae
1404 530 1457 558 tibi
1474 530 1502 557 in
1519 538 1617 557 servos
1633 529 1693 563 Dei,
1709 529 1739 556 in
1753 537 1827 565 quos

1004 576 1181 603 dasmoniace
1197 575 1341 603 inveheris
1351 575 1484 610 ‘IUhique
1494 577 1638 602 terrarum
1649 574 1826 611 praadicaip-

1003 629 1069 648 sum
1086 619 1340 655 scelestum,valde
1356 619 1559 651 scelestum,ut
1573 627 1639 646 cum
1656 619 1768 646 comico
1784 618 1826 646 lo-

1004 665 1222 701 quar,omnium
1239 664 1530 699 sccleslissimum,ut
1546 667 1574 691 lu
1589 672 1680 699 purus
1693 672 1825 691 maneas.

1004 710 1033 737 In
1047 710 1141 737 frusta
1156 718 1221 737 eum
1236 710 1367 745 discerpe
1378 712 1406 737 et
1421 709 1521 736 vinum
1534 708 1646 736 bibe.ln
1658 715 1723 735 eum
1735 707 1825 734 dicito

1003 754 1173 782 cantilenas.
1191 754 1309 789 Propter
1323 761 1408 789 grave
1424 755 1508 780 tuum
1534 753 1639 788 jugum
1670 753 1730 779 leve
1759 751 1824 787 ejus

997 799 1105 834 jugum
1121 798 1302 826 ﬂoccifacito.
1319 798 1485 825 Doctrinam
1500 797 1564 832 ejus
1580 804 1718 832 conspue,
1736 804 1826 831 quam

1003 851 1154 879 nunquam
1171 843 1418 878 comprehendere
1434 842 1551 877 poteris.
1569 844 1606 868 Ut
1631 846 1656 868 te
1671 842 1827 868 vereantur

1002 888 1123 916 barbam
1141 888 1286 923 promitte,
1305 888 1382 915 unde
1411 887 1540 923 dignitas
1557 882 1607 914 tua
1631 885 1749 921 pendet.
1769 885 1826 912 lm-

1003 940 1134 969 mergere
1147 933 1177 960 in
1193 932 1296 968 capitis
1312 934 1479 968 tegumenta
1497 932 1530 958 ad
1549 938 1634 958 nares
1651 938 1745 965 usque
1756 930 1824 956 des-

1003 977 1186 1010 cendente,et
1197 977 1238 1004 sic
1249 977 1370 1004 ostende
1386 978 1466 1004 tuam
1484 984 1550 1003 cum
1576 977 1630 1003 Deo
1655 973 1824 1002 similitudi-

1003 1030 1081 1056 nem,
1099 1022 1200 1049 dicens
1215 1021 1240 1049 ei
1256 1021 1306 1057 qui
1318 1021 1551 1057 appropinquat:
1582 1019 1697 1047 Faciem
1727 1026 1823 1046 meam

1002 1066 1132 1099 videbis;
1150 1077 1161 1090 ι
1180 1066 1214 1093 ad
1232 1066 1309 1101 quod
1326 1065 1374 1092 ille
1389 1065 1441 1092 tibi
1458 1073 1515 1092 non
1526 1064 1653 1092 absurde
1669 1062 1826 1098 responde-

1003 1111 1062 1138 bit:
1081 1122 1095 1135 «
1110 1110 1173 1138 Non
1183 1110 1294 1137 videbit
1308 1110 1395 1138 homo
1411 1109 1515 1137 faciem
1531 1111 1624 1142 tuam,
1642 1110 1670 1135 et
1679 1107 1757 1134 vivet
1771 1107 1824 1132 η.»

117 1162 196 1191 φαινε
211 1154 252 1188 τῷ
267 1152 362 1190 τρόπῳ
377 1152 466 1190 τούτῳ
479 1153 529 1187 τήν
546 1153 615 1191 πρὸς
631 1153 695 1181 Θεὸν
711 1154 873 1190 ὁμοιότητα,
891 1154 978 1192 λέγων
993 1156 1033 1191 τῷ
1048 1153 1227 1192 ἐντρανίζοντι
1243 1154 1310 1191 πρὸς
1326 1153 1366 1188 σὲ,
1380 1153 1422 1180 ὅτι
1438 1164 1452 1179 (ι
1466 1153 1501 1180 Τὸ
1522 1151 1668 1190 πρόσωπόν
1697 1161 1750 1187 μου
1776 1150 1823 1187 ὀφ-

116 1196 231 1232 θήσεταί
247 1206 299 1224 σοι·
319 1210 330 1223 ι

117 1251 203 1270 σεται.
223 1252 238 1267 n

153 1286 224 1323 ρπθ¹.
239 1286 352 1322 Ἐρωτῶ
378 1297 406 1314 σε
427 1285 552 1323 τολμῶν,
578 1288 600 1314 ὦ
622 1288 690 1315 κατὰ
714 1287 868 1316 ἐπισκόπων
901 1288 946 1324 μὲ-

113 1341 202 1368 γιστι,
219 1330 264 1357 καὶ
290 1330 315 1357 ἐν
339 1333 398 1362 τοῖς
423 1332 483 1363 καθ’
505 1332 579 1368 ἡμᾶς
605 1329 787 1372 φοϐερώτατε,
817 1332 839 1360 εἱ
867 1333 945 1371 εὐρε-

115 1375 252 1410 θήσονται
281 1374 307 1402 ἐν
330 1378 390 1406 τοῖς
406 1375 457 1403 ὑπὸ
474 1376 502 1403 al
524 1376 569 1403 καὶ
593 1376 660 1404 κατά
684 1377 713 1405 σὲ
727 1376 857 1417 ἀδελφοῖς
885 1379 946 1408 τοῖς

115 1419 264 1450 τοσούτοις
279 1419 375 1458 ἀγαθοὶ
405 1418 478 1454 δέκα,
505 1421 537 1448 τὸ
564 1419 741 1459 Ἀϐραμιαῖον
768 1422 943 1458 πυομενικόν·

115 1463 161 1492 ἰὰν
193 1462 223 1492 δὲ
249 1465 339 1499 πέντε,
355 1464 399 1492 ἐὰν
416 1463 445 1492 δὲ
470 1468 542 1503 τρεῖς
572 1466 628 1502 ἅμα
653 1466 698 1494 καὶ
726 1466 777 1495 σοί.
809 1466 895 1495 Ἀλλὰ
918 1465 944 1493 τί

115 1508 207 1539 οῧτως
236 1509 287 1536 οὒκ
313 1509 445 1547 ἀποκρίνῃ
467 1509 507 1546 τῷ
533 1510 674 1550 ἀρχιερεῖ;
703 1511 802 1549 Ἔγωγ⁹
820 1509 865 1538 οὖν
882 1509 945 1538 οὐδὲ

112 1553 162 1581 Eva
182 1555 307 1582 τοιοῦτον
332 1554 447 1592 ἀριθμὸν
470 1554 657 1593 πληρὲστατον
670 1556 737 1583 εἶναι
762 1554 821 1583 οῖδα
834 1555 859 1583 ἐν
887 1558 945 1587 τοῖς

112 1597 274 1646 ἡμετέροις,
303 1597 679 1646 τοῖς-τῷῌὸντιἐξῳτερικοῖς.
710 1600 866 1646 Ἀγαπητὸς
891 1600 942 1638 γὰρ
958 1612 980 1646 C

111 1642 270 1681 εὑρημένος
293 1643 338 1670 καὶ
363 1643 377 1670 ὁ
400 1643 446 1681 εἴς,
462 1644 506 1672 καὶ
522 1643 595 1672 οὕτω
613 1644 706 1682 μόνος,
721 1645 765 1672 καὶ
784 1643 942 1682 μοναδικὸς,

109 1687 157 1715 καὶ
190 1688 325 1726 μοναχὸς,
342 1688 387 1715 καὶ
416 1689 549 1725 μονάζων,
565 1689 610 1717 καὶ
628 1690 763 1726 μοναστὴς
779 1689 823 1717 καὶ
839 1688 943 1717 ἐπώνυ-

111 1742 166 1769 μος
181 1733 216 1769 τῇ
234 1733 318 1769 μονῇ,
334 1733 372 1764 ὡς
393 1733 463 1770 αὐτῇ
489 1733 693 1771 παραμύνιμος,
721 1734 744 1762 εἴ
767 1734 811 1762 καὶ
833 1734 861 1762 ἐν
884 1736 942 1766 τοῖς

110 1775 355 1814 Μάγαλοπολίταις
392 1777 524 1805 ἀνάπαλίν
560 1778 615 1806 ἐστι
653 1779 699 1806 καὶ
735 1778 869 1817 ἰρωτῆσαι
897 1777 943 1806 καὶ

110 1819 241 1858 ἑξευρεῖν·
271 1821 335 1859 παρ’
363 1821 404 1854 οἷς
431 1821 586 1850 πολλοστόν
614 1833 640 1850 τι
665 1823 746 1860 μέρος
768 1824 800 1851 τὸ
831 1824 869 1860 μὴ
899 1821 943 1851 ἔκ-

109 1875 206 1904 κριτον
237 1865 264 1893 ιν
291 1866 417 1902 πολιτείᾳ
445 1869 592 1906 μοναχινῇ’
623 1869 731 1906 μήποτε
755 1867 784 1896 δὲ
813 1867 875 1896 οὐδὲ
902 1879 944 1900 τις

110 1910 149 1941 εἷς
167 1910 269 1938 ἐκεῖθεν
288 1912 320 1948 ζῇ
350 1909 596 1949 παρεξηυλημὲνην
624 1913 719 1950 βιοτὴν
747 1913 784 1944 ὡς
808 1912 943 1944 ἐπωλείας

111 1953 182 1985 υἱός·
196 1953 244 1982 ἵνα
263 1955 308 1982 καὶ
324 1954 366 1983 ἐπ’
379 1955 468 1983 αὐτῶν
485 1955 621 1994 amomum
634 1957 676 1985 τό·
693 1969 708 1983 ι(
729 1956 826 1990 Οὐδεὶς
849 1957 874 1994 ἐξ
900 1957 944 1984 αὖ-

109 2001 167 2027 τῶν
182 1998 322 2027 ἀπώλετο.
340 2010 354 2027 ι

149 2043 204 2082 pl".
227 2042 317 2071 Ἀλλὰ
341 2044 393 2082 γὰρ
423 2044 474 2082 ὀψέ
501 2055 577 2082 ποτε,
607 2047 629 2073 ὧ
653 2045 720 2074 καλὲ
745 2056 797 2083 μου
826 2044 942 2074 δέσποτα

115 2087 234 2126 (πατέρα
259 2088 310 2126 γὰρ
334 2091 492 2127 προσειπεῖν
519 2090 601 2125 ὀκνῶ,
624 2089 676 2123 ἓως
699 2089 728 2118 ἂν
753 2091 884 2129 θεωρήσω
914 2101 943 2118 σε

109 2131 330 2167 καταληπτικᾶκ
351 2133 481 2169 τοιαύτης
494 2135 713 2173 προσφωνήσεως
738 2134 841 2172 ἄξιον),
868 2133 943 2172 διορ-

112 2177 232 2212 θώθητι.
250 2177 302 2205 Καὶ
323 2179 419 2215 πρῶτα
450 2178 497 2215 μὲν
526 2176 749 2216 προσλαϐόμινος
771 2180 802 2207 τὸ
834 2180 885 2207 ὑπὸ
914 2180 943 2207 σὲ

112 2221 293 2259 εἷσαγωγικὸν
320 2221 427 2261 φῦλον,
452 2222 497 2250 καὶ
521 2222 658 2256 συνελθὼν
687 2223 725 2255 εἶς
754 2223 882 2262 ἀκρόασιν
908 2223 942 2262 (εἰ

114 2267 152 2302 μή
185 2276 242 2293 που
269 2266 319 2301 τὴν
348 2266 484 2305 ἡμετέραν
511 2267 636 2303 ἀπαξιοῖς
665 2267 786 2306 λαλιὰν),
814 2267 941 2304 ἄκουσον,

348 1196 429 1228 αὐτὸς
444 1196 474 1225 δὲ
485 1197 606 1226 ἀντείποι
623 1197 666 1232 ἂν,
682 1197 822 1236 εὐστόχως
852 1199 941 1235 οἶμαι,
965 1199 1006 1227 τό·
1034 1211 1048 1225 ‹‹
1070 1198 1107 1226 Οὐ
1134 1199 1171 1235 μὴ
1196 1197 1240 1236 ἴδῃ
1264 1197 1407 1236 ἅνθρωπος
1429 1197 1461 1225 τὸ
1476 1197 1622 1235 πρόσωπόν
1639 1206 1697 1231 σου,
1713 1194 1758 1223 καὶ
1774 1195 1822 1229 ζή-

1035 1289 1087 1316 Dic
1103 1288 1185 1323 mihi,
1201 1296 1309 1324 quaeso,
1336 1295 1441 1323 magne
1470 1286 1674 1323 episcoporum
1705 1284 1823 1313 inimice

1000 1335 1027 1361 et
1043 1333 1169 1361 maxime
1184 1332 1322 1360 terribilis
1333 1333 1410 1360 inter
1424 1340 1488 1364 nos,
1504 1333 1604 1358 utrum
1620 1331 1696 1358 inter
1705 1331 1746 1357 tot
1761 1337 1822 1357 m0-

1000 1378 1111 1406 nachos
1126 1378 1181 1406 sub
1193 1380 1221 1406 te
1237 1386 1269 1405 ac
1283 1380 1378 1405 tecum
1397 1377 1537 1413 degentes
1553 1376 1653 1403 decem
1668 1374 1822 1402 invenian-

998 1424 1048 1450 tur
1058 1422 1223 1458 justi,sicut
1237 1422 1395 1450 Abrehami
1411 1424 1552 1457 tempore,
1563 1422 1662 1448 utrum
1676 1419 1818 1454 quinque,

1000 1469 1100 1494 utrum
1113 1469 1170 1494 tres
1181 1466 1232 1494 tibi
1245 1465 1377 1494 similes?
1401 1465 1457 1492 Cur
1476 1473 1544 1500 ergo
1573 1472 1631 1491 non
1661 1463 1820 1498 respondes

999 1511 1154 1547 pontiﬁci?
1161 1511 1302 1546 Equidem
1309 1511 1398 1538 istum
1415 1518 1571 1537 numerum
1578 1508 1654 1544 apud
1663 1507 1820 1535 monachos

999 1558 1116 1583 nostros
1132 1555 1250 1591 plenum
1268 1555 1390 1582 inveniri
1407 1563 1488 1590 nego.
1509 1553 1654 1581 Gaudium
1670 1552 1748 1579 enim
1764 1554 1818 1585 est,

1000 1600 1024 1627 si
1039 1599 1176 1627 inventus
1191 1602 1236 1627 est
1251 1608 1328 1627 unus
1343 1601 1372 1626 et
1386 1599 1456 1626 adeo
1476 1598 1568 1632 solus,
1583 1597 1699 1630 unicus,
1718 1595 1820 1623 solita-

999 1644 1072 1679 rius,
1098 1646 1271 1678 monachus,
1302 1643 1368 1676 alia,
1394 1652 1410 1670 a
1437 1642 1614 1670 monasterio
1643 1641 1692 1668 ubi
1721 1641 1821 1668 manet

999 1689 1277 1722 adnominatus,etsi
1293 1688 1369 1724 apud
1381 1686 1599 1723 Megalopolitae
1609 1693 1712 1714 rursus
1728 1684 1820 1721 quaeri

998 1733 1101 1769 possit,
1118 1734 1194 1770 apud
1216 1742 1289 1770 quos
1318 1733 1441 1760 minima
1470 1740 1538 1768 pars
1566 1731 1630 1759 vitae
1654 1729 1821 1758 monasticaa

999 1778 1127 1814 ascripta
1145 1785 1189 1806 est
1217 1780 1246 1806 et
1274 1777 1374 1805 nullus
1397 1779 1494 1805 tamen
1523 1775 1612 1803 vitam
1642 1774 1820 1810 decrepitam

998 1823 1068 1851 vivit
1084 1826 1117 1851 ut
1136 1823 1214 1850 {ilius
1241 1823 1391 1859 prodigus,
1421 1822 1462 1849 ita
1491 1823 1524 1848 ut
1551 1821 1587 1848 de
1616 1819 1675 1847 illis
1705 1827 1822 1855 quoque

997 1867 1155 1904 impleatur
1170 1868 1248 1904 quod
1256 1867 1367 1895 dictum
1378 1869 1437 1895 est:
1452 1866 1568 1894 «Nemo
1584 1873 1618 1893 ex
1629 1865 1665 1892 iis
1677 1863 1820 1901 periit‘a.»

1035 2046 1094 2074 190.
1113 2046 1193 2073 Licet
1207 2053 1283 2078 sero,
1299 2044 1417 2072 domine
1433 2043 1558 2080 (Patrem
1574 2043 1652 2070 enim
1674 2044 1702 2069 te
1720 2041 1822 2077 appel-

999 2091 1058 2118 lare
1073 2090 1159 2118 taedet
1170 2089 1336 2125 usquedum
1353 2090 1380 2116 te
1398 2088 1453 2116 hoc
1466 2087 1584 2115 nomine
1599 2086 1720 2122 dignum
1740 2085 1822 2120 judi-

998 2133 1422 2170 cavero),aterigete.Etprimo
1433 2132 1552 2168 quidem
1566 2131 1664 2166 accipe
1679 2128 1821 2165 populum

998 2180 1050 2208 abs
1067 2182 1094 2207 te
1108 2179 1316 2215 gubernatum,
1332 2179 1359 2204 et
1375 2179 1479 2213 praesto
1492 2176 1528 2203 ad
1544 2174 1723 2203 audiendum
1753 2181 1821 2201 cum

998 2225 1040 2253 sis
1055 2223 1225 2259 (dummodo
1241 2230 1339 2250 vocem
1356 2229 1451 2249 meum
1467 2219 1570 2248 audire
1589 2227 1647 2247 non
1664 2217 1820 2252 fastidias).

998 2269 1067 2298 audi
1080 2276 1144 2305 qum
1160 2267 1233 2296 forte
1249 2275 1305 2294 non
1321 2265 1502 2298 docebimus,
1519 2264 1571 2292 sed
1587 2264 1616 2292 in
1645 2262 1820 2291 memoriam

113 2301 157 2338 οἶα
172 2310 204 2338 οὐ
222 2301 376 2348 διόιλὶξομιιν⁷
390 2301 459 2349 ὗμδις
484 2311 559 2347 ἴσως,
573 2301 654 2342 ἓάλλὰ
678 2301 882 2352 ἀναμνῆσομεν,
907 2301 943 2346 ὡς

1002 2314 1037 2342 iis
1052 2312 1256 2341 revocabimus
1271 2311 1322 2346 qui
1337 2318 1435 2338 rerum
1447 2309 1530 2346 gnari
1542 2309 1623 2336 sunt.

113 2354 233 2391 ιῒόότας,
247 2353 311 2383 ὄντα
326 2355 353 2383 ἐν
367 2356 488 2388 τούτοις.

149 2400 221 2439 ριιαἌ
248 2399 331 2428 οὐδέν
360 2411 386 2428 τι
407 2400 520 2436 κωλύει,
550 2400 572 2430 ὦ
598 2400 724 2442 ἀδελφοὶ,
746 2403 791 2431 καὶ
812 2403 876 2435 τοὺς
904 2402 942 2431 ἔτι

115 2445 153 2481 μὴ
193 2444 312 2476 ὶντελῶς
359 2445 614 2484 ὶσχηματισμὲνους
655 2447 844 2485 ἐξομοιοῦσθαι
885 2451 944 2480 ταῖς

113 2489 224 2527 ἀρεταῖς
239 2490 309 2527 πρὸς
324 2489 388 2521 τοὺς
412 2489 674 2530 μεγαλοσχήμονας⁶
696 2492 791 2521 καθότι
814 2493 859 2521 καὶ
884 2493 943 2521 ὅσοι

114 2533 224 2572 ἀστέρες
243 2534 296 2562 ὑπὸ
320 2535 370 2569 τὴν
393 2534 511 2570 ἀπλανῆ,
533 2536 603 2574 πρὸς
625 2537 658 2572 ἢν
683 2537 729 2565 καὶ
756 2537 820 2565 αὐτὸ
846 2537 942 2576 ὶρῥέθη

112 2579 143 2606 τὸ
162 2579 235 2616 μέγα
249 2582 347 2617 σχῆμα
364 2579 561 2616 ὀνομασθῆναι,
576 2581 645 2620 πρὸς
661 2581 767 2618 ἐκείνην
786 2582 944 2622 στρέφονται

116 2624 239 2663 στροφὴν
256 2623 394 2662 ἱκατὲραν,
418 2624 456 2656 ὡς
481 2623 679 2664 ἰπετάχθησαν.
696 2627 827 2655 Δύνανται
853 2628 944 2665 μιμή-

96 2707 98 2709 ἓ
116 2678 183 2700 σεως
196 2668 273 2706 λόγῳ
287 2669 331 2696 καὶ
347 2669 373 2696 οἱ
391 2671 627 2708 μικροσχήμονες,
638 2672 652 2699 ὁ
669 2671 716 2708 μέν
730 2682 771 2704 τις
788 2671 861 2709 ἡλίῳ
876 2683 944 2711 παρ-

117 2713 244 2747 εοικὲναι,
263 2714 276 2741 ὁ
291 2712 320 2740 δὲ
343 2713 445 2751 σελήνῃ
469 2714 677 2754 ἀφωμοιωσθαι.
704 2717 756 2745 Καὶ
772 2716 894 2748 συνόλως
909 2717 944 2745 εἶ-

116 2760 174 2785 πεῖν
190 2757 260 2796 πρὸς
274 2756 376 2786 ἐπταδα
392 2758 463 2786 θείαν
480 2758 590 2797 ἲχουσιν
617 2761 805 2798 εἷ’κοτίζεσθαι,
829 2763 944 2790 ἀντικει-

119 2801 200 2838 μένην
217 2803 251 2838 τῇ
267 2802 497 2838 νοητῶ,ἆπλανεῖ·
514 2803 567 2843 οὐχ
582 2805 652 2834 ὥστε
668 2805 796 2844 μαχιμω,
808 2807 946 2846 ἀντιφέρε-

153 2865 176 2884 ⁴²
187 2866 280 2896 Exod.
295 2874 396 2903 xum,
410 2866 457 2897 20.
471 2867 495 2886 "
508 2867 594 2899 Joan.
606 2878 676 2908 xvn,
689 2869 723 2900 12
736 2890 746 2902 .

1035 2403 1095 2431 191.
1113 2401 1190 2430 Nihil
1204 2401 1337 2437 impedit,
1353 2399 1546 2435 fratres,quin
1562 2397 1582 2425 ii
1599 2396 1649 2434 qui
1661 2396 1820 2433 perfectam

999 2449 1124 2477 formam
1141 2447 1271 2475 nondum
1293 2445 1391 2482 adepti
1405 2446 1485 2478 sunt,
1516 2450 1637 2478 magnos
1662 2440 1822 2470 monachos

998 2493 1157 2521 virtutibus
1168 2493 1293 2528 aequent,
1311 2490 1387 2518 sicut
1402 2492 1481 2517 astra
1505 2496 1622 2524 quoque
1646 2487 1714 2521 ﬁxa,
1744 2486 1822 2514 unde

998 2538 1036 2566 iis
1064 2538 1152 2566 etiam
1195 2545 1301 2565 nomen
1325 2535 1414 2569 venit,
1449 2534 1597 2570 duplicem
1627 2532 1822 2561 evolutionem

999 2583 1167 2620 perficiunt,
1183 2591 1245 2617 quas
1261 2580 1334 2617 ipsis
1363 2579 1533 2616 prmscripta
1557 2580 1611 2606 est.
1642 2575 1821 2605 Imitationis

999 2637 1068 2665 ergo
1084 2628 1213 2656 minores
1233 2625 1378 2659 monachi,
1409 2633 1486 2652 unus
1510 2623 1628 2658 quidem
1658 2621 1723 2654 soli,
1749 2620 1824 2648 alter

999 2673 1076 2702 lunte
1091 2671 1251 2701 assimilari
1269 2672 1401 2707 possunt.
1418 2669 1491 2700 Quid
1511 2669 1595 2705 plura
1609 2668 1622 2695 7
1638 2667 1710 2694 Cum
1726 2666 1822 2699 septe-

1000 2718 1081 2747 nario
1096 2716 1204 2745 cmlesti
1217 2714 1380 2751 comparari
1397 2712 1577 2749 possuntqui
1588 2710 1659 2739 coelo
1675 2707 1822 2745 spirituali

999 2763 1151 2800 oppositus
1167 2763 1221 2795 est,
1237 2768 1296 2788 non
1312 2761 1344 2787 ut
1359 2758 1493 2795 praelium
1509 2755 1672 2800 incaut,ﬁsed
1690 2755 1722 2781 ut
1735 2760 1822 2800 gene-

999 2796 1065 2837 rent
1078 2808 1231 2836 terrestres
1247 2806 1397 2834 creaturas
1411 2803 1520 2840 quibus
1531 2801 1567 2830 sd
1583 2799 1708 2828 salutem
1724 2806 1741 2826 ο,
1755 2796 1823 2833 Spi-
