2018 3158
179 182 238 212 895

565 178 778 211 EUSTATHII
800 176 1184 223 THESSALONICIEJNSIS
1206 176 1498 209 METROPOLITIE

1833 175 1891 205 896

177 246 236 274 ritu
261 246 362 273 saneto
392 244 453 272 dati
477 245 564 278 sunt;
581 245 611 272 et
640 244 682 272 sic
710 243 844 272 homines
868 242 1018 279 perfecta,

1076 246 1130 274 θαι,
1147 240 1219 269 ἀλλὰ
1242 242 1420 279 συζωογονιῗν
1444 239 1509 272 τοὺς
1533 239 1699 278 περιγιίους,
1731 239 1777 270 οἷς
1800 236 1889 273 ἔταξεν

178 290 306 322 virtutis,
336 289 422 324 cujus
450 289 618 325 symbolum
648 289 844 324 septenarius,
886 289 918 316 ut
956 287 1008 315 viri

179 336 326 371 sapientes
343 335 545 366 viderunt,eos
562 334 611 369 qui
624 335 653 362 in
664 334 771 362 swculo
781 334 1010 369 sunt,perfectos

179 380 317 408 reddunt.
336 378 661 414 Intelligendumigitur
673 378 740 406 hinc
755 381 800 406 est
809 387 859 406 eos
875 378 925 414 qui
944 386 1008 405 ma-

180 432 271 461 gnum
290 423 487 451 sacerdotium
499 423 629 451 nondum
642 422 738 459 adepti
752 426 822 451 sunt
834 423 868 450 ad
886 430 1010 458 magnos

181 469 341 497 monachos
356 467 487 502 formari,
517 467 595 496 sicut
619 467 766 503 pecudum
796 469 929 503 pastores
959 464 1012 502 qui

181 513 212 541 in
224 512 342 549 regione
357 512 444 540 fertili
461 520 571 548 pascua
586 514 732 548 quaerunt.

219 602 281 630 192.
312 601 417 629 Adsint
439 609 508 637 ergo
538 601 583 628 isti
621 600 783 629 mantellati
825 609 894 629 cum
940 602 998 628 Deo

184 647 234 682 qui
250 648 346 674 autem
363 654 412 674 eos
435 648 609 681 sequuntur,
639 645 767 680 luceant,
799 645 825 674 si
849 654 907 673 non
939 645 1017 672 inter

183 690 397 727 prima,saltem
410 690 485 718 inter
498 690 613 718 minora
624 694 704 718 astra
716 690 804 726 (quod
817 690 910 718 facere
925 698 1014 725 penes

184 743 234 763 eos
250 735 305 771 est)
322 737 354 762 ut
368 743 414 762 res
430 735 607 762 monachica:
624 735 710 770 longe
740 735 856 770 lateque
885 734 1015 770 resplen-

184 779 272 807 deant
287 779 352 806 luce
367 779 495 814 genuina
524 787 558 807 ac
587 779 805 807 conditionibus
837 779 945 814 quibus
963 787 1016 814 par

185 826 230 852 est
239 826 357 851 caeteros
369 823 500 851 alliciant
515 823 595 851 suavi
611 831 679 851 voce
693 824 730 851 “z
748 835 761 848 «
779 823 880 851 Venite
908 824 944 851 ad
961 832 1014 852 nos

184 870 213 896 et
227 867 446 895 illuminamini.
462 868 511 895 »δι
523 867 588 903 quis
597 870 694 895 autem
702 868 942 896 mantellatorum
956 867 1015 904 pla.

185 913 253 940 ncta
267 912 324 939 dici
340 914 458 939 veretur
474 920 510 940 ne
532 912 560 939 in
591 912 750 939 Saturnum
780 915 911 940 vertatur
937 912 1010 948 proli

185 965 245 985 suae
261 956 426 991 inimicum,
444 959 494 984 aut
519 965 554 984 ne
571 956 654 984 Marti
684 956 881 993 mquiparctur
896 957 1009 993 praelio-

185 1009 252 1029 rum
263 1000 398 1037 praesidi;
421 1001 446 1029 si
462 1000 642 1037 Aphroditen
659 1001 763 1028 metuit
796 1001 943 1038 Lunaeque
965 1001 1010 1029 vi-

185 1045 385 1079 cissitudines,
397 1048 426 1073 et
436 1045 461 1073 si
477 1046 611 1081 quadam
627 1045 695 1080 alia,
721 1046 796 1074 bono
820 1047 939 1082 quidem
955 1054 1010 1074 au-

189 1090 273 1126 gurio
291 1090 380 1125 diota,
410 1090 592 1127 pertimescit
620 1093 648 1118 et
677 1099 728 1126 pro
753 1090 838 1126 nugis
863 1091 960 1126 habet,
984 1090 1010 1118 ei

188 1137 290 1163 auctor
302 1143 366 1163 sum
383 1138 415 1162 ut
430 1134 484 1162 soli
501 1135 607 1162 similis
624 1134 684 1162 ﬁeri
696 1135 910 1168 studeat,unde
921 1135 1010 1163 vitam

188 1188 274 1207 suam
309 1179 448 1207 omnibus
482 1179 667 1215 perspicuam
697 1180 808 1214 reddet,
842 1188 1009 1216 supremam

189 1223 344 1251 mmuletur
354 1223 527 1259 dignitatem
544 1227 572 1251 et
587 1223 723 1251 Mercurii
739 1223 897 1259 imaginem
915 1224 1012 1259 expri-

190 1269 261 1301 mat,
290 1268 376 1302 cujus
405 1267 545 1295 beneﬁcio
574 1268 622 1295 Dei
648 1275 754 1302 corpus
767 1270 898 1303 etprazco
914 1267 1012 1295 omnia

191 1319 260 1339 cum
276 1310 388 1338 ratione
412 1313 441 1338 et
462 1311 607 1346 sapientia
641 1311 736 1344 faciet,
761 1312 888 1339 etiamisi
917 1312 1013 1348 prima

190 1355 316 1383 scientias
332 1355 475 1383 elementa
485 1363 637 1391 nunquam
656 1355 833 1383 delibaverit.

1064 284 1182 317 ἐκείνους
1198 286 1235 317 εἰς
1252 285 1388 322 σωτηρίαν
1404 285 1435 312 τὸ
1449 287 1560 321 Πνεῦμα
1574 285 1605 312 τὸ
1620 284 1706 322 ιῖἰγιον⁸
1733 283 1771 314 ὡς
1787 283 1816 310 ἂν
1843 282 1890 310 οῧ-

1063 340 1117 361 τως
1132 330 1160 357 οὶ
1183 330 1283 358 τὲλειοι
1309 331 1358 365 τὴν
1384 330 1490 368 ἀρετὴν,
1519 329 1550 356 οὗ
1577 326 1718 365 σύμϐολον
1749 329 1768 363 ἡ
1799 328 1891 362 ἓπτᾶς,

1064 375 1133 402 καθά
1156 376 1321 413 τεθεώρηται
1345 377 1403 402 τοῖς
1430 377 1536 413 σοφοῖς,
1555 375 1750 402 τελειοποιῶσι
1764 372 1830 404 τοὺς
1854 371 1893 400 ἔτι

1066 421 1114 446 τοῦ
1128 418 1256 457 βίου.Καὶ
1272 419 1344 447 οὕτω
1362 420 1409 456 μὶν
1426 418 1480 446 ἔστι
1492 415 1701 452 καταλαϐέσθαι,
1711 417 1752 445 δτι
1767 416 1895 444 Silvam-mi

1067 463 1112 492 καὶ
1139 464 1165 492 οἱ
1190 465 1274 501 μήπω
1298 466 1346 492 τοῦ
1372 462 1492 503 μεγάλου
1506 463 1647 502 γενόμενοι
1664 463 1810 501 σχήματος
1826 462 1896 498 πρὸς

1068 509 1113 536 τὸν
1131 508 1369 546 μεγαλοσχήμονα
1383 509 1541 543 τυποῦσθαι,
1557 507 1626 535 καθὰ
1639 507 1684 535 καὶ
1709 507 1736 534 οἱ
1762 507 1896 544 ζωογόνα,

1068 552 1246 590 πλανώμενοι
1261 554 1329 592 πρὸς
1343 553 1392 587 τήν
1409 550 1550 592 φερᾶσϐιον
1568 551 1687 587 ἀπλανῆ.

1104 598 1175 637 ρίιβἍ
1192 598 1244 627 Καὶ
1258 595 1376 625 ἔστωσαν
1393 598 1419 625 οἱ
1447 598 1494 635 μὲν
1512 596 1668 635 μανδυῶται
1691 597 1815 624 τοιοῦτοι
1851 594 1898 622 σὺν

1069 645 1138 679 Θεῷ’
1164 643 1190 670 οἱ
1213 642 1242 670 δὲ
1268 643 1325 680 μετ’
1350 642 1448 674 αὐτοὺς
1474 639 1675 678 ὑποϐεϐηκότες
1697 640 1896 678 λαμπὲτωσαν,

1068 688 1091 716 εἰ
1109 689 1146 725 μὴ
1161 689 1220 716 κατ’
1236 688 1365 724 ἐκείνους,
1382 687 1445 716 ἀλλ’
1460 687 1505 715 οὖν
1521 687 1590 715 κατὰ
1612 687 1646 715 τὰ
1671 686 1822 724 μικρότερα
1846 687 1898 713 τῶν

1069 733 1179 770 ἱστρίων
1208 734 1253 771 (οὗ
1281 732 1417 769 δήπουθεν
1444 733 1496 771 γὰρ
1525 732 1583 760 οὐδ’
1620 732 1699 760 αὑτοὶ
1733 730 1898 758 ἀδυνατοῦσι

1067 778 1148 806 τοῦτό
1163 779 1216 816 γε),
1242 777 1288 806 ’ίνα
1305 778 1391 809 οὕτως
1415 779 1467 805 ιῖεν
1490 777 1525 805 τὰ
1551 776 1688 815 μοναχικὶ
1707 776 1798 804 πάντα
1825 775 1898 813 πρά-

1068 833 1160 860 γματα
1175 822 1201 850 ἂν
1231 822 1379 860 ἐλλάμψει,
1407 823 1451 850 καὶ
1481 821 1660 860 περιλάμψει,
1689 821 1735 848 καὶ
1768 820 1899 858 ζωογόνῳ

1067 867 1237 902 καταστάσει,
1267 866 1464 906 ἐπιστρεφοόσῃ
1492 866 1556 899 τοὺς
1585 865 1760 904 βλὲποντας’
1794 863 1822 892 οἵ
1853 865 1896 892 καὶ

1068 910 1173 939 δοκοῖεν
1197 911 1227 939 ἂν
1258 912 1358 940 {asiam
1387 911 1493 939 ἀκούειν
1519 911 1561 939 τόθ
1591 923 1602 936 ι
1627 908 1800 948 Προσὲλθετι
1827 908 1895 945 πρὸς

1064 956 1207 993 ἠμᾶς,καὶ
1238 957 1400 996 φωτίσθητε.
1427 968 1441 982 ιι
1467 955 1499 983 Εί
1515 954 1543 983 δι
1568 965 1610 986 τις
1639 957 1692 982 τῶν
1725 952 1894 991 μανδυωτῶν

1065 1000 1139 1028 ὁκνεῖ
1158 1001 1301 1037 πλανήτης
1323 1001 1401 1037 εἶναι,
1433 1001 1538 1038 μήποεε
1565 999 1603 1031 εἷς
1634 999 1741 1038 Κρόνον
1773 998 1894 1026 ἐντεῦθεν

1064 1045 1254 1085 ἀναστραφείη,
1283 1045 1329 1073 τὸν
1353 1048 1412 1077 τοῖς
1439 1045 1543 1077 τεκνοις
1558 1044 1773 1081 ὶπιμαινόμενον
1790 1053 1797 1059 ·
1815 1042 1834 1077 ἢ
1851 1043 1893 1070 καὶ

1065 1090 1103 1121 εἷς
1131 1091 1216 1128 ’Ἃρήν
1240 1090 1420 1128 ἀποταχθείη,
1446 1089 1549 1127 μάχαις
1577 1089 1783 1117 ἐπιστατοῦντα·
1817 1087 1896 1115 εὐλα-

1065 1132 1150 1162 ϐεῖται
1180 1133 1208 1162 δὲ
1223 1134 1268 1162 καὶ
1283 1135 1314 1162 τὸ
1329 1133 1520 1174 ἐπαφρόδιτον,
1536 1135 1582 1162 καὶ
1595 1133 1626 1161 τὸ
1641 1133 1709 1161 κατὰ
1724 1133 1776 1167 τὴν
1812 1131 1896 1166 σελή-

1064 1190 1113 1214 νην
1128 1178 1313 1216 πολύτροπον,
1328 1179 1374 1207 καὶ
1399 1179 1424 1206 εἷ’
1435 1189 1496 1206 τινα
1519 1178 1623 1210 τοιαῦθ’
1646 1177 1725 1216 ’ὲτιρα
1743 1194 1775 1198 -
1793 1175 1898 1214 εὔλογα

1068 1224 1116 1260 μὶν
1148 1223 1361 1255 ὑποστέλλεσθαι
1386 1222 1480 1258 δοκοίη
1498 1221 1541 1258 ἂν,
1557 1223 1594 1254 ὡς
1610 1221 1765 1258 ἅνθρωπος·
1783 1220 1898 1255 πεπλη-

1067 1268 1256 1306 ροφορημινος
1271 1267 1310 1304 δὶ,
1339 1267 1526 1305 τερετίσματα,
1555 1268 1569 1294 ὃ
1589 1266 1622 1301 δὴ
1640 1266 1759 1305 λέγεται,
1787 1265 1833 1293 καὶ
1863 1265 1898 1292 τὰ

1065 1314 1177 1339 τοιαῦτα
1191 1313 1315 1349 νοήματα
1330 1313 1405 1347 εἶναι,
1431 1311 1507 1348 ὅμως
1530 1310 1693 1349 ἀπερειδέπω
1713 1311 1810 1338 ἑαυτὸν
1826 1309 1896 1347 πρὸς

1067 1355 1186 1392 ἡλιακὴν
1215 1357 1385 1394 ὁμοιότητα,
1414 1358 1471 1384 καθ’
1498 1357 1529 1392 ἣν
1551 1356 1714 1395 ἡμεροφαὴς
1741 1354 1817 1382 ἔσται
1843 1354 1895 1387 τὴν

192 1397 344 1426 πολιτείαν
362 1399 547 1437 ἐπιτεχνάσθω
563 1397 591 1426 δὲ
605 1399 649 1426 καὶ
663 1399 697 1427 τὰ
711 1400 779 1427 κατὰ
793 1400 838 1426 τὸν
853 1399 952 1437 ἀρχικὸ
968 1398 1109 1437 διάσεμνα,
1124 1401 1168 1428 καὶ
1180 1402 1229 1436 τὴν
1247 1400 1363 1439 ἔλλογον
1379 1401 1512 1439 ἑρμαϊκὴν
1538 1400 1670 1438 εἰκασίαν,
1697 1399 1732 1428 δι’
1761 1400 1796 1434 ἧς
1820 1401 1903 1435 σῶμα

196 1442 269 1471 ἔσται
282 1443 326 1470 καὶ
342 1443 421 1474 αὐτὸς
438 1445 504 1471 Θεοῦ
519 1443 718 1478 ἀποπολικῶς,
734 1444 779 1471 καὶ
795 1443 865 1471 οὕτω
881 1445 1022 1483 Οεοχῆρυε,
1037 1445 1083 1473 καὶ
1098 1446 1185 1473 πάντα
1199 1446 1267 1474 κατὰ
1281 1445 1363 1484 λόγον
1374 1446 1419 1474 καὶ
1435 1446 1529 1485 σοφίαν
1546 1444 1693 1481 ποιῶνριᾶν
1708 1447 1764 1472 τῶν
1780 1443 1901 1482 πρώτων

197 1487 341 1525 στοιχείων
356 1491 406 1523 τῆς
421 1491 554 1527 γραφικῆς
571 1488 724 1525 ἔπιστήμης
742 1487 782 1524 εἲίη
799 1487 938 1526 ἄγευστος.

233 1532 293 1560 193.
310 1533 357 1560 Sic
375 1533 467 1569 igitur
482 1533 553 1561 nihil
570 1533 625 1561 erit
649 1534 725 1570 quod
743 1536 875 1562 metuant
889 1534 939 1570 qui
956 1533 1018 1562 solo

1109 1534 1178 1573 plﬂ'.
1195 1534 1245 1562 Καὶ
1261 1533 1314 1562 ὧδε
1339 1535 1386 1571 μὶν
1414 1535 1455 1573 μὴν
1477 1531 1691 1562 εὖλαϐείσθωσαν
1717 1533 1743 1560 οἱ
1766 1534 1809 1568 τῷ
1835 1542 1903 1568 μαν-

194 1577 335 1605 mantello
351 1577 465 1605 loricati
481 1578 631 1606 incedunt.
651 1581 790 1607 Lucentes
805 1578 883 1606 enim
896 1578 960 1606 luce
971 1587 1017 1606 so-

1074 1577 1124 1615 δύᾳ
1137 1572 1142 1573 ⁷
1153 1579 1228 1616 μόνῳ
1255 1572 1456 1616 πνευματικῶς.
1470 1577 1702 1616 τεθωρακισμένοι
1719 1599 1726 1606 .
1766 1575 1905 1607 Ἠλιῶδις

194 1621 259 1658 lari,
276 1623 484 1650 ratiocinantes
495 1622 570 1650 sicut
583 1623 937 1656 Mercurius,ubinecesse
952 1623 1017 1657 erit,

1074 1623 1126 1662 γὰρ
1153 1615 1375 1662 προλάμποντες,
1403 1624 1448 1651 καὶ
1475 1615 1611 1662 ἕρμαῗκῶς
1640 1621 1832 1660 ἒλλογοῦντες,
1861 1619 1907 1648 ὅτε

195 1675 312 1702 semper
327 1669 423 1695 autem
432 1675 504 1694 sana
513 1667 900 1704 mentephilosophantes,et
911 1667 1020 1703 ubique

195 1719 297 1739 causas
315 1719 409 1739 rerum
427 1711 618 1747 inquirentes,
631 1714 659 1739 et
674 1711 767 1740 Verbo
782 1711 858 1748 quod
876 1712 1020 1748 principio

195 1758 275 1783 caret
289 1755 504 1788 ministrantes,
537 1764 589 1783 nec
602 1758 635 1783 ut
662 1757 807 1783 Saturnus
824 1763 910 1783 carne
931 1755 1022 1783 cruda

194 1801 359 1833 vescantur,
376 1809 428 1827 nec
444 1800 550 1828 Martia
576 1799 651 1828 bella
679 1802 779 1834 gerent
794 1808 847 1827 nec
874 1799 976 1828 Veneri
991 1807 1023 1827 se

196 1845 313 1879 dedent,
331 1853 426 1880 neque
441 1844 526 1872 aliter
543 1845 644 1872 saeculi
674 1853 769 1872 mores
785 1845 998 1880 amplectentur
1014 1865 1022 1879 ,

198 1890 250 1917 sed
265 1897 332 1916 cum
344 1891 443 1917 sancte
458 1891 486 1917 et
512 1889 617 1917 rationi
647 1890 853 1917 convenienter
878 1897 911 1917 ae
937 1889 1023 1917 modo

199 1934 320 1962 numine
338 1935 437 1963 divino
453 1936 654 1969 conveniente,
673 1934 789 1969 facient,
806 1936 835 1962 in
852 1937 1022 1963 caeterorum

199 1978 292 2006 oculis
307 1978 348 2006 dii
364 1987 428 2007 esse
441 1980 627 2014 videbuntur,
651 1982 684 2008 ut
712 1980 849 2008 Barnabas
879 1982 908 2007 et
935 1979 1024 2007 Paulo

199 2024 315 2058 accidit,
331 2033 457 2061 quorum
475 2034 567 2053 unum
581 2025 769 2059 Mercurium,
787 2025 910 2053 alterum
922 2025 1025 2054 Jovem

199 2077 264 2098 esse
280 2070 480 2099 crediderunt.
500 2070 546 2098 Sie
576 2070 675 2106 igitur,
692 2073 725 2098 ut
740 2070 880 2104 diximus,
897 2070 1026 2097 minores

201 2114 338 2143 monachi
352 2115 466 2143 lumina
477 2123 585 2151 magna
608 2117 695 2143 erunt
718 2123 792 2151 quos
807 2123 924 2143 sacrum
940 2115 1028 2142 vestit

201 2160 376 2188 mantellum
392 2160 490 2188 stricte
505 2159 670 2196 alligatum,
686 2168 739 2188 nec
753 2163 850 2188 tamen
863 2160 1027 2188 demissum

203 2205 280 2234 sicut
294 2205 417 2241 pallium
442 2205 624 2234 sacerdotale
654 2205 815 2242 symbolice
845 2207 1027 2241 exornatum,

202 2257 290 2286 quam
306 2258 352 2277 res
370 2250 535 2285 exponendi
552 2250 600 2278 hic
628 2249 711 2278 locus
740 2258 797 2278 non
833 2252 887 2278 est.
911 2250 1027 2278 Tertius

1074 1668 1144 1706 χρὴ,
1159 1668 1204 1695 καὶ
1217 1668 1248 1695 αὖ
1264 1668 1347 1696 πάλιν
1365 1669 1476 1705 ἑτέρωθι
1506 1667 1692 1707 λογιζόμενοι,
1716 1666 1763 1694 καὶ
1791 1665 1907 1696 ἑαυτοὺς

1075 1711 1176 1740 ἄλλοτε
1191 1712 1437 1751 λογοπραγοῦντις,
1452 1713 1496 1740 καὶ
1510 1714 1559 1740 τοῦ
1580 1712 1606 1740 ἐν
1630 1712 1704 1750 ἀρχῇ
1720 1709 1800 1741 ὄντος
1815 1710 1907 1747 Λόγου

1076 1755 1150 1788 ὄντες
1179 1759 1350 1795 θεράποντες,
1380 1756 1442 1785 οὔτε
1470 1758 1610 1794 Κρονικῶς
1641 1756 1907 1795 ἅιγιῖιιοιῖκιγῆιι-ουσιν²

1077 1800 1138 1829 οὕτε
1153 1802 1282 1839 Ἀρεϊκῶς
1305 1801 1557 1838 ὲκπολιμώσονται,
1583 1800 1647 1829 οὗδὶ
1666 1801 1700 1829 τὰ
1720 1800 1746 1832 ἐς
1773 1798 1908 1839 Ἀῳροδί-

1075 1856 1125 1882 την
1143 1847 1302 1884 θρύψονται,
1319 1845 1376 1874 οὐδ’
1392 1846 1420 1874 ἃν
1438 1845 1509 1874 ἄλλο
1523 1857 1550 1874 τι
1574 1845 1709 1874 πείσονται
1736 1843 1908 1882 αὐτόχρημα

1077 1890 1220 1928 κοσμικόν
1237 1890 1310 1918 ἀλλὰ
1325 1893 1432 1928 σεμνῶς
1455 1890 1664 1928 πολιτευόμινοι
1688 1889 1734 1917 καὶ
1765 1888 1907 1926 ἑλλόγως,

1077 1935 1167 1962 καὶτὸ
1193 1934 1258 1963 ὅλον
1283 1934 1368 1963 εἰπεῖν
1395 1936 1566 1974 θεοπρεπῶς,
1593 1933 1731 1972 πέμψουσι
1756 1934 1801 1961 καὶ
1828 1932 1907 1960 αὐτοὶ

1079 1978 1222 2018 φαντασίαν
1239 1982 1298 2011 τοῖς
1315 1978 1480 2017 διορατικοῖς
1493 1982 1543 2008 τοῦ
1568 1980 1635 2007 εἶναι
1661 1979 1728 2014 θεοὶ,
1756 1978 1841 2006 ὁποία
1866 1988 1909 2008 τις

1079 2023 1203 2055 καὶτοῖς
1235 2023 1366 2063 μεγάλοις
1394 2024 1544 2064 ἐπεγράφη,
1573 2026 1613 2060 τῷ
1640 2022 1767 2062 Βαρνάϐᾳ
1795 2022 1842 2050 καὶ
1869 2024 1910 2058 τῷ

1080 2068 1193 2105 Παύλῳ.
1213 2069 1265 2096 Καὶ
1281 2068 1333 2107 γάρ
1356 2079 1398 2097 τοι
1424 2070 1468 2097 καὶ
1494 2069 1592 2096 ἐκεῖνοι
1613 2071 1734 2096 τοιοῦτοι
1760 2064 1910 2106 προφαινό-

1083 2123 1168 2150 μενοι,
1185 2113 1199 2140 6
1217 2113 1263 2150 μὲν
1289 2113 1327 2144 εἰς
1352 2113 1401 2141 Δία
1425 2113 1629 2151 ἰθεωρήθησαν,
1650 2114 1664 2141 ὁ
1680 2112 1709 2141 δὲ
1724 2113 1762 2144 si:
1789 2113 1909 2149 Ἑρμῆν.

1081 2158 1133 2185 Καὶ
1164 2156 1235 2185 οὕτω
1266 2157 1323 2194 μὲν,
1349 2158 1386 2190 ὡς
1413 2156 1529 2197 ἔφαμεν,
1555 2156 1734 2196 ἀπεροειὸεἴς
1755 2155 1909 2195 μεγαλείως

1081 2200 1198 2236 ἔσονται,
1222 2203 1240 2237 ἡ
1268 2201 1294 2229 ὲν
1321 2205 1455 2240 μοναχοῒς
1480 2201 1591 2241 δευτὲρα
1613 2202 1698 2240 τάξις,
1724 2201 1771 2233 οὕς
1799 2201 1814 2228 ὁ
1836 2200 1910 2238 ἱερὸς

1082 2245 1253 2284 περιστέλλει
1270 2245 1400 2284 μανδόας,
1423 2247 1534 2286 σφιχτὸς
1557 2247 1637 2279 αὐτὸς
1661 2246 1697 2274 ὦν
1723 2243 1908 2284 ἱγκομόώμα-

203 2295 273 2322 ordo
288 2296 334 2321 est
348 2302 449 2322 eorum
466 2293 516 2330 qui
533 2303 589 2322 non
606 2294 705 2330 lorica,
721 2295 771 2322 sed
795 2295 887 2322 armis
914 2294 1018 2322 levibui

1084 2299 1135 2318 σιν⁸
1152 2291 1184 2318 οὗ
1210 2291 1263 2327 μὴν
1293 2292 1360 2318 κατὰ
1384 2292 1430 2319 τὸν
1458 2291 1648 2330 ἀρχιερατικὸν
1679 2289 1908 2327 ὃιαπετι-ταμὲνος,

202 2337 340 2366 instructi
358 2341 438 2372 sunt,
455 2347 529 2375 quos
546 2341 578 2367 ut
602 2340 717 2367 minora
732 2341 820 2374 astra,
847 2339 1027 2367 consuetudo

204 2382 346 2410 rotundos
362 2382 448 2418 fecit;
466 2383 515 2419 qui
532 2392 589 2412 non
605 2386 649 2412 est
665 2384 743 2420 quod
766 2385 906 2417 metuant,
932 2391 968 2410 ne
992 2382 1028 2410 ad

203 2426 298 2454 instar
312 2428 508 2462 quorumdam
525 2431 672 2456 astrorum
704 2427 803 2456 minus
828 2427 905 2455 bono
931 2427 1030 2454 omine

204 2472 420 2500 nominatorum
446 2473 612 2509 exemplum
643 2473 720 2501 inter
735 2472 836 2501 stellas
856 2472 927 2500 fixas
944 2472 1030 2500 melis

206 2515 347 2552 auspiciis
363 2518 451 2553 positi
478 2518 546 2546 sint.
573 2518 670 2546 Prima
698 2517 816 2553 quidem
847 2517 1029 2545 constellatio

205 2563 366 2589 Draconem
383 2564 593 2597 repraesentat;
621 2562 712 2590 altera
741 2564 899 2596 utrumque
914 2561 1029 2595 Ursum,

205 2604 298 2633 altera
323 2607 480 2642 Pegasum.
517 2606 661 2634 Cancrum
696 2605 754 2633 alia
780 2605 897 2633 nomine
924 2613 1030 2640 parum

206 2650 349 2679 laudabili
360 2651 469 2685 refert;
488 2651 561 2679 adde
575 2650 763 2687 Sagittarium
793 2650 947 2686 perniciosi
977 2658 1030 2678 no-

206 2695 306 2724 minis.
319 2695 448 2732 Ideoque
463 2696 529 2732 ipsa
545 2696 666 2724 nomina
681 2695 784 2724 odiosa
799 2695 862 2724 visa
877 2696 957 2723 sunt.
973 2694 1031 2723 Neo

206 2739 418 2776 Capricornum
431 2740 467 2769 ob
484 2748 591 2769 nomen
616 2739 786 2769 ominosum
799 2741 909 2769 amant.
924 2739 968 2768 Ab
983 2738 1031 2768 his

243 2846 267 2866 “
277 2847 356 2878 Psal.
370 2856 471 2886 mm,
485 2849 516 2877 6.

1082 2336 1126 2363 καὶ
1156 2334 1243 2366 οὕτως
1268 2334 1360 2367 ἄνετος
1382 2335 1421 2368 ei."
1443 2347 1469 2364 τι
1492 2333 1644 2373 σύμϐολον·
1668 2336 1682 2363 ’ὀ
1697 2338 1744 2363 νῦν
1761 2334 1906 2370 διεξελθεῖν

1083 2379 1205 2416 ἄκαιρον.
1230 2380 1267 2407 Τὸ
1289 2379 1319 2408 δὶ
1342 2381 1436 2418 τρίτον
1463 2380 1563 2418 τάγμα,
1589 2381 1614 2408 οἱ
1631 2381 1667 2412 ὡς
1681 2381 1739 2408 οἷον
1756 2380 1842 2407 εἰπεῖν
1871 2377 1909 2406 ἔτι

1083 2423 1264 2463 ἆθωράκιστοι
1294 2425 1340 2452 καὶ
1365 2425 1483 2462 ψιλῖται,
1510 2425 1557 2457 οὕς
1586 2425 1633 2454 καὶ
1657 2425 1696 2457 εἷς
1721 2423 1908 2463 βραγυτὲρους

1084 2468 1195 2507 ἀστέρας
1211 2469 1224 2496 ὁ
1250 2468 1334 2508 λόγος
1364 2470 1473 2507 ὑψώσας
1494 2470 1653 2510 ἐσφαίρωσε,
1681 2468 1746 2508 μηδ’
1769 2468 1847 2497 αὐτοὶ
1870 2467 1912 2495 ἔν-

1083 2515 1166 2542 ταῦΘα
1190 2511 1275 2553 φόϐου
1301 2512 1405 2550 εἴησαν·
1432 2515 1481 2551 ὡς,
1506 2514 1600 2550 ἕπειδὴ
1629 2514 1656 2542 ἐν
1682 2517 1740 2546 τοῖς
1767 2512 1910 2542 ἀπλανέσιν

1084 2558 1240 2596 ὠνόμασταί
1268 2569 1327 2586 τινα
1344 2562 1398 2587 τῶν
1426 2558 1531 2598 ἄστρων
1553 2560 1602 2587 οὐκ
1623 2559 1662 2592 εἰς
1683 2559 1820 2598 εὔφημον,
1848 2568 1913 2596 φευ-

1083 2603 1147 2631 κτέα
1161 2603 1206 2631 καὶ
1226 2603 1293 2631 αὐτά
1320 2603 1371 2631 εἱσι
1395 2604 1430 2632 τὰ
1454 2604 1493 2636 εἷς
1524 2603 1652 2642 μίμησιν.
1676 2604 1716 2633 Τὸ
1745 2604 1793 2641 μὶν
1808 2603 1858 2641 γάρ
1887 2611 1913 2629 τι

1085 2647 1203 2686 σύνθεμα
1231 2648 1268 2680 εἷς
1296 2649 1444 2686 Δράκοντα,
1470 2649 1562 2688 φασὶν,
1588 2647 1739 2686 ἐξεικὸᾶῖθη·
1761 2647 1856 2685 ἕτερον
1885 2645 1913 2673 δὲ

1084 2692 1111 2720 ἔν
1134 2693 1180 2720 καὶ
1196 2691 1319 2732 δεύτερον
1336 2693 1374 2725 είς
1397 2694 1542 2732 Ἀρκτους·
1569 2693 1639 2722 ἄλλο
1663 2693 1693 2722 δὶ
1716 2693 1754 2725 εἲς
1771 2694 1913 2730 Πήγασον.

1084 2738 1122 2768 Τὸ
1137 2736 1166 2767 δι
1181 2749 1207 2767 τι
1232 2738 1362 2778 Καρκίνον
1387 2739 1562 2779 παραφαίνει,
1589 2738 1620 2771 δ’(
1644 2738 1740 2768 οὐκᾶν
1769 2737 1914 2766 ἐπαινοῖτο
