2018 3158
167 184 228 216 897

675 184 728 214 DE
747 183 993 214 EMENDANDA
1013 182 1107 214 VITA
1131 183 1370 215 MONACHIGA.

1812 184 1873 216 898

166 253 217 286 τῆς
243 249 380 286 κλήσεως,
401 248 420 285 ἤ
444 249 565 286 Τοξότην
590 248 856 287 φαυλωνυμούμινον
880 249 927 276 Διὸ
945 259 992 286 μι-

1049 250 1196 286 omnibus,
1212 252 1281 279 sunt
1296 253 1393 279 autem
1410 251 1654 283 multa,astralem
1670 253 1804 280 naturam
1816 259 1872 280 eu-

167 297 244 323 σοῦσι
260 295 307 332 μὲν
322 295 367 322 καὶ
394 294 460 322 αὐτὰ
483 297 535 322 τῶν
562 293 716 330 ὀνομάτων.
742 294 800 323 Οὐκ
822 294 948 332 ἀγαπῶσι
963 292 993 322 δὶ

169 338 232 367 οὐδὶ
245 339 291 366 τὸν
318 338 468 377 Αίγόκερων
494 337 538 366 διὰ
559 339 589 366 τὸ
613 338 794 377 ἀγριώνυμον.
811 337 864 366 Καί
888 348 948 366 τινα
964 336 993 365 δὲ

168 383 253 411 λοιπὰ
274 385 386 411 τοιαῦτα
412 382 513 418 (πολλὰ
539 381 567 410 δὶ
591 383 688 418 ἐκεῖνα)
712 382 992 420 προσενθυμούμενοι,

169 434 436 470 ἀποπροσποιοῦνται
465 432 497 460 τὸ
524 431 700 469 ἀστεροειδές.
729 433 774 468 Μὴ
803 432 893 460 τοίνυν
927 430 992 469 μηδ’

169 478 245 505 αὐτοὶ
273 477 384 505 ἐνταῦθα
408 475 607 514 φοϐείσθωσαν,
623 477 654 504 οὗ
679 474 763 516 φόϐος
783 476 880 509 οὐδείς.
897 477 927 506 Ὁ
941 477 992 514 γὰρ

170 521 364 558 διανονύμενος
387 521 474 553 οὕτως
510 519 577 549 ἵστω
606 520 750 557 πλανήτης
777 521 877 560 τρόπον
907 520 993 549 ἄλλον

169 566 249 598 αὐτὸς
273 566 352 600 εἶναι,
377 565 408 594 οὗ
438 566 493 603 μὴν
520 565 683 602 ἀποπλανὴς
705 565 772 594 κατά
799 577 830 605 γε
857 566 890 593 τρὶ
916 564 993 597 ῗδίως

170 610 255 648 ἄστρα
284 608 428 649 λεγόμενα.
458 614 596 639 Πλανᾶται
626 611 677 649 γὰρ
706 610 830 647 ἀΛηθῶς,
858 610 903 638 καὶ
931 608 994 637 οὐδὲ

168 656 236 694 πρὸς
258 653 378 690 ἔπαινον,
395 655 418 682 εἰ
441 655 472 682 τὸ
494 655 683 694 πραγματικὸν
705 655 810 693 καίριον
836 654 919 694 ἀφιεὶ,
948 665 994 691 μι-

171 703 291 738 μεῖσθαι,
320 700 351 728 τὸ
380 699 406 727 ἐν
434 702 492 731 τοῖς
528 698 650 737 ἄστροις,
683 699 887 738 περιεργάζεται
924 699 993 736 ψιλὰ

169 744 299 781 ὀνόματα.
316 743 386 773 Οὐδὲ
417 744 465 781 μία
483 744 536 783 γὰρ
565 743 656 782 φαύλη
683 743 781 779 κλῆσις
805 741 908 781 ἔϐλαψέ
928 754 994 771 ποτε

167 789 213 816 τὸν
231 788 272 816 ἐπ’
295 789 407 827 ἀγαθοῖς
433 789 556 826 μιμητὴν
578 787 672 827 ἄνδρα,
698 788 788 826 ὥσπερ
813 787 875 816 ούδὶ
903 787 992 825 ἀγαθὴ

169 833 293 871 ὠφέλησε
307 833 366 868 τὸν,
387 833 427 872 ἐφ’
452 834 492 864 οἷς
517 833 548 860 ού
572 834 640 872 χρὴ,
669 833 795 869 ζηλωτήν
810 841 816 848 ·
841 833 867 860 αἱ
884 831 913 860 δὲ
926 832 994 860 κατὰ

169 879 281 915 πρᾶγμα
306 878 438 914 μιμήσεις
456 876 474 912 ἥ
499 875 630 915 ἔϐλαψαν,
647 877 692 905 ὅτε
714 888 755 909 τις
779 877 809 905 τὸ
823 876 926 916 φαῦλον
944 879 993 912 ζη-

170 921 227 957 λοῖ,
244 920 262 956 ἤ
278 920 538 959 ὠφέλησαν,ἐίλλως
549 922 698 960 γινόμεναι.
709 922 757 950 Καὶ
775 923 828 959 μὴν
845 922 868 949 εἱ
882 922 994 949 τοιαῦτά

170 976 230 993 τινα
247 964 332 993 δέδιεν
363 966 377 993 ὁ
401 965 593 1004 εἱσαγωγικὸς,
620 967 726 1003 μήποτε
751 965 794 994 διὰ
814 966 860 993 τὸν
884 965 910 994 ἂν
933 968 993 997 τοῖς

173 1010 390 1048 ἀστροθετήμασι
417 1011 554 1049 Δράκοντα
582 1011 662 1049 βορὸς
687 1011 766 1043 αὐτὸς
789 1008 920 1046 ἀποϐαίη,
949 1009 994 1038 καί

172 1053 216 1082 διὰ
240 1055 287 1085 τὰς
317 1057 452 1092 ’Άρκτους
475 1056 637 1094 παμφαγής,
659 1055 703 1082 καὶ
729 1054 774 1083 διὰ
797 1055 843 1083 τὸν
868 1056 993 1093 Πήγασον

170 1098 238 1136 πρὸς
264 1096 389 1136 λαγνείαν
415 1098 612 1137 τρέφηται,καὶ
636 1110 685 1135 την
702 1098 796 1131 άλλως
827 1099 992 1138 μιτεωρίζη-

169 1153 224 1175 ται,
240 1142 285 1169 καὶ
306 1141 373 1177 λοξὰ
399 1143 476 1179 βαίνῃ
499 1143 628 1180 καρκίνου
652 1142 741 1180 δίκην,
767 1144 816 1171 οὐκ
838 1143 910 1182 ἔχων
928 1144 994 1182 ὀρθᾶ

173 1184 303 1224 βαδίζειν,
329 1187 367 1217 ὡς
395 1186 532 1225 ἀνθρώπῳ
554 1187 662 1224 πρέπει,
686 1188 869 1226 ἀναγκάζηται
896 1187 925 1216 δὶ
949 1188 994 1216 καὶ

171 1230 324 1267 λῃστρικῶς
350 1231 426 1268 βιοῦν
455 1231 480 1258 ἐν
509 1233 550 1268 τῷ
579 1233 765 1267 κατατοξεύειν
794 1231 838 1260 διὰ
865 1233 911 1260 τὸν
938 1231 994 1260 ἅνω

169 1274 299 1310 Τοξότην,
324 1275 369 1302 καὶ
400 1274 587 1313 ὲξαγριοὺσθαι
617 1276 654 1308 ὡς
693 1276 730 1308 εἰς
755 1277 846 1314 κέρας,
875 1276 891 1304 b'
917 1287 992 1316 φασι,

170 1316 214 1346 διὰ
227 1318 272 1346 τὸν
289 1317 455 1357 Αῒγόκερων,
476 1318 592 1356 δαιμονᾷ
614 1321 628 1348 ὁ
651 1323 774 1353 τοιοῦτος
798 1323 845 1348 τοῦ
861 1318 958 1360 φόϐου,
974 1320 992 1356 ἥ

170 1361 243 1390 ἀλλὰ
270 1362 310 1395 εἴς
329 1363 511 1402 ὑποχόνδριον
541 1368 709 1403 κακοπραγεῖ
728 1374 735 1381 '
765 1365 789 1393 εἴ
818 1366 856 1402 μή
887 1376 913 1393 τι
942 1364 994 1400 ἄρα

171 1406 274 1442 παίζειν
289 1406 383 1438 ἄλλως
398 1407 484 1440 ἐθέλει
510 1409 537 1436 ἰν
561 1408 592 1436 οὐ
611 1412 747 1441 παικτοῖς.
765 1411 853 1438 Ἔστω
870 1409 898 1437 δὲ
915 1411 992 1447 ὅμως

171 1451 216 1479 καὶ
246 1451 320 1488 αὗτῷ
345 1451 383 1484 εἷς
408 1452 548 1490 θεραπείαν
571 1453 699 1490 ἀπρῴων
725 1453 822 1493 ἐτέρων
844 1454 994 1493 χρηστοτέ-

173 1506 226 1534 ρων
241 1495 385 1533 ὀνομάτων
402 1496 436 1533 (εί
454 1496 595 1535 βούλοιτο)
610 1500 706 1537 πρῶτα
730 1499 777 1535 μὶν
795 1499 826 1526 τὸ
846 1500 974 1536 θυτήριον
985 1509 992 1517 ·

172 1544 206 1574 δι’
222 1545 254 1574 οὗ
269 1545 392 1584 ἐναχθεὶς
418 1546 489 1579 θύειν
518 1548 610 1575 ἑαυτὸν
634 1547 674 1585 τῷ
690 1551 748 1584 Θεῷ
774 1549 787 1576 ὁ
800 1551 924 1581 τοιοῦτος
943 1560 993 1586 p.0-

1048 295 1154 323 forunt.
1169 296 1250 324 Absit
1266 296 1355 332 igitur
1371 296 1460 324 metui
1476 296 1568 331 locus,
1586 297 1636 324 ubi
1647 296 1721 324 nihil
1738 301 1872 325 metuen-

1047 340 1118 368 dum
1135 340 1272 369 cst.Talia
1282 341 1361 369 enim
1373 344 1470 368 monte
1482 341 1613 377 cogitans
1625 342 1699 369 sciat
1715 342 1791 378 quod
1808 342 1871 378 ipse

1048 393 1174 420 qucque,
1191 386 1240 413 sed
1258 385 1315 413 alia
1328 385 1439 413 ratione
1455 385 1571 422 planeta
1587 385 1636 418 sit,
1667 394 1725 414 non
1749 387 1873 414 erratica

1048 435 1259 470 autem,qualia
1272 437 1353 462 astra
1367 434 1452 470 vulgo
1463 435 1701 463 dicuntur.Errat
1714 435 1793 462 enim
1810 444 1873 463 rea-

1049 487 1110 514 pse,
1126 479 1176 507 sed
1193 479 1272 507 nullo
1283 479 1425 513 decore,si
1441 482 1613 507 caeterorum
1631 481 1777 506 astrorum
1794 479 1873 515 leges

1049 523 1295 559 negligens,vanis
1307 523 1475 551 nominibus
1489 523 1781 559 inhaeret.Nunquam
1793 524 1872 551 enim

1047 569 1150 605 iniqua
1165 568 1365 596 denominatio
1374 569 1434 596 viro
1443 568 1559 595 virtutis
1574 570 1711 604 spectatas
1728 568 1873 602 nocuit,ut

1048 621 1101 640 nec
1116 613 1244 649 gratiosa
1260 613 1369 648 profuit
1384 612 1444 639 viro
1461 612 1673 648 peccaminoso.
1691 612 1873 640 lmitationes

1049 660 1167 685 econtra
1182 656 1266 684 factis
1290 664 1435 692 expressas
1466 655 1636 692 perniciosa)
1659 656 1740 684 fuere
1768 656 1794 683 ei
1822 657 1873 693 qui

1049 701 1124 729 male
1140 701 1209 737 agit,
1226 703 1276 729 aut
1292 701 1427 738 proficuaa
1446 700 1564 729 fuerunt
1579 700 1640 728 vice
1651 708 1745 728 versa.
1764 700 1794 728 Si
1818 701 1874 736 igi-

1048 749 1098 774 tur
1114 746 1241 774 novitius
1257 745 1362 773 metuit
1378 747 1539 781 nepropter
1548 744 1687 772 Draconis
1699 744 1817 780 signum
1833 745 1874 773 si-

1049 792 1167 819 dereum
1184 791 1246 826 ipse
1262 797 1379 826 quoque
1393 797 1480 816 vorax
1495 790 1554 823 flat,
1572 791 1623 816 aut
1639 793 1755 826 propter
1783 789 1873 818 Ursae

1048 835 1181 872 gulosus,
1198 837 1249 862 aut
1272 836 1391 870 propter
1418 834 1561 869 Pegasum
1577 833 1741 869 impedicus
1766 834 1872 868 factus,

1049 880 1146 908 subito
1161 879 1298 908 sublimis
1313 879 1433 912 feratur,
1449 880 1500 906 aut
1515 878 1612 905 cancri
1635 885 1716 905 more
1746 877 1873 913 obliquis

1009 934 1033 967 B
1049 925 1186 961 passibus
1200 924 1328 959 incedat,
1344 931 1410 950 cum
1427 922 1581 950 hominum
1597 930 1654 950 non
1680 922 1794 958 possit;
1823 924 1874 950 aut

1049 977 1084 996 ne
1094 969 1244 996 latronum
1260 968 1353 996 instar
1368 967 1454 999 vivat,
1466 969 1517 995 aut
1530 966 1589 994 tela
1603 966 1741 1002 conjiciat
1764 969 1797 994 ut
1821 974 1874 994 su-

1049 1022 1157 1050 pernus
1171 1012 1356 1048 Sagittarius,
1373 1014 1423 1039 aut
1435 1014 1597 1047 cornupeta
1613 1011 1660 1046 sit,
1673 1010 1750 1038 sicut
1773 1010 1874 1047 Capri-

1049 1065 1167 1090 cornus,
1185 1057 1232 1084 hic
1247 1065 1264 1084 a
1277 1057 1408 1084 daemone
1420 1058 1516 1083 metus
1545 1055 1712 1091 possidetur
1736 1056 1786 1082 aut
1811 1057 1874 1083 atra

1048 1101 1107 1129 bile
1120 1101 1242 1134 laborat,
1257 1100 1312 1128 nisi
1331 1100 1403 1127 forte
1419 1099 1523 1136 nugari
1539 1099 1616 1132 velit,
1634 1099 1682 1126 ubi
1700 1099 1873 1135 nugandum

1049 1155 1106 1174 non
1122 1145 1385 1179 est.Meminerit,si
1398 1144 1579 1180 jucundiora
1591 1146 1736 1171 astrorum
1753 1143 1875 1172 nomina

1049 1191 1144 1227 magis
1159 1191 1318 1223 amat,ante
1333 1189 1432 1217 omnia
1447 1190 1519 1222 Aras,
1534 1197 1622 1224 super
1637 1196 1694 1223 qua
1710 1188 1875 1216 monachus

1049 1235 1179 1271 seipsum
1191 1234 1249 1262 Deo
1265 1234 1430 1261 sacriﬁcare
1444 1233 1508 1260 etin
1524 1232 1672 1260 victimam
1680 1234 1794 1267 gratam
1805 1240 1875 1260 con-

1048 1287 1161 1313 versus,
1177 1287 1194 1306 a
1209 1278 1366 1306 virtutibus
1382 1285 1487 1304 nomen
1501 1285 1560 1304 non
1577 1285 1712 1312 pravum,
1727 1277 1778 1304 sed
1806 1283 1874 1304 vere

1048 1323 1194 1351 sidereum
1211 1324 1371 1350 mutuetur.
1389 1320 1438 1349 Dei
1455 1322 1512 1349 Ara
1527 1323 1726 1356 nuncupatus,
1744 1328 1795 1348 seu
1822 1327 1872 1356 po-

1048 1369 1108 1396 tius
1123 1368 1242 1396 victima
1267 1369 1320 1394 Deo
1345 1367 1524 1394 consecrata.
1541 1365 1708 1392 Secundum
1722 1366 1810 1392 Aram
1826 1372 1873 1400 ge-

1048 1412 1151 1441 mellos
1167 1413 1270 1439 fratres
1286 1410 1354 1438 boni
1369 1410 1478 1438 ominis
1495 1409 1614 1437 nomine
1625 1409 1701 1437 inter
1715 1412 1795 1437 astra
1809 1409 1872 1436 col-

1049 1460 1157 1490 ocatos,
1173 1456 1413 1492 antiquissimum
1427 1454 1551 1482 fraterni
1565 1455 1673 1482 amoris
1703 1453 1870 1490 exemplum

1049 1511 1065 1530 a
1078 1501 1273 1537 scriptoribus
1285 1502 1481 1527 memoratum
1496 1499 1597 1532 habes,
1610 1507 1668 1535 quo
1684 1498 1742 1526 divi
1767 1499 1873 1526 fratres

1048 1547 1137 1574 vitam
1153 1544 1337 1573 sacriﬁcandi
1354 1546 1457 1572 mutuo
1473 1543 1622 1571 desiderio
1648 1543 1871 1570 incedebantur.

170 1591 265 1628 ναχὸς,
294 1591 338 1618 καὶ
369 1590 407 1622 εἷς
436 1591 528 1624 ουσίαν
555 1591 727 1620 ἀποτιλεῐθαι
757 1592 864 1628 δεκτήν,
891 1593 992 1632 κληρο-

1050 1594 1178 1631 Virginis
1192 1593 1296 1621 deinde
1304 1600 1408 1620 nomen
1421 1591 1654 1628 pulcherrimum
1662 1593 1750 1626 atque
1760 1591 1871 1626 angelis

171 1635 290 1672 νομήσοι
313 1634 343 1662 ἂν
370 1633 414 1663 διὰ
435 1639 487 1671 τῆς
519 1638 577 1664 κατ’
606 1637 685 1665 αὐτὸν
711 1641 864 1676 πρακτικῆς
892 1638 990 1674 ἀρετῆς

174 1679 262 1706 οὐκέτι
277 1679 391 1717 φαῦλον,
408 1679 480 1708 ἀλλὰ
504 1682 611 1713 πάντως
636 1682 732 1720 ἀγαθὸν
757 1682 877 1720 ἀστρῷον
895 1681 991 1720 ὄνομα,

174 1723 303 1761 θυτήριον
332 1724 402 1752 θεῖον
432 1724 624 1762 καλούμενος·
659 1726 812 1764 κοινότερον
840 1725 869 1754 δὲ
897 1727 992 1763 εἰπεῖν,

173 1773 362 1811 θυμιατήριον,
388 1773 546 1810 ὡσιωμίνον
573 1777 641 1812 Θεῷ.
669 1775 735 1804 Εἶτα
758 1776 826 1814 πρὸς
848 1778 888 1813 τῷ
912 1777 994 1812 θυτη-

172 1816 223 1854 ρίῳ
238 1816 325 1855 ἆχίτω
347 1817 384 1849 εἷς
408 1818 596 1856 ἀγαθωνυμίας
612 1820 729 1856 μίμησιν
753 1820 797 1848 καὶ
817 1820 879 1852 τοὺς
893 1822 993 1860 ἠστρο-

174 1861 337 1898 Θετημίνους
362 1861 508 1899 Διδύμους,
535 1864 566 1891 τὸ
589 1865 637 1899 τῆς
653 1865 711 1892 καθ’
726 1864 845 1902 ἱστορίαν
866 1864 996 1904 φιλαδελ-

174 1905 237 1945 φίας
253 1905 419 1934 παλαίτατον
449 1907 611 1945 ὑπόμνημα,
639 1909 697 1936 καθ’
718 1908 752 1944 ἤν
775 1909 819 1937 καὶ
844 1909 926 1938 αὐτοῦ
946 1913 994 1938 τοῦ

173 1951 222 1986 ζῇν
240 1949 378 1986 ἀλλήλοις
395 1951 580 1987 ὑπεξίστανται
601 1954 627 1981 οἱ
653 1953 788 1992 φιλόθεοι.
803 1954 873 1991 Πρὸς
888 1955 996 1987 τούτοις

172 1994 216 2021 καὶ
240 1995 290 2030 τήν
316 1996 464 2033 Παρθένον,
493 1997 524 2024 τὸ
551 1997 595 2024 καί
616 1996 765 2026 κάλλιστον
791 1998 836 2025 καὶ
866 1999 994 2037 ἀγγέλοις

171 2037 251 2076 φίλον
268 2038 357 2075 ὄνομα
372 2050 378 2056 ·
396 2040 427 2067 οὗ
438 2040 507 2078 πρὸς
533 2041 648 2078 μίμησιν
673 2042 687 2069 ὁ
701 2042 807 2080 τρέχων
823 2053 996 2080 πραγματευ-

169 2085 253 2114 τικῶς
274 2083 347 2119 αὑτῷ
369 2086 429 2120 Θιῷ
453 2084 560 2123 ἐγγίζει,
590 2085 635 2113 καὶ
663 2088 705 2122 τῷ
734 2086 907 2124 ἠγαπημένῳ
936 2088 995 2115 θεο-

174 2125 251 2165 λόγῳ
295 2127 511 2166 σύγπαραστατεῖ
527 2139 533 2145 ·
569 2129 654 2168 ταύτῃ
690 2131 735 2158 καὶ
771 2131 817 2159 τὸν
836 2130 997 2170 γὙδρηχόον

169 2172 422 2209 προσεννοούμενός
450 2184 501 2208 τις,
517 2174 562 2202 καὶ
589 2177 628 2211 τῷ
651 2175 764 2212 ὀνόματι
787 2175 876 2212 τούτῷ
891 2176 929 2208 εἰς
952 2176 997 2214 ἐγ-

170 2216 298 2254 κράτειαν
326 2216 533 2255 ἐξασκούμενος,
562 2219 607 2247 καὶ
644 2221 694 2255 τήν
734 2220 763 2247 ἐκ
793 2221 878 2257 μέθης
905 2219 923 2256 ἤ
952 2221 996 2248 καὶ

1047 1642 1164 1676 gratum
1176 1637 1271 1672 venit;
1288 1636 1372 1674 cujus
1388 1635 1553 1672 exemplum
1572 1636 1620 1672 qui
1648 1635 1759 1664 sincere
1788 1635 1872 1664 factis

1047 1685 1191 1716 imitatur,
1208 1683 1243 1710 ad
1256 1684 1344 1710 Deum
1360 1682 1458 1717 ipsum
1475 1681 1692 1717 appropinquat
1710 1682 1740 1708 et
1766 1679 1874 1708 Joanni

1048 1728 1182 1764 theologo
1198 1727 1233 1755 ab
1245 1727 1381 1754 omnibus
1391 1725 1496 1753 dilecto
1507 1724 1764 1753 associatur.Adde
1773 1726 1873 1760 Aqua-

1048 1773 1137 1807 rium,
1153 1773 1237 1808 cujus
1252 1772 1316 1808 ipsa
1331 1770 1486 1807 appellatio
1497 1770 1532 1798 ad
1544 1769 1768 1805 temperantiam
1780 1769 1874 1797 horta-

1048 1820 1106 1853 tur,
1122 1817 1164 1845 ita
1179 1819 1210 1844 ut
1220 1815 1363 1844 malitiam
1379 1823 1414 1843 ex
1424 1815 1562 1843 ebrietate
1578 1817 1605 1842 et
1620 1814 1686 1842 vino
1701 1816 1794 1842 ortam
1823 1814 1874 1841 de-

1049 1862 1129 1895 vitet,
1154 1864 1184 1889 et
1207 1861 1243 1889 ad
1273 1860 1361 1888 vitam
1377 1860 1506 1888 sobriam
1536 1859 1720 1887 assuefactus
1736 1866 1770 1886 ex
1781 1860 1873 1886 astro-

1050 1915 1115 1935 rum
1131 1906 1300 1934 nominibus
1311 1905 1464 1932 commoda
1475 1904 1626 1940 percipiat.
1655 1905 1684 1931 et
1707 1903 1742 1930 ad
1772 1911 1806 1930 ea
1834 1903 1876 1930 fa-

1050 1952 1153 1980 cienda
1169 1953 1298 1987 paratus,
1316 1949 1453 1977 timorem
1469 1949 1546 1976 intra
1563 1957 1594 1975 se
1609 1948 1750 1984 reprimet
1770 1947 1877 1975 Draco-

1051 1996 1106 2031 nis,
1121 1996 1276 2030 utriusque
1299 1994 1390 2028 Ursae,
1420 1993 1536 2029 Pegasi,
1565 1993 1680 2026 Cancri,
1710 1991 1872 2027 Sagittarii,

1048 2044 1227 2079 Capricorni,
1239 2043 1372 2070 omnium
1388 2043 1605 2073 cmterorum,ct
1620 2041 1748 2076 profecto
1759 2043 1873 2067 astrum

1051 2087 1319 2122 cceleste,manebit,
1332 2086 1417 2114 bonis
1426 2086 1631 2113 nominibuset
1647 2085 1731 2112 factis
1743 2083 1876 2119 resplen—

1051 2135 1133 2162 dens.
1158 2133 1249 2160 Homo
1272 2131 1351 2159 enim
1379 2130 1427 2166 qui
1459 2132 1515 2157 Deo
1540 2131 1729 2157 consecratur
1757 2128 1877 2156 victima

1052 2186 1103 2214 per
1113 2177 1297 2209 charitatem,
1322 2174 1441 2211 qualem
1471 2176 1606 2202 sanctum
1636 2172 1825 2209 Evangelium
1847 2174 1877 2200 et

1052 2222 1141 2250 Vetus
1155 2222 1375 2249 Testamentum
1388 2218 1573 2254 tradunt,qui
1585 2217 1750 2246 castitatem
1765 2216 1876 2253 virgine

173 2260 267 2308 ἄλλως
295 2261 476 2308 οἰνοφλυγίας
500 2263 595 2292 κακίαν
620 2263 718 2292 ἰαυτοῦ
742 2265 866 2304 ἀπάγων,
889 2265 933 2293 καὶ
952 2277 993 2302 νη-

1053 2267 1171 2302 dignam
1182 2267 1295 2293 exercet
1310 2267 1338 2292 et
1353 2263 1504 2291 sobrietati
1527 2263 1637 2297 studet,
1655 2261 1730 2289 nihil
1759 2270 1776 2289 θ.
1804 2261 1876 2289 Dra-

171 2303 268 2344 φάλιον
294 2306 368 2341 ζωὴν
393 2306 601 2345 παιδευόμενος,
624 2309 669 2337 καὶ
694 2308 793 2342 λοιπάς
819 2309 848 2338 δὲ
869 2309 993 2342 τοιαύτας

1053 2319 1124 2340 cone
1139 2312 1190 2338 aut
1200 2310 1272 2339 Urso
1286 2309 1315 2337 in
1327 2316 1358 2337 se
1374 2308 1472 2336 habet.
1490 2307 1640 2341 Quomodo
1656 2306 1734 2333 enim
1759 2305 1876 2333 invidia:

170 2349 199 2377 ἐκ
223 2351 278 2377 τῶν
303 2348 408 2388 ἄστρων
431 2351 545 2388 κλήσεις
572 2353 831 2392 ἑρανιζόμενος,καί
855 2355 924 2392 πρὸς
947 2355 996 2383 αὐ-

166 2394 214 2426 τὰς
243 2393 428 2431 διατιθέμενος
465 2395 629 2435 ἔμπρακτος,
661 2398 847 2436 ἐκθεραπεύσιι
875 2400 939 2431 τοὺς
968 2400 994 2428 ἐν

167 2438 242 2474 αὐτῷ
257 2436 359 2476 φόϐους
385 2440 503 2473 ἐκείνους
519 2452 526 2458 ·
552 2443 598 2470 τὸν
623 2445 672 2470 τοῦ
693 2443 853 2481 Δράκοντος,
869 2444 915 2472 τὸν
932 2445 994 2472 ἑκα-

167 2481 246 2519 τέρας
277 2483 406 2520 Ἄρκτου,
433 2485 479 2513 τὸν
507 2486 537 2514 ἐκ
550 2489 598 2515 τοῦ
619 2487 757 2526 Πηγάσου,
779 2487 824 2515 τὸν
849 2490 897 2516 τοῦ
923 2491 995 2526 Καρ-

167 2526 254 2560 κίνου,
284 2527 330 2554 τὸν
356 2530 404 2555 τοῦ
432 2529 564 2567 Τοξότου,
589 2532 635 2560 τὸν
663 2534 712 2560 τοῦ
751 2531 903 2570 Αἰγόκερω,
933 2534 996 2564 τοὺς

168 2569 284 2602 λοιποὺς
313 2572 452 2604 ἅπαντας’
480 2574 525 2602 καὶ
558 2578 632 2612 μενεῖ
658 2575 754 2604 διόλου
784 2569 881 2614 ὀίστρον
912 2578 994 2613 θεῖον,

168 2615 278 2652 ἀγαθοῖς
308 2614 520 2654 ὶλλαμπόμενος
550 2619 665 2657 ὀνόμασί
694 2631 724 2648 τι
757 2620 803 2648 καὶ
829 2621 994 2659 πράγμασιν.

166 2663 331 2702 ’Ἄνθρωπος
355 2665 405 2703 γὰρ
430 2666 634 2705 ἀνατεθειμένος
660 2671 717 2705 Θεῷ
743 2667 787 2696 διά
810 2672 901 2697 τετοῦ
917 2670 996 2702 θυσία

169 2708 264 2745 ἐκείνῳ
300 2709 433 2748 γενέσθαι,
474 2711 518 2740 διά
550 2724 580 2742 τε
612 2713 804 2753 φιλαδελφίας,
830 2715 926 2743 ὁποίαν
963 2717 995 2744 τὸ

167 2753 240 2790 ἱερὸν
270 2754 453 2793 παραδίδωσιν
487 2758 650 2798 Εὖανγέλιον
676 2759 722 2788 καὶ
754 2761 772 2795 ἠ
797 2759 901 2788 παλαιὰ
927 2766 996 2794 θειο-

1050 2364 1206 2384 venemum
1230 2356 1342 2382 eructat
1366 2355 1417 2381 aut
1432 2352 1606 2388 blaspheme
1637 2358 1687 2378 ore
1709 2350 1876 2386 proximum

1049 2401 1163 2429 vorabit
1178 2400 1265 2427 homo
1278 2399 1399 2426 fratrum
1411 2405 1514 2425 amans
1536 2405 1568 2424 ac
1585 2395 1679 2424 malas
1699 2395 1876 2432 cupiditates

1051 2447 1174 2474 domans
1186 2444 1199 2471 Ἰ
1215 2444 1266 2472 Hic
1283 2451 1353 2471 sane
1369 2442 1518 2470 hinnitum
1535 2449 1686 2476 nunquam
1703 2440 1770 2468 edet
1798 2440 1877 2467 fero-

1051 2498 1181 2526 cem,nec
1190 2489 1249 2517 vias
1261 2488 1376 2516 Domini
1390 2484 1802 2524 praetergrediensinourvabit
1814 2483 1876 2512 sine

1051 2535 1233 2568 necessitate,
1250 2540 1380 2561 amorem
1412 2531 1572 2559 fraternum
1597 2529 1775 2558 simulando.
1797 2530 1878 2556 Hanc

1050 2585 1141 2621 igitur
1155 2584 1192 2611 ob
1207 2590 1325 2610 causam
1342 2588 1437 2616 neque
1463 2578 1601 2615 Sagitarii
1623 2578 1747 2606 formam
1775 2577 1879 2604 induet

1051 2630 1085 2657 ad
1103 2628 1180 2664 quod
1197 2625 1410 2662 designandum
1438 2624 1588 2652 Chimaerae
1624 2623 1750 2651 monstri
1771 2628 1878 2649 nomen

1051 2674 1203 2701 inventum
1219 2673 1273 2706 est,
1289 2671 1324 2698 ad
1341 2677 1428 2706 quam
1448 2677 1499 2696 nec
1516 2676 1637 2704 serpens
1653 2668 1797 2695 cornutus
1813 2673 1880 2692 con-

1051 2718 1119 2746 ferri
1137 2716 1253 2753 poterit.

167 2798 247 2845 τάτη.
265 2801 370 2845 Γραφῇ,
398 2802 443 2830 καὶ
476 2804 648 2843 καθαρότητα
683 2803 712 2832 δὶ
753 2805 966 2845 παρθενοπφεπῆ
1008 2806 1145 2843 ζηλώσας,
1174 2803 1219 2832 καὶ
1255 2801 1394 2841 ἐγκρατείᾳ
1429 2800 1676 2840 ἐγγυμναιζόμενος,
1717 2797 1779 2827 οὔτε
1808 2798 1877 2845 aps.

167 2842 262 2875 κοντός
287 2854 313 2872 τι
341 2843 404 2884 ἔχοι
433 2846 473 2884 ἂν,
504 2847 566 2878 οὔτε
588 2850 720 2888 Ἄρκτου.
751 2851 813 2882 Πῶς
824 2849 874 2889 γὰρ
897 2842 926 2879 ίὰν
955 2850 996 2880 ἰὸν
1015 2842 1194 2889 “manu;
1222 2847 1335 2888 φθόνου,
1370 2845 1389 2882 ἤ
1420 2845 1592 2885 βλασφήμως
1628 2843 1876 2883 ἀνθρωποφαγῆσῖὶι
