2002 3158
191 147 251 177 899

580 143 792 176 EUSTATHII
812 140 1195 174 THESSALONIGENSIS
1218 141 1514 174 METROPOLITIE

1845 145 1903 178 900

190 211 358 252 φιλάδελφος
384 210 553 248 ἄνθρωπος,
582 210 627 238 καί
656 209 808 246 ἐπιθυμιῶν
836 207 997 247 ἔφαμάρτων
1029 206 1161 245 ἐγκρατής
1184 206 1362 252 ’ᾼκολούβως
1390 206 1419 235 δὲ
1448 206 1512 236 οὐδὲ
1541 206 1702 248 φριμάξεται
1730 219 1900 249 καταχρεμε.

189 249 270 292 τίζων
285 249 437 294 ἀλογίστως
455 256 468 282 ὁ
494 254 658 290 τηλικοῧτος
687 253 836 291 ἄνθρωπος,
865 251 929 280 οὐδὲ
956 252 1001 283 τὰς
1026 253 1073 279 τοῦ
1089 253 1155 279 Θεοῦ
1168 249 1279 289 τρίϐους
1310 251 1424 287 λοξώσει
1453 252 1624 291 πλαγιάζων,
1657 253 1698 293 ἐφ’
1723 256 1764 286 οἷς
1789 256 1822 283 οὐ
1849 254 1898 291 δεῖ,

188 302 233 329 καὶ
260 302 309 335 τὴν
326 298 508 339 φιλαδελφίαν
530 298 600 326 οὕτω
630 297 807 335 ψευδόμενος.
838 297 877 324 Δι’
906 296 970 324 αὐτὸ
997 295 1026 323 δὲ
1053 298 1132 323 τοῦτο
1161 294 1223 323 οὐδὲ
1251 296 1288 326 είς
1317 297 1430 332 τοξότην
1460 296 1666 336 ἐγγεγράψεται,
1689 298 1756 326 οὐδὶ
1777 300 1833 336 μὴν
1862 300 1898 332 εἷς

187 348 259 383 αῑγα,
276 345 367 383 κέρατι
383 345 551 379 πλήττοντα·
568 345 662 370 ὁποῖον
679 354 705 370 τι
730 343 811 370 κακὸν
827 341 871 369 καὶ
888 343 905 377 ἡ
923 341 1133 378 μεταληπτικῶς
1150 339 1369 378 λογοποιουμένη
1387 342 1521 378 Χίμαιρα,
1538 342 1605 381 πρὸς
1625 343 1658 378 ἤν
1676 343 1726 371 οὐκ
1741 343 1771 370 ἃν
1801 345 1897 382 κεράσ.

185 401 235 426 της
250 390 330 429 Ὄφις
344 386 544 426 παραϐάλοιτο.

225 444 286 472 194.
302 443 358 471 Sed
375 442 444 478 quid
468 443 547 469 astra
571 441 600 468 in
629 449 678 468 ore
707 441 791 468 fero?
817 440 933 468 Scilicet
956 442 991 467 eti

1041 457 1050 472 ι
1101 436 1171 476 [τρῖ¹
1191 437 1269 466 Ἀλλ’
1287 438 1325 470 εἶς
1339 438 1366 466 τί
1382 449 1428 475 μοι
1442 439 1474 467 τὰ
1489 439 1602 476 ἀστρικᾶ
1622 443 1726 476 more;
1751 442 1801 473 Οἷς
1823 440 1896 480 ἔχων

187 497 288 517 eorum
300 496 353 524 ope
367 495 424 514 non
439 487 536 522 inepte
547 486 708 522 longiorem
715 485 836 513 reddere
845 492 1011 512 sermonem

187 541 314 570 possem,
331 531 506 568 prudentius
522 533 619 558 tamen
636 530 827 564 disseram,ut
842 529 962 557 secundi
978 536 1011 556 ac

185 577 262 606 tertii
278 577 390 606 ordinis
409 575 547 604 monachi
565 577 719 612 praetexere
735 576 890 610 nequeant.
908 574 1010 601 horam

186 623 290 650 salutis
306 630 367 649 sum
382 621 512 648 nondum
525 620 656 653 venisse;
674 627 743 647 neve
768 619 877 652 dicant,
898 630 911 644 «
927 618 1009 646 Nunc

185 667 304 703 quidem
314 665 399 702 genio
415 665 630 701 indulgendum
645 676 652 698 ;
667 671 746 692 nune
761 662 916 699 paululum
941 671 1009 698 pec-

186 712 311 740 candum
332 720 339 745 ;
356 711 435 746 parvi
453 710 530 737 enim
547 717 651 737 sumus
667 710 695 736 et
709 717 767 736 non
779 707 1010 741 maturi;talibus

185 758 282 785 autem
300 757 449 791 peccatum
465 762 522 782 non
538 754 710 789 imputatur,
726 761 781 780 nex
796 752 841 779 lex
861 751 1011 787 perfectio-

185 800 231 827 nis
247 799 378 826 nondum
409 797 586 833 imponenda
600 798 655 825 est.
672 797 797 824 Castitas
814 795 1010 831 imperabitur

184 844 302 879 quando
312 843 457 878 majorum
466 842 603 869 Ordinum
614 843 642 869 et
654 840 739 868 morti
751 840 875 876 proximi
887 839 1007 875 erimus,

183 887 448 924 impraesentiarum
463 888 560 914 autem
577 885 605 913 in
624 885 736 913 deliciis
747 885 911 913 vivendum.
927 883 1009 912 Salu-

183 935 241 960 tem
260 934 361 968 postea
376 939 553 967 quaeremus,
571 932 602 957 ut
615 930 674 957 vita
689 930 749 957 haec
765 928 916 957 sensibilis
929 937 1006 956 mor-

181 979 241 1005 tem
257 975 460 1004 insensibilem
477 975 631 1011 prmcedat.
649 985 663 1000 »
681 974 783 1010 Igitur,
807 973 922 1008 fratres,
940 981 1006 1009 pro-

181 1022 342 1049 cedendum
359 1023 404 1048 est
418 1029 452 1047 ex
469 1019 516 1054 iis,
547 1027 611 1054 quae
631 1018 766 1054 superius
783 1018 1005 1051 constituimus,

180 1066 257 1094 sicut
271 1066 329 1094 vori
346 1064 481 1093 monachi
498 1064 618 1099 grandia
635 1063 793 1091 luminaria
809 1063 950 1097 ferentes;
964 1070 1007 1090 se-

178 1110 346 1139 cunderiaii
363 1110 470 1145 quibus
485 1117 602 1137 sacrum
615 1108 722 1144 duplex
738 1107 910 1134 mantellum
935 1115 1003 1134 con-

1067 483 1117 510 οὐκ
1142 482 1316 522 ἀπροσφυῶς,
1346 482 1410 511 οὐδὲ
1441 484 1494 521 μὴν
1521 484 1638 523 ἀφυῶς,
1673 485 1897 522 ἐμπλατύνασθαι

1067 527 1104 558 εἷς
1121 526 1216 561 πλέον,
1239 526 1316 564 ὅμως
1344 527 1454 560 ἐνταῦθα
1479 529 1688 567 νουνεχέστερον
1712 531 1837 562 καθιστῶ
1850 531 1898 558 τὸν

1066 571 1158 610 λόγον,
1185 571 1231 599 ’ίνα
1259 572 1368 609 μάθοιεν
1392 573 1436 600 καὶ
1463 573 1488 600 o't
1509 575 1556 601 τοῦ
1583 572 1709 612 δευτέρου
1724 575 1768 602 καὶ
1800 575 1898 612 τρίτου

1066 617 1210 654 σχήματος
1225 616 1344 654 μοναχοὶ
1361 618 1400 654 μὴ
1425 617 1499 655 ἔχειν
1524 619 1746 658 προφασίζεσθαι,
1763 619 1802 651 ὡς
1819 619 1897 648 οῧπω

1065 664 1125 696 ἥκει
1141 660 1233 692 αὐτοῖς
1253 662 1270 696 ἡ
1298 661 1355 697 ὥρα
1378 664 1426 689 τοῦ
1452 665 1598 701 σοσῷσθαι·
1621 662 1691 700 μηδὲ
1706 663 1827 701 λέγοιεν,
1858 665 1896 697 ὥς

1066 717 1080 732 ι(
1109 708 1161 749 Ni’w
1193 706 1239 742 μὶν
1266 705 1348 743 ὀλίγα
1371 700 1573 745 ἐγκρατευτέον,
1605 707 1650 736 καὶ
1678 700 1771 737 δοτέον
1797 708 1896 747 μερίδα

1064 751 1109 777 ναὶ
1136 753 1193 781 ταῖς
1220 751 1419 788 ἁμαρτητικαῖς
1448 750 1580 784 διαθέσεσι
1598 762 1605 769 ·
1648 753 1741 790 μικροὶ
1770 754 1825 791 γὰρ
1852 752 1893 782 ἔτι

1064 793 1143 830 ἐσμὶν
1172 794 1215 822 καὶ
1242 794 1357 826 ἀτελεῖς·
1387 799 1446 826 τοῖς
1475 794 1503 824 δὲ
1530 797 1666 827 τοιούτοις
1694 797 1727 825 οὗ
1750 797 1894 835 λογίζεται

1064 839 1192 876 ἁμαρτία,
1217 839 1262 867 καὶ
1287 851 1346 871 πως
1370 839 1432 867 οὐδὲ
1447 841 1530 877 νόμος
1546 840 1638 872 αὐτοῖς
1652 843 1826 874 τιΛειοποιὸς
1854 841 1893 871 ἔτι

1062 886 1158 911 κεῖται.
1177 883 1355 922 Καθαρευτέον
1373 883 1402 912 δὲ
1417 884 1454 916 εἷς
1471 882 1592 922 ἀκριϐὲς,
1616 885 1660 912 ὅτε
1687 889 1736 914 τοῦ
1769 886 1894 925 μεγάλου

1061 928 1203 964 γενώμεθα
1232 930 1384 966 σχήματος·
1415 930 1459 957 καὶ
1500 929 1594 964 ἐπειδή
1628 930 1732 967 Θανάτῳ
1773 931 1893 970 ἄγχιστα

1062 971 1147 1000 ἔοικεν
1176 974 1193 1007 ἡ
1210 974 1277 1001 κατᾶ
1307 973 1392 1001 έκεῖνο
1419 973 1545 1008 διάθεσις,
1575 976 1704 1010 ζητητέον
1720 977 1752 1003 τό
1783 986 1816 1013 γε
1843 979 1891 1004 νῦν

1061 1015 1125 1056 ἕχον
1141 1018 1356 1057 τρυφερώτερον.
1386 1018 1452 1047 Εἶτα
1468 1019 1600 1054 ζητητέον
1624 1020 1668 1047 καὶ
1690 1020 1722 1048 τὰ
1738 1022 1891 1059 σωτήρων,

1058 1061 1104 1088 ’ίνα
1129 1062 1185 1096 ζωὴ
1212 1061 1279 1098 αὕτη
1309 1062 1433 1099 ἐμπαθὴς
1453 1065 1501 1090 τοῦ
1530 1063 1647 1095 ἀπαθοῦς
1675 1063 1778 1092 ἐκείνου
1808 1066 1891 1094 Θανά-

1059 1117 1107 1133 του
1136 1107 1334 1143 προηγήσεται.
1365 1120 1375 1134 ι
1399 1106 1510 1142 Οὐκοῦν,
1536 1108 1558 1134 ὦ
1574 1107 1698 1147 ἀδεΛιροὶ,
1725 1110 1886 1147 ποριστέον,

177 1156 256 1183 venit
272 1164 278 1187 ς
295 1139 380 1182 terlis:
395 1154 509 1181 lumina
524 1153 638 1180 novitii:
651 1139 789 1188 quartum
807 1151 904 1179 locum
917 1151 987 1187 prob

1054 1150 1079 1185 ἐξ
1095 1150 1132 1177 ὦν
1148 1139 1295 1189 (pede-avre:
1324 1139 1514 1188 ἀνεταξάμεθα,
1540 1153 1577 1183 ὡς
1604 1139 1710 1190 μεγάλα
1731 1139 1780 1190 μὲν
1804 1139 1885 1193 φῶτά

176 1200 242 1227 laici
258 1199 453 1234 occupabunt.
466 1197 546 1230 Quod
563 1197 675 1224 utinam
691 1197 731 1224 ita
741 1198 867 1229 esset,ne
881 1195 998 1231 quando

176 1246 236 1271 tres
249 1243 366 1270 ordines
380 1244 517 1276 superent
531 1241 664 1269 homines
687 1240 763 1274 laici,
790 1240 902 1267 caeteris
931 1248 996 1275 pro-

177 1288 284 1322 biores,
301 1295 336 1314 ne
352 1294 470 1314 summa
485 1285 552 1312 imis
569 1285 757 1318 misceantur,
770 1286 830 1318 aut,
848 1283 914 1311 aliis
934 1292 996 1311 ver-

176 1331 234 1363 bis,
251 1331 380 1359 mundus
397 1330 480 1366 quasi
495 1331 691 1365 regeneretur.
706 1330 843 1364 Magnum
854 1327 995 1356 laicorum

176 1376 267 1404 decus
282 1377 384 1411 exopto
402 1381 588 1410 magnopere,
605 1373 699 1409 magis
721 1376 818 1401 autem
838 1372 995 1400 monacho-

175 1429 252 1454 rum,
266 1422 298 1448 ut
312 1419 475 1448 secundum
491 1417 679 1455 Evangelium
695 1425 797 1445 omnes
813 1425 904 1445 unum
925 1417 993 1444 sint.

175 1466 255 1498 Quod
268 1473 338 1493 sane
353 1464 445 1497 erit,si
463 1463 578 1500 quande
590 1462 713 1499 spiritus
729 1462 835 1490 Christi
852 1462 930 1490 intra
941 1470 994 1490 nos

174 1510 250 1538 bono
265 1509 366 1538 ordine
376 1509 463 1544 viget.

1054 1195 1079 1222 οἱ
1095 1194 1207 1230 ἀληθεῖς
1226 1195 1480 1234 μεγαλοσχήμονες”
1502 1195 1613 1234 δεύτερα
1637 1196 1666 1225 δὲ
1679 1200 1770 1237 φῶτα,
1796 1201 1839 1230 οἷς
1868 1200 1884 1227 ὁ

1052 1238 1198 1276 ἱερώτατος
1234 1237 1350 1271 διπλοῦς
1379 1239 1522 1278 ἐπιπρέπει
1555 1240 1673 1278 μανδύας
1691 1252 1697 1258 ·
1740 1242 1819 1280 τρίτα
1849 1242 1879 1270 δὶ

1052 1285 1128 1320 φῶτα
1156 1284 1182 1311 οἱ
1211 1283 1392 1322 ιΐσαχθέντες·
1419 1284 1548 1323 τετάρτης
1572 1284 1600 1313 δὲ
1616 1286 1740 1324 φαύσεως
1756 1288 1784 1315 οἱ
1812 1288 1880 1325 ἄγα-

1051 1328 1091 1355 θοὶ
1110 1327 1211 1356 λαϊκοί.
1228 1329 1277 1355 Καὶ
1293 1328 1335 1364 εἲή
1352 1329 1438 1361 οὕτως
1455 1329 1531 1364 εἶναι,
1551 1331 1657 1367 μήποτε
1681 1332 1707 1358 οἱ
1732 1334 1783 1359 τοῦ
1809 1332 1880 1360 λαοῦ

1050 1372 1162 1410 ὕπερθεν
1189 1373 1234 1400 καὶ
1259 1375 1313 1400 τῶν
1338 1376 1421 1411 τριῶν
1449 1373 1593 1412 γίνωνται,
1622 1375 1879 1414 ἀγαθοπραγοῦντες

1052 1417 1118 1455 ὑπὲρ
1143 1417 1249 1453 αὐτοὺς,
1273 1418 1318 1445 καὶ
1340 1419 1450 1456 γένηται
1474 1418 1545 1447 οὕτω
1564 1420 1597 1447 τὰ
1612 1420 1667 1448 ἅνω
1681 1420 1766 1448 κάτω·
1784 1422 1802 1457 ἢ
1832 1423 1880 1450 καὶ

1050 1460 1143 1493 ἄλλως
1173 1462 1264 1500 φάναι,
1291 1462 1396 1491 ἄναλλα
1418 1464 1452 1491 τὰ
1475 1464 1571 1498 πάντα,
1589 1465 1626 1496 ὡς
1643 1465 1687 1492 οἷα
1714 1466 1785 1494 κατὰ
1811 1467 1879 1495 ἀνα-

1049 1506 1232 1544 στοιχείωσιν.
1256 1506 1306 1534 Καὶ
1328 1508 1405 1534 ποθῶ
1431 1508 1478 1544 μὲν
1503 1507 1555 1545 ἐγὼ
1579 1508 1610 1536 τὸ
1626 1508 1720 1537 λαϊκὸν
1737 1510 1880 1550 ὑπέρμεγα

171 1554 266 1590 καλὸν,
282 1555 453 1585 συνεπιποθῶ
469 1552 497 1580 δὲ
510 1552 554 1580 καὶ
568 1551 598 1579 τὸ
616 1550 776 1589 μοναχικόν·
790 1549 836 1578 ’ίνα
850 1551 947 1583 πάντες
959 1553 999 1588 τῷ
1015 1550 1090 1589 λόγῳ
1104 1551 1193 1588 τούτῳ
1207 1550 1234 1579 ἓν
1250 1552 1316 1580 ὦσιν
1333 1552 1527 1591 ιύαγγελικῶς.
1544 1553 1616 1582 Αὐτὸ
1632 1553 1661 1582 δὲ
1679 1556 1836 1593 γενήσεται,
1851 1549 1877 1585 εί

170 1599 201 1626 τὸ
216 1599 403 1636 Χριστιανικὸν
419 1599 537 1632 καθῆκον
557 1596 679 1635 πρόεισιν
693 1595 718 1624 ἐν
734 1597 801 1632 ἡμῖν
814 1596 872 1624 καθ’
888 1595 993 1634 εἱρμὸν,
1008 1596 1103 1634 τρόπῳ
1117 1595 1226 1632 τοιῷδε.

204 1654 265 1681 165.
295 1653 399 1681 Omnis
439 1652 526 1679 homo
551 1650 637 1687 plane
667 1651 715 1678 Dei
754 1652 809 1684 est,
836 1650 906 1686 quia
943 1652 988 1678 est

1078 1649 1142 1688 ριιέ.
1172 1651 1262 1682 ’Ἅπας
1297 1649 1439 1688 ἄνθρωπος
1470 1651 1537 1679 Θιοῦ
1563 1652 1672 1683 πάντως
1700 1652 1846 1691 ἄνθρωπος
1863 1676 1871 1689 ,

164 1706 239 1734 opus
253 1697 312 1730 Dei,
330 1697 420 1732 idque
443 1694 688 1730 pulcherrimum,
719 1696 747 1721 et
775 1693 930 1729 optimum,
961 1696 990 1721 et

161 1743 301 1778 primum,
332 1742 419 1776 cujus
449 1747 547 1767 semen
574 1739 631 1766 Deo
647 1740 800 1774 acceptum
831 1738 867 1764 ab
895 1738 987 1765 Adam

162 1787 257 1821 primo
282 1788 377 1814 creato
400 1784 518 1820 incepit.
548 1785 606 1811 Has
634 1783 709 1810 inter
737 1784 884 1810 creaturas
921 1782 986 1818 qui-

163 1838 279 1865 cunque
294 1830 367 1857 ovile
383 1828 567 1856 Dominicum
606 1827 799 1862 reliquerunt,
828 1826 887 1854 sint
905 1829 987 1854 extra

162 1873 246 1906 illud,
275 1875 303 1901 et
331 1875 411 1900 extra
440 1879 603 1900 sermonem
638 1873 782 1899 nostrum.
825 1871 880 1899 Sed
909 1870 987 1899 inter

149 1917 299 1945 homines
326 1917 375 1945 Dei
405 1917 566 1944 secundum
604 1915 794 1951 Evangelium
833 1916 983 1952 degentm,

160 1961 239 1996 laici,
257 1970 329 1997 quos
357 1964 491 1989 naturae
509 1960 651 1997 principio
680 1960 825 1996 cognovit,
856 1960 984 1988 universi

159 2015 193 2035 ex
208 2015 290 2043 aequo
307 2007 393 2034 ﬁdem
410 2006 470 2042 regi
486 2014 607 2042 regnum
628 2005 838 2041 acceptabilem
868 2013 983 2033 servare

158 2052 283 2080 debent:
301 2051 349 2087 qui
367 2051 443 2087 quod
461 2051 542 2085 dicit,
572 2050 717 2078 universis
731 2050 813 2077 dicit.
843 2050 916 2077 Sunt
930 2057 981 2077 au-

157 2098 216 2125 tem
232 2105 335 2125 omnes
350 2096 444 2124 eidem
457 2095 547 2124 cultui
564 2095 683 2128 addicti,
701 2097 734 2122 ut
749 2094 980 2129 constat.thui-

158 2150 274 2177 cunque
303 2141 446 2177 segregati
474 2143 544 2168 sunt
572 2140 635 2167 vitae
666 2139 795 2167 melioris
824 2139 978 2173 desiderio,

157 2186 216 2214 Deo
245 2186 330 2213 aliter
360 2185 521 2214 consecrati
562 2187 642 2217 sunt,
672 2186 701 2212 et
725 2183 808 2220 quasi
838 2184 920 2211 electi
944 2184 979 2211 de

156 2231 236 2258 omni
252 2238 339 2267 grege
354 2232 424 2258 sunt
438 2229 546 2265 signati
563 2237 635 2256 novo
652 2228 748 2263 sigillo
774 2228 921 2255 Dominico
951 2230 979 2255 et

155 2275 244 2311 regali
255 2278 321 2311 post
348 2275 552 2310 baptismum;
571 2273 599 2300 hi
631 2272 743 2307 praecisi
772 2275 841 2300 sunt
866 2272 978 2300 scilicet

154 2328 212 2347 non
229 2327 308 2347 more
323 2319 547 2351 Phariszeorum,
565 2318 627 2350 sed,
644 2317 668 2344 si
685 2317 779 2344 dicere
796 2317 839 2344 fas
856 2319 911 2350 est,
929 2325 976 2345 se-

155 2364 285 2390 cundum
296 2363 424 2391 celebres
453 2363 566 2390 Esszeos
590 2370 664 2398 quos
689 2361 778 2388 tradit
802 2361 895 2389 dulcis
923 2364 978 2389 He-

115 2407 118 2412 '
154 2407 298 2435 brieorum
315 2408 449 2443 scriptor,
474 2410 502 2435 et
529 2406 635 2442 quibus
663 2406 768 2434 melius
793 2406 974 2442 comparabi-

154 2453 203 2479 tur
218 2452 422 2480 monachicum
450 2451 626 2480 cmnobium.
653 2450 763 2478 Horum
792 2450 868 2478 inter
891 2459 975 2478 sacra

151 2496 336 2524 initiatorum
351 2497 399 2524 alii
415 2497 525 2524 tribum
550 2495 772 2532 patriarchalem
803 2495 972 2530 conﬁciunt,

151 2542 200 2578 qui
215 2541 385 2577 nuptiarum
401 2541 568 2577 participes,
583 2543 612 2568 et
628 2539 755 2567 ﬁliorum
779 2540 973 2575 procreationi

149 2586 365 2618 incumbentes,
380 2586 416 2613 ad
430 2586 532 2613 laicam
547 2585 634 2612 vitam
648 2584 812 2620 pertinenti;
830 2584 902 2612 alios
918 2593 972 2612 au-

147 2632 206 2658 tem
224 2638 325 2657 ramus
339 2630 489 2657 secundus
514 2628 664 2656 divisionis
693 2628 906 2664 complectitur.
937 2629 971 2656 Hi

147 2678 218 2703 sunt
233 2675 381 2708 monachi,
404 2673 512 2709 quibus
542 2674 648 2700 iterum
679 2673 832 2708 tripliciter
858 2673 969 2708 divisis,

147 2720 308 2748 subdivisio
324 2720 376 2748 illa
391 2718 537 2747 scinditur
558 2718 586 2745 in
604 2717 763 2745 monachos
791 2718 969 2753 perfectissi-

133 2772 225 2799 .mos,
235 2765 265 2793 in
291 2763 574 2801 imperfectissimos,
603 2764 632 2790 et
657 2762 688 2790 in
713 2762 848 2791 medios:
865 2762 920 2798 vel,
938 2764 970 2790 ut

134 2815 217 2847 ,cum
244 2810 330 2847 vulgo
358 2811 473 2848 loquar,
507 2808 538 2837 in
567 2806 728 2836 monachos
759 2808 858 2845 magni
882 2807 969 2836 indu-

1043 1693 1084 1721 ὅτι
1100 1693 1144 1722 καὶ
1160 1696 1226 1722 Θεοῦ
1249 1694 1366 1731 ποίημα,
1396 1695 1426 1722 τὸ
1451 1695 1496 1723 καὶ
1512 1695 1672 1731 κάλλιπον,
1701 1697 1746 1725 καὶ
1779 1698 1873 1736 βέλτι-

1043 1747 1114 1774 στον,
1139 1739 1184 1766 καὶ
1211 1738 1319 1777 ἄριστον
1338 1749 1344 1756 ·
1385 1739 1417 1767 οὗ
1447 1741 1578 1778 κατῆρξεν
1608 1740 1657 1769 ὅσα
1685 1742 1731 1769 καὶ
1762 1743 1873 1781 σπέρμα

1042 1783 1189 1821 θεοπρεπὲς
1216 1783 1230 1811 ὁ
1255 1784 1424 1821 πρωτόθετος
1449 1784 1547 1821 Ἀδάμ.
1568 1786 1670 1813 Τούτου
1686 1785 1715 1814 δὲ
1729 1789 1780 1814 τοῦ
1807 1799 1871 1816 παι-

1040 1828 1145 1864 ήματος
1175 1827 1234 1855 ὅσοι
1264 1828 1311 1865 μὲν
1338 1829 1387 1863 τήν
1413 1830 1545 1867 κυριακὴν
1571 1829 1689 1869 μάνδραν
1706 1831 1869 1869 ἀπείπαντο,

1040 1871 1209 1906 στηκέτωσαν
1237 1869 1288 1907 ἔξω
1307 1896 1314 1908 ,
1347 1873 1466 1910 καθάπερ
1497 1873 1611 1911 ἐκείνης,
1643 1875 1714 1903 οὕτω
1743 1877 1790 1904 καὶ
1821 1880 1869 1905 τοῦ

1038 1917 1096 1943 καθ’
1117 1918 1191 1953 ἡμᾶς
1205 1916 1285 1944 τοῦδε
1304 1916 1397 1956 λόγου·
1422 1920 1475 1946 τῶν
1493 1917 1521 1946 δὲ
1548 1918 1732 1957 εὐαῃιλικῶς
1760 1921 1868 1960 ἀνθρώ-

1037 1971 1095 1987 πων
1111 1963 1159 1988 τοῦ
1175 1963 1241 1989 Θεοῦ
1265 1962 1291 1988 οἱ
1317 1962 1364 1998 μὲν
1388 1964 1436 1990 τοῦ
1462 1965 1540 1997 Λαοῦ,
1555 1963 1583 1990 ὃν
1614 1965 1734 2002 ἀρχῆθεν
1750 1966 1769 2000 ἡ
1787 1966 1866 2004 φύσις

1037 2003 1177 2043 ἐγνώρισεν
1195 2029 1202 2041 ,
1240 2005 1327 2041 ὶξίσης
1367 2005 1480 2038 ἅπαντες
1516 2007 1652 2046 ὀφειλέται
1682 2003 1864 2046 καθεστήκασι

1035 2049 1162 2084 πίστεως,
1192 2049 1362 2087 φιλουμένης
1384 2053 1423 2087 τῷ
1451 2049 1630 2088 παμϐασιλεῖ·
1658 2054 1698 2088 ὃς,
1724 2053 1794 2092 ἅπερ
1819 2055 1863 2084 λέ-

1035 2104 1087 2131 γει,
1104 2096 1169 2121 πᾶσι
1184 2094 1267 2133 λέγει.
1297 2095 1344 2122 Καί
1373 2095 1440 2123 εἰσιν
1467 2097 1579 2128 ἅπαντες
1606 2101 1656 2132 τῆς
1676 2098 1760 2126 αὐτοῦ
1789 2101 1864 2138 θερα-

1034 2137 1121 2172 πείας,
1152 2139 1188 2170 ὡς
1218 2139 1268 2167 οὐκ
1296 2138 1325 2167 ἂν
1356 2139 1501 2177 ἀμφιλέξοι
1529 2152 1583 2172 τις.
1612 2142 1693 2170 Ὅσον
1718 2141 1747 2170 δὲ
1776 2144 1863 2180 φῦλον

1036 2181 1139 2210 ἱδιάσαν
1162 2184 1238 2220 πόθῳ
1255 2184 1316 2222 βίου
1340 2184 1502 2223 κρείττονος,
1519 2184 1614 2218 ἄλλως
1634 2189 1674 2222 τῷ
1696 2190 1757 2223 Θεῷ
1787 2188 1862 2223 ἀφώ-

1034 2237 1133 2265 ρισται,
1150 2229 1194 2255 καὶ
1220 2230 1256 2260 ὡς
1280 2231 1329 2256 τοῦ
1354 2229 1453 2257 λοιποῦ
1468 2230 1599 2266 ποιμνίου
1616 2230 1768 2260 ἀπόλεκτον
1799 2221 1860 2268 έση-

1035 2271 1138 2307 μιιώθη
1169 2272 1294 2311 σφραγῖδι
1320 2272 1468 2311 δεσποτικῇ
1493 2274 1622 2312 βασιλικῇ
1653 2274 1765 2313 δευτέρᾳ
1794 2278 1859 2313 μετᾶ

1031 2315 1062 2343 τὸ
1079 2317 1227 2354 βάπτισμα,
1253 2317 1337 2346 έκεῖνο
1357 2318 1540 2346 ἀποκέκοπται
1566 2318 1684 2354 δηλαδὴ,
1716 2321 1749 2348 οὗ
1779 2332 1856 2360 φαρι-

1031 2363 1133 2392 σαῖκῶς
1151 2361 1253 2398 μέντοι,
1271 2361 1334 2390 ἀλλ’
1349 2362 1374 2390 εἴ
1401 2363 1457 2401 χρὴ
1484 2363 1555 2391 οὕτω
1580 2364 1669 2403 φάναι,
1698 2365 1768 2393 κατὰ
1794 2366 1856 2398 τοὺς

1029 2404 1244 2443 περιᾳδομένους
1280 2406 1442 2443 Ἑσσαιοὺς,
1481 2407 1527 2440 οὕς
1554 2409 1568 2435 ὁ
1597 2407 1698 2446 γλυκὺς
1730 2408 1854 2449 Ἐϐραῖος

1030 2449 1121 2488 ῥήτωρ
1141 2454 1306 2489 καθιστορεῖ⁴
1331 2452 1371 2483 οἷς
1390 2451 1497 2488 μᾶλλον
1513 2452 1717 2492 ἀφομοιώσεται
1742 2455 1774 2483 τὸ
1795 2467 1852 2484 xci-

1028 2492 1152 2522 νοϐιακὸν
1176 2497 1338 2533 μουαχικόν.
1369 2497 1479 2525 Τούτων
1499 2495 1528 2524 δὲ
1555 2499 1610 2525 τῶν
1638 2498 1729 2536 ἱερῶς,
1757 2500 1851 2528 ἀποκε-

1027 2539 1174 2576 κομμένων
1186 2540 1213 2566 οἱ
1229 2540 1275 2577 μὲν
1291 2541 1340 2576 τὴν
1355 2540 1511 2576 παπαδικὴν
1538 2542 1733 2580 συμπληροῦσι
1749 2545 1850 2582 φυλὴν,

1028 2583 1054 2610 οἳ
1081 2586 1120 2620 τῷ
1148 2584 1193 2612 καὶ
1217 2585 1299 2622 γάμῳ
1323 2589 1481 2621 κοινωνείν,
1510 2587 1555 2614 καὶ
1584 2586 1711 2625 ἐπιγονῆς
1734 2588 1848 2627 ἐφίεσθαι

1025 2633 1202 2666 γεναρχικῆς,
1230 2631 1269 2666 τῷ
1299 2630 1387 2666 λαϊκῷ
1409 2633 1591 2668 προσχωροῦσι
1614 2631 1676 2670 βίῳ·
1707 2633 1734 2660 οἱ
1763 2633 1792 2662 δὲ
1818 2634 1847 2661 τὸ

1024 2671 1114 2710 ἕτερον
1143 2672 1239 2704 σκέλος
1271 2678 1321 2709 τῆς
1357 2674 1513 2713 διαιρέσεως
1548 2675 1726 2713 ἀπαρτίζουσι
1754 2677 1843 2711 τῆσδε.

1024 2718 1073 2744 Καὶ
1104 2717 1170 2746 είσῖν
1197 2718 1262 2746 αὐτὸ
1290 2720 1315 2746 οἱ
1346 2719 1474 2757 μοναχοί·
1505 2720 1541 2747 ὧν
1570 2721 1741 2758 σχιζομένων
1770 2723 1844 2756 αὖθις

1021 2765 1118 2801 τριχῆ,
1148 2761 1337 2801 διανενέμηται
1360 2764 1391 2792 τὸ
1415 2764 1474 2792 κατ’
1486 2763 1584 2798 αὐτοὺς
1600 2764 1781 2804 ὑποδιαίρεμα
1806 2767 1842 2798 είς

1022 2806 1086 2839 τοὺς
1111 2807 1296 2844 παντελείους,
1317 2809 1363 2837 καὶ
1387 2809 1426 2842 είς
1449 2808 1514 2841 τοὺς
1536 2808 1623 2846 πάντη
1641 2810 1770 2850 ἀτελεῖς,
1798 2812 1839 2840 καὶ
