2002 3158
109 170 164 202 90!

618 168 671 199 DE
690 167 936 199 EMENDANDA
958 166 1052 199 VITA
1074 166 1315 199 MONAGHlCA.

1758 171 1819 202 902

108 234 147 267 εἰς
172 228 239 266 τοὶς
271 235 379 272 μέσουςα
410 233 493 261 εἰπεῖν
519 231 547 261 δὲ
575 233 780 270 συνηθέστερον,
806 232 845 263 εἷς
871 230 935 262 τοὺς

1003 232 1096 268 menti,
1112 233 1141 261 in
1158 233 1280 262 minoris
1295 234 1469 269 indumenti,
1482 236 1532 272 qui
1548 236 1650 265 novitii
1666 239 1748 272 sunt,
1769 237 1820 265 de-

111 279 373 317 μεγαλοσχήμονας,
389 278 433 305 καὶ
450 278 488 309 εἴς
509 278 573 308 τοὺς
598 279 646 304 τοῦ
672 279 771 316 μικροῦ
797 277 941 314 σχήματος

111 323 154 351 διὰ
168 325 219 358 τήν
236 323 400 361 εἰσαγωγὴν,
417 322 461 350 καὶ
483 322 521 353 εἷς
549 321 615 354 τοὺς
645 321 741 358 μέσους
771 320 940 358 μανδυώτας.

111 369 160 396 Καὶ
184 367 269 401 ἔστιν,
285 367 376 404 ὥσπερ
407 368 421 394 ὁ
449 366 537 404 γάμος
564 366 691 394 κοινωνία
720 365 818 394 λαϊκοῦ
843 363 940 402 ἀνδρὸς

110 413 155 441 καὶ
182 414 271 447 παπᾶ,
289 412 360 440 οὕτω
389 410 530 447 συνδρομὴ
549 413 672 448 μονοιχοῦ
699 411 768 448 πρὸς
796 412 886 437 παπᾶν
911 409 942 436 τὸ

109 459 157 485 τοῦ
189 456 355 492 ἰξεπιπολῆς
385 457 549 495 φορήματος
594 455 678 492 μέλαν
709 454 752 482 καὶ
795 453 864 492 πρός
883 463 943 481 τινα

110 502 253 541 διαφορὰν,
280 501 324 529 καὶ
364 501 396 528 τὸ
437 500 608 538 (ὁλοσχερῶς
641 499 737 536 εἴπεῖν)
764 499 798 526 οὐ
835 497 941 532 λαΐκὸν,

107 547 181 575 ἆλλά
195 557 256 578 πως
271 543 425 574 Δεϐιτικόν.

142 600 212 640 ριίς.
230 601 280 628 Ἐκ
308 598 412 627 τούτων
442 597 471 627 δὶ
500 597 598 634 δῆλον,
628 597 666 629 ὡς
699 596 859 634 θεραπευταὶ
891 595 940 633 μὲν

107 647 174 673 Θιοῦ
203 645 302 675 πάντες
330 646 430 674 κοινῶς
463 643 488 670 οἱ
515 642 683 680 Χριστιανοὶ,
713 641 941 678 ἀποτεταγμὲνως

106 688 134 717 δὶ
147 690 174 716 οἱ
189 687 314 720 παπάδες
328 688 372 716 καὶ
389 688 415 715 οἱ
432 687 560 725 μοναχοίο
575 686 678 714 τούτων
693 685 721 714 δὲ
744 686 782 717 sic
809 686 892 714 πλέον
917 685 942 712 οἱ

108 733 241 772 μονιχοὶ,
257 733 294 764 ὡς
309 733 396 760 πάντα
418 732 466 769 μὶν
482 731 540 770 βίον
556 731 817 767 κατανωτισάμενοι,
834 730 880 758 τόν
915 740 944 759 τε

108 778 217 813 λαῒκὸν,
242 777 287 805 καὶ
315 777 395 804 αὐτὸν
424 777 470 804 τὸν
508 775 680 803 παπαδικόν·
712 774 885 812 ἐκλεξάμενοι
917 773 945 802 δὲ

109 822 180 851 ἄλλο
193 833 220 850 τι
236 821 368 855 ἐπέκεινα,
384 820 428 849 καὶ
446 820 477 848 οὐ
495 820 577 857 μόνον
600 820 783 856 ἐκλεξάμενοι,
796 819 868 848 ἀλλὰ
898 815 944 847 καὶ

109 865 291 898 ἰπιϐαλόντες
319 868 360 902 τῷ
390 864 595 902 ἐπιλελεγμὲνῳ
624 865 729 903 ἀγαθῷ,
753 864 798 892 καὶ
826 864 944 902 ἀνάγκην

996 277 1084 313 nique
1099 281 1126 306 et
1141 278 1170 306 in
1183 279 1293 306 medios
1305 279 1503 308 mantellutos.
1520 281 1553 308 Et
1563 282 1813 317 quemadmodum

996 323 1106 358 nuptias
1123 322 1203 350 laicis
1219 326 1247 351 et
1262 323 1394 358 patribus
1409 332 1579 352 communes
1601 328 1680 358 sunt,
1697 327 1737 354 sic
1753 335 1819 354 mo-

996 367 1122 394 nachum
1148 370 1176 395 et
1206 370 1317 403 patrem
1340 369 1441 404 jungit
1469 369 1584 405 nigrum
1609 370 1816 398 indumentum

997 414 1159 447 externum,
1176 412 1205 439 in
1231 412 1329 448 aliquo
1352 413 1510 447 diversum,
1528 414 1734 442 indumentum
1760 424 1817 443 non

997 455 1138 484 laicorum
1155 458 1199 491 (ut
1213 456 1286 484 nihil
1303 465 1359 484 non
1375 457 1500 493 dicatur)
1516 458 1567 485 sed
1582 458 1747 487 levitarum.

1035 600 1095 628 196.
1112 600 1219 628 Exinde
1234 600 1325 636 liquet
1354 600 1479 628 famulos
1502 601 1550 629 Dei
1579 609 1644 629 esse
1669 602 1825 630 universos

999 644 1180 672 Christianos
1194 645 1367 681 generatim,
1384 645 1551 681 specialiter
1569 649 1666 673 autem
1683 648 1779 682 patres
1793 649 1824 674 et

1000 689 1224 724 monachos,sed
1241 690 1398 718 monachos
1415 691 1508 726 magis
1519 699 1606 725 quam
1622 691 1824 727 priores,quia

998 734 1087 761 vitam
1104 736 1258 769 utramque
1285 735 1510 770 conjunxeruut,
1536 737 1565 762 et
1592 734 1696 763 laicam
1727 738 1755 763 et
1770 744 1821 771 pa-

999 781 1154 810 ternam,et
1164 779 1243 806 aliud
1254 779 1377 815 insuper
1391 780 1538 816 quoddam
1551 779 1646 807 adhuc.
1660 779 1821 815 elegerunt,

1000 825 1029 850 et
1044 831 1101 850 non
1120 823 1205 850 modo
1221 822 1383 859 elegerunt,
1399 824 1450 851 sed
1471 824 1606 858 praedicto
1630 825 1706 852 bono
1721 833 1823 860 super-

998 866 1213 902 imposuerunt,
1239 869 1309 903 quia
1338 868 1537 895 necessarium
1554 868 1596 896 eis
1625 871 1670 896 est
1685 869 1824 896 continuo

110 910 224 950 ἔχοντες
248 911 288 938 ἀεὶ
313 907 465 938 ἀναϐαίνειν
488 910 557 937 κατὰ
579 910 629 944 τὴν
657 909 797 948 πρόθεσιν,
822 919 856 944 ης
883 908 942 946 ἐγέ-

1003 912 1135 948 progredi
1164 913 1326 940 secundum
1366 912 1530 940 institutum
1567 915 1765 949 assumptum,
1796 916 1825 942 et

110 967 203 991 νοντο,
232 955 278 982 καὶ
318 953 478 982 ἀποδιδόναι
512 956 551 990 τῷ
577 956 647 990 Θεῷ,
682 952 870 991 όίπεριεῧξαντο
899 953 943 981 ἐπὶ

111 1000 247 1038 σωτηρίᾳ.
263 1000 309 1027 Διὸ
326 999 351 1027 εἴ
372 999 419 1036 μὲν
441 998 634 1036 εὖθυποροῦσι,
650 1000 802 1033 ποιοῦντες,
818 999 855 1029 ὡς
884 997 944 1025 ἐτά-

111 1046 200 1081 ξαντο,
215 1044 262 1072 καὶ
285 1046 334 1072 τοῦ
360 1043 529 1081 παγκρατίου
549 1042 702 1081 γενόμενοι,
727 1043 874 1080 ἀγωνιῶσι,
904 1043 942 1079 μὴ

111 1089 234 1127 δεύτεροι
263 1088 384 1116 ἐκπεσεῖν
413 1090 462 1115 τοῦ
499 1087 639 1125 χειρίστου
672 1086 831 1122 ἀντιπάλου,
860 1087 944 1125 ὀρθὴν

109 1134 221 1162 ἀνύουσι
251 1133 301 1168 τήν
330 1131 543 1170 προτεθειμένην
573 1130 647 1160 ὁδόν.
676 1135 730 1160 Καί
759 1128 832 1162 ὅντες
857 1130 944 1162 οὕτως

111 1179 223 1214 ἀληθῶς
242 1177 362 1215 μοναχοὶ
393 1176 436 1204 διὰ
466 1177 496 1204 τὸ
525 1176 748 1214 ἀποκεχῶρίσθαι
766 1178 819 1203 τῶν
850 1175 944 1204 ἄλλων

110 1223 220 1252 πάντων
250 1223 410 1260 ἀνθρώπων,
440 1221 519 1258 ὅμως
548 1221 651 1259 τρόπον
689 1220 776 1248 ἄλλον
810 1220 859 1248 οὐκ
894 1216 947 1248 εἷ’σὶ

104 1267 246 1306 ’μοναχοί.
262 1268 446 1294 Ἐπισπῶνται
474 1266 525 1304 γὰρ
550 1266 582 1293 τὸ
608 1265 736 1304 βιωτικὸν
762 1265 831 1292 ἅπαν
860 1264 945 1304 φῦλον

111 1315 147 1350 τῇ
173 1311 319 1349 ὁμοιότητι
345 1311 414 1348 πρὸς
442 1309 548 1342 αὐτούς.
565 1310 614 1338 Καὶ
644 1309 715 1337 οὕτω
739 1310 859 1348 γίνονται
880 1309 948 1340 πάν,

112 1369 156 1389 τες
169 1359 204 1394 τῇ
224 1357 339 1393 μιμήσει
355 1355 452 1391 καὶτῷ
477 1355 625 1393 ἇμπράκτῳ
649 1354 727 1391 ζήλῳ
751 1353 790 1382 ἕν’
812 1355 850 1386 ὡς
880 1355 945 1382 εἶναι

113 1402 185 1430 οὕτω
200 1401 325 1432 καὶτοὺς
352 1399 491 1438 μοναχοὺς
519 1399 622 1430 λαἰκῶς
637 1399 820 1436 ἀμωμήτους,
842 1400 887 1426 καὶ
914 1399 947 1426 αὖ

110 1446 195 1474 πάλιν
222 1445 286 1476 τοὺς
311 1447 360 1472 τοῦ
388 1444 457 1472 λαοῦ
481 1441 651 1472 ἀπικϐαίνειν
682 1445 857 1480 μονάζοντας’
876 1443 947 1471 οὕτω

113 1489 142 1518 δὲ
156 1491 202 1518 καὶ
217 1489 282 1521 τοὺς
296 1488 420 1521 παπάδας
436 1488 547 1525 ἑκάτερα
567 1488 644 1522 εἶναι,
661 1488 705 1515 καὶ
731 1487 803 1519 ὅλως
833 1489 867 1520 τῆ
891 1490 946 1515 τῶν

113 1535 246 1573 ἐναρέτων
263 1534 328 1572 βίων
344 1534 383 1565 εἷς
412 1532 554 1568 ἂλλήλους
585 1533 839 1570 ἀντιμεταχωρήσει
860 1533 948 1559 πάντα

114 1581 187 1616 ὁμοῦ
201 1580 335 1616 γρήματα
351 1579 428 1614 εἶναι,
445 1578 479 1605 οὐ
499 1577 569 1609 καθὰ
592 1577 678 1605 πάλαι
706 1577 773 1604 ποτὲ
793 1577 946 1614 ᾑρίτισται,

113 1623 189 1652 ἀλλὰ
202 1623 350 1660 θειότερον.

152 1677 222 1716 ριιζΖ
241 1676 272 1704 Εἰ
303 1677 351 1713 μὶν
380 1675 439 1712 οὖν,
461 1676 484 1702 ὦ
509 1675 623 1712 μοναχὲ,
652 1675 726 1706 ὅστις
755 1675 816 1702 ποτ’
845 1673 876 1702 ἂν
903 1674 949 1701 καὶ

106 1721 176 1757 ,οἵης
190 1723 232 1758 τῷ
248 1721 315 1759 ἱερῷ
336 1721 471 1758 σχήματι,
488 1718 560 1747 οὕτω
580 1718 724 1755 διάκεισαι,
739 1719 777 1750 ὠς
807 1719 948 1746 ὑπετυπω-

117 1767 233 1802 σάμεθα,
251 1765 297 1793 καὶ
327 1764 357 1792 σὺ
385 1765 473 1803 ὀρθῶς
501 1761 625 1800 ἕστηκας,
654 1764 698 1791 καὶ
728 1762 832 1795 ἄλλους
861 1763 950 1799 ἐξανα-

117 1812 230 1846 οτήσεις
254 1809 425 1841 πίπτοντας⁸
452 1809 474 1836 εἰ
503 1808 532 1836 δὶ
551 1808 748 1846 ἀποττγχάνεις
775 1812 824 1844 τῆς
853 1809 951 1847 προθε-

118 1866 197 1889 σεως,
215 1855 267 1882 οὐκ
294 1855 345 1893 ἄρα
371 1854 408 1885 εἷς
438 1851 529 1892 ὅρϐιον
551 1853 660 1881 σεαυτὸν
687 1852 883 1890 ἀγαλματίζεις
911 1856 950 1890 τῷ

116 1899 186 1937 θεῷ,
207 1899 281 1927 ἀλλὰ
296 1898 457 1937 πλαγιάζεις
471 1899 508 1930 ὡς
521 1898 559 1929 εἰς
579 1899 681 1934 πτῶμα
700 1895 845 1936 συντριϐἠν
871 1899 950 1926 ἀπει-

117 1944 196 1973 λοῦν.
227 1943 332 1972 Οὐκοῦν
370 1943 518 1981 ὀρθώθητι,
544 1943 589 1970 καὶ
615 1942 645 1970 τὸ
674 1943 741 1970 κατὰ
770 1943 834 1971 Θεὸν
865 1943 951 1976 οὕτως

114 1989 223 2020 ἀσθινὲς
254 1989 407 2026 ἀγάπησον.
437 1988 520 2027 Ἀφες
543 1988 574 2014 τὸ
608 1986 760 2025 ἀγέρωχον·
788 1987 949 2025 σχοράκισον

114 2035 146 2061 τὸ
162 2032 365 2072 φίλαρχον,καὶ
379 2030 415 2059 δι’
430 2031 495 2059 αὐτὸ
511 2032 641 2070 ἄναρχον·
655 2030 758 2063 ἀπόθου
779 2031 829 2066 τὴν
848 2030 950 2069 οἷήσιν⁵

117 2091 131 2105 ιι
148 2076 248 2113 Οἵησιν
265 2089 279 2102 ››
296 2076 324 2113 δὲ
338 2076 412 2114 λέγω
428 2076 459 2104 οὐ
477 2077 538 2111 τὴν,
554 2076 595 2104 ὡσ
609 2075 639 2103 ἂν
666 2074 738 2103 εἷ’ποι
763 2086 814 2108 τις,
830 2075 950 2113 ἐπιγνω-

116 2124 225 2158 στικὴν,
250 2122 311 2154 καθ’
335 2122 368 2156 ἣν
394 2120 535 2159 γινώσκων
559 2130 600 2152 τις
625 2120 838 2158 ἀγαθοπραγεῖν,
865 2119 951 2154 οἴεται

115 2167 218 2205 ἀγαθὸς
236 2166 303 2194 εἶναι
320 2165 418 2203 (δῆλον
433 2165 496 2205 γὰρ,
517 2165 553 2197 ὡς
577 2166 590 2192 ὁ
614 2165 682 2203 πρὸς
707 2162 842 2201 ἀκρίόειαν
872 2164 951 2196 εἰδὼς

115 2211 218 2248 πολλῷ
265 2220 397 2248 προτερον
439 2210 547 2246 οἴεται),
574 2209 650 2237 ἀλλὰ
686 2209 735 2244 τήν
776 2208 949 2246 δαιμονικήν.

115 2257 193 2285 Ἔστι
220 2255 250 2283 δὲ
273 2255 399 2290 τοιαύτη,
415 2256 474 2287 καθ’
493 2255 524 2289 ἣν
548 2255 562 2282 ὁ
582 2255 614 2282 τὸ
638 2253 722 2290 μηδὲν
740 2253 776 2281 ὣν
793 2253 877 2281 οἷέται
911 2253 951 2281 εἷ’-

115 2311 158 2329 var.
183 2301 217 2328 τὸ
243 2303 307 2327 πᾶν.
323 2301 453 2330 Τοιοῦτος
468 2300 482 2326 ὁ
497 2303 547 2334 τῆς
562 2299 684 2336 ἱστορίας
702 2299 808 2336 βάττος,
829 2298 872 2326 ἐὰν
902 2310 950 2326 τυ-

116 2346 166 2384 χὸν
191 2345 322 2384 Ὁρφικὸς
344 2343 413 2381 ᾤετο
439 2344 516 2372 εἶναι.
542 2345 674 2374 Τοιοῦτος
700 2344 713 2370 ὁ
738 2343 877 2381 Θερσίτης,
907 2343 950 2371 ὅτε

114 2390 155 2426 τῷ
189 2388 414 2427 καλῷἈχιλλεῖ
449 2388 544 2426 ἐρίζειν
586 2387 648 2425 περὶ
683 2387 804 2418 κάλλους
850 2388 948 2417 ἐθέλοι.

115 2435 236 2470 Τοιαύτη
262 2444 304 2465 τις
331 2434 421 2468 οἳησις
445 2432 490 2460 καὶ
514 2434 561 2460 τὸν
576 2432 826 2470 παροιμιαζόμενον
856 2433 950 2469 Θάμυ-

116 2490 170 2518 ριν,
193 2478 249 2506 εἴτε
273 2480 402 2515 ”Αμυριν,
433 2477 583 2515 ὑπεξήγαγε
611 2479 659 2504 τοῦ
690 2476 811 2515 βλέπειν.
841 2476 875 2505 Τί
910 2478 947 2514 μὴ

117 2523 194 2562 λέγω
220 2523 252 2551 τὸ
282 2523 390 2551 πάντων
423 2523 556 2562 ὑπερθεν;
586 2522 635 2549 Διὰ
657 2523 756 2558 ταύτην
791 2521 906 2554 καταδὺς
933 2524 948 2550 ὁ

118 2569 271 2608 ἑωσφόρος,
301 2570 340 2604 τῷ
378 2567 467 2604 σκότῳ
497 2565 682 2604 κεκλήρωται.
721 2567 779 2602 Τὴν
819 2567 947 2602 τοιαύτην

118 2612 224 2646 ἀπόθου
241 2610 344 2647 οἴησιν,
361 2612 383 2639 ὦ
398 2610 509 2649 ἀδελφὰ.
522 2612 594 2638 Πάνυ
610 2611 661 2648 γὰρ
678 2611 827 2647 ἐξήσκησας
844 2610 947 2648 οἶημα-

155 2706 213 2742 (22)
229 2706 342 2740 Battus,
359 2705 394 2742 de
411 2712 469 2742 quo
485 2704 616 2742 Ovidius,
631 2706 716 2742 poeta
730 2704 794 2737 fuit,
821 2704 871 2731 sed
888 2712 948 2732 me-

119 2740 242 2775 diocris,
268 2741 319 2776 qui
347 2740 481 2776 singulos
508 2741 608 2769 adibat
636 2741 763 2768 recitans
789 2748 859 2767 suos
886 2749 949 2768 ver-

119 2778 243 2806 siculos.
255 2777 328 2805 Cum
341 2777 442 2804 eadem
454 2777 560 2812 saepius
576 2777 695 2811 diceret,
711 2785 746 2804 ex
757 2776 820 2811 ejus
832 2776 950 2804 nomine

120 2817 186 2843 orta
201 2816 247 2842 est
262 2822 316 2850 vox
332 2811 503 2850 Battologia
510 2813 571 2850 sive
595 2813 737 2850 frequens,
748 2811 788 2840 rei
806 2812 949 2850 repetitio.

121 2865 156 2872 -—
164 2849 324 2887 Thamyris
332 2857 348 2878 e
365 2848 489 2878 Thracia
498 2848 603 2878 oriund
609 2857 642 2878 us
648 2848 796 2878 brat.Cum
805 2848 950 2878 musicam

1000 956 1058 984 Deo
1074 964 1137 991 quas
1165 959 1307 983 voverunt
1338 965 1389 992 pro
1415 965 1470 984 sua
1497 957 1591 984 salute
1614 958 1750 985 reddere.
1776 958 1823 984 Id-

1000 1000 1076 1028 circo
1092 1001 1117 1027 si
1134 1000 1247 1028 felicem
1277 1001 1492 1037 navigationem
1517 1001 1675 1037 complent,
1704 1004 1823 1037 agentes

1001 1048 1034 1073 ut
1062 1045 1270 1081 promiserunt,
1301 1048 1329 1072 et
1357 1054 1461 1080 pugna;
1492 1045 1628 1080 immixti,
1654 1046 1824 1082 proeliantur

1001 1097 1037 1117 ne
1062 1089 1190 1125 pessimo
1220 1090 1386 1117 adversario
1416 1090 1568 1118 inferiores
1596 1091 1759 1124 videantur,
1776 1091 1822 1118 in-

1001 1136 1114 1170 ceptam
1142 1133 1217 1161 vium
1248 1136 1325 1161 recte
1358 1137 1538 1170 percurrunt.
1570 1135 1628 1162 Isto
1658 1135 1744 1163 modo
1759 1144 1824 1164 vere

1001 1178 1125 1207 solitarii
1152 1180 1231 1214 sunt,
1261 1178 1329 1214 quia
1355 1187 1371 1206 a
1399 1179 1512 1206 cunctis
1546 1179 1668 1215 reliquis
1698 1180 1824 1208 homini-

1001 1224 1058 1251 bus
1090 1223 1217 1259 separati
1251 1224 1348 1257 sunt;
1382 1223 1439 1250 alio
1470 1231 1538 1251 vero
1578 1225 1663 1251 modo
1701 1225 1825 1253 solitarii

1002 1276 1060 1295 non
1069 1269 1223 1295 suut.Nam
1233 1267 1401 1295 universum
1409 1268 1565 1295 saeculares
1572 1276 1666 1304 genus
1673 1270 1826 1297 attrahunt

1002 1311 1037 1339 ad
1055 1319 1085 1338 se
1112 1311 1280 1338 imitandos.
1309 1311 1356 1338 Sic
1382 1311 1471 1347 igitur
1500 1321 1588 1340 unum
1621 1313 1695 1340 fiunt
1723 1322 1825 1342 omnes

1003 1358 1065 1384 tum
1096 1355 1268 1388 imitatione,
1295 1358 1358 1383 tum
1384 1356 1478 1383 activa
1508 1356 1703 1391 inmutatione,
1716 1358 1756 1386 ita
1781 1361 1826 1394 ut,

1003 1400 1139 1428 monachi
1155 1399 1214 1427 sint
1241 1401 1298 1427 vita
1327 1400 1401 1428 laica
1428 1401 1710 1437 irreprehensibiles,
1733 1405 1761 1430 et
1776 1403 1828 1430 ali-

1003 1446 1080 1473 unde
1094 1444 1160 1472 laici
1189 1445 1261 1472 fiant
1291 1445 1481 1478 monachi,et
1510 1445 1551 1473 sic
1578 1449 1674 1482 patres
1704 1450 1826 1483 utroque

1002 1489 1152 1524 colligant,
1169 1491 1197 1516 et
1212 1489 1281 1516 vitis
1301 1497 1365 1524 quae
1389 1489 1527 1517 virtutem
1550 1493 1701 1518 sectantur
1716 1492 1825 1527 optime

1003 1533 1038 1561 ad
1055 1533 1179 1560 invicem
1194 1533 1400 1560 transmutatis
1425 1533 1523 1561 omnia
1538 1534 1613 1561 bona
1627 1535 1688 1562 sint
1701 1536 1729 1562 in
1745 1544 1824 1563 com-

1003 1578 1096 1609 muni,
1113 1586 1170 1604 non
1196 1577 1272 1604 sicut
1301 1578 1430 1613 antiquis
1460 1578 1617 1613 placuerat,
1647 1579 1696 1606 sed
1725 1579 1823 1607 divino

1003 1622 1088 1658 quasi
1106 1622 1201 1649 modo.

1040 1676 1099 1704 197.
1130 1675 1158 1702 Si
1188 1683 1266 1711 ergo,
1296 1683 1311 1703 ο
1328 1675 1479 1711 monacho,
1508 1675 1558 1711 qui
1582 1685 1666 1705 sacra
1689 1679 1767 1706 veste
1793 1686 1824 1706 es

998 1710 1134 1754 indutus,
1151 1720 1193 1747 ita
1206 1710 1235 1747 te
1259 1720 1359 1753 habes,
1382 1722 1414 1747 ut
1441 1710 1664 1756 descripsimus,
1680 1724 1713 1749 tu
1728 1724 1824 1750 rectus

1004 1765 1122 1797 stetisti,
1138 1766 1166 1792 et
1181 1764 1254 1792 alios
1269 1765 1407 1792 cadentes
1422 1765 1530 1800 poteris
1549 1765 1709 1794 sublevare.
1727 1766 1756 1794 Si
1773 1775 1824 1794 au-

1003 1812 1062 1838 tem
1079 1818 1095 1837 a
1124 1808 1272 1845 proposito
1300 1809 1443 1842 excidisti,
1461 1817 1518 1837 non
1543 1811 1570 1837 te
1594 1809 1672 1838 velut
1699 1812 1825 1839 statuam

1003 1855 1062 1883 Deo
1078 1854 1177 1890 erigis,
1187 1854 1237 1881 sed
1251 1853 1278 1881 in
1296 1862 1431 1881 occasum
1448 1863 1515 1882 cum
1531 1855 1622 1883 ruinae
1637 1856 1764 1891 periculo
1781 1857 1826 1884 in-

1004 1898 1132 1927 clinaris.
1163 1898 1214 1925 Sta
1243 1898 1341 1934 igitur,
1371 1902 1399 1926 et
1427 1899 1502 1934 quod
1525 1902 1586 1926 tam
1616 1900 1767 1928 infirmum
1783 1903 1828 1928 est

1005 1946 1071 1972 ante
1089 1945 1177 1971 Deum
1193 1943 1291 1978 dilige.
1307 1943 1448 1979 Relinque
1463 1944 1612 1978 ﬁduciam,
1630 1953 1758 1973 amorem
1775 1954 1828 1982 po-

1003 1987 1129 2022 testatis,
1158 1987 1256 2023 sicque
1286 1987 1454 2015 anarchiam
1486 1989 1593 2024 projice
1624 1990 1676 2016 abs
1705 1992 1741 2017 te.
1779 1990 1829 2017 Di-

1006 2033 1088 2060 mitte
1117 2031 1358 2060 exitimationem.
1387 2033 1638 2060 Existimationem
1668 2033 1743 2067 dico,
1770 2042 1828 2060 non

1006 2084 1069 2104 eam
1085 2084 1148 2111 quin
1159 2078 1202 2103 est
1212 2084 1247 2103 ex
1261 2075 1429 2110 scientia,ut
1444 2076 1550 2103 dixerit
1561 2076 1679 2111 aliquis,
1694 2085 1751 2112 qua
1763 2077 1828 2112 qui-

1006 2121 1072 2148 dam
1090 2119 1184 2147 sciens
1209 2128 1240 2147 se
1266 2120 1342 2147 bona
1369 2128 1462 2155 agere,
1487 2120 1633 2148 existimat
1655 2121 1748 2148 bonus
1764 2129 1829 2149 esse

1006 2165 1208 2201 (manifestum
1237 2166 1282 2192 est
1310 2164 1388 2192 enim
1417 2173 1481 2193 eum
1499 2165 1548 2200 qui
1577 2165 1676 2192 omnia
1701 2165 1829 2201 perfecte

1007 2209 1102 2241 scivit,
1119 2209 1211 2236 multo
1228 2208 1308 2244 prius
1323 2208 1555 2244 existimavisse),
1572 2209 1623 2237 sed
1639 2209 1826 2237 diabolicam.

1005 2255 1046 2282 Ea
1061 2256 1105 2281 est
1120 2262 1178 2289 qua
1192 2253 1338 2289 quis,cum
1355 2253 1427 2280 nihil
1439 2253 1638 2288 sit,existimat
1649 2262 1680 2282 se
1690 2263 1754 2282 esse
1765 2262 1828 2281 om-

1006 2299 1064 2327 nia.
1076 2298 1154 2326 Talis
1166 2300 1228 2326 erat
1240 2297 1368 2325 famosus
1379 2297 1425 2325 ille
1437 2298 1538 2325 Battus
1549 2298 1604 2333 (2‘2)
1616 2299 1665 2333 qui
1678 2298 1826 2334 Orpheum

1005 2352 1036 2372 se
1052 2351 1115 2371 esse
1130 2342 1323 2370 existimabat.
1342 2341 1421 2370 Talis
1445 2344 1507 2370 erat
1529 2342 1689 2376 Thersites,
1710 2343 1828 2379 quando

1005 2397 1070 2416 cum
1101 2387 1220 2423 pulchro
1250 2386 1360 2414 Achille
1398 2387 1434 2414 de
1465 2387 1557 2414 forma
1593 2390 1674 2415 certa
1704 2387 1829 2416 volebat.

1005 2433 1084 2461 Talis
1100 2431 1276 2460 existimatio
1306 2431 1452 2458 famosum
1481 2431 1648 2467 Thamyrim
1675 2436 1727 2460 aut
1740 2434 1830 2469 Amy-

1004 2479 1060 2506 rim
1076 2478 1141 2505 visu
1157 2476 1280 2510 orbavit,
1297 2476 1331 2503 Et
1348 2484 1436 2512 quam
1462 2476 1498 2504 ob
1514 2484 1635 2504 causam
1668 2477 1831 2505 maximum

1004 2522 1137 2551 omnium
1153 2529 1210 2549 non
1224 2520 1337 2557 profero
1349 2521 1362 2548 ‘I
1373 2520 1414 2548 0b
1426 2520 1512 2548 istam
1528 2521 1668 2550 detrusus
1676 2521 1789 2561 Lucifer
1800 2522 1830 2550 in

1003 2567 1138 2596 tenebras
1155 2567 1302 2602 projectus
1318 2567 1373 2592 est.
1390 2565 1490 2593 Talem
1516 2566 1764 2596 existimationem
1779 2567 1829 2595 de-

1003 2621 1090 2649 pone,
1104 2611 1142 2639 mi
1155 2610 1252 2638 frater.
1271 2610 1403 2638 Didicisti
1416 2610 1492 2638 enim
1505 2619 1691 2647 presumere,
1704 2612 1829 2639 formam

1005 2705 1165 2736 didicisset,
1182 2712 1216 2731 ea
1232 2703 1302 2730 adeo
1314 2702 1459 2736 excelluit,
1473 2706 1505 2731 ut
1521 2704 1623 2732 tertius
1639 2703 1789 2732 victoriam
1800 2703 1829 2731 in

1006 2741 1133 2778 Pythicis
1145 2740 1225 2778 ludis
1239 2739 1408 2778 obtinuerit.
1436 2740 1539 2768 Dicunt
1563 2743 1661 2778 autem
1678 2748 1745 2768 eum
1761 2747 1829 2767 cum

1005 2775 1098 2805 Musis
1136 2775 1340 2812 decertavisse,
1369 2775 1537 2812 victumque
1572 2776 1676 2809 oculis,
1706 2783 1775 2803 voce
1802 2778 1830 2804 et

1006 2816 1103 2842 mente
1119 2812 1265 2849 priuatum
1282 2811 1383 2840 fuisse.
