2002 3158
187 161 247 192 903

572 154 784 188 EUSTAT’HII
804 151 1189 185 THESSALONICENSIS
1209 151 1502 184 METROPOLITE

1833 151 1893 182 904

187 235 276 263 quam
304 235 321 254 a
350 227 455 254 natura
484 232 542 253 non
568 222 707 259 accepisti
741 222 863 258 jactare.
889 219 1005 256 Depone

1066 217 1122 246 πίας
1161 228 1241 254 ιιναι,
1285 216 1502 263 μορφαζόμενος,
1539 216 1607 256 ὅπερ
1653 216 1716 245 οὐδὲ
1761 216 1896 256 πέφυκας.

186 273 275 301 etiam
291 271 413 300 nimium
430 269 547 297 honoris
572 276 712 302 amorem,
728 269 779 294 aut
807 265 911 294 saltem
929 272 1016 291 amo~

185 325 248 345 rem
264 316 371 351 glorias,
393 315 450 342 fere
480 314 605 341 dicerem
630 319 735 339 vanam
762 309 894 346 gloriam.
919 308 1011 336 Aliter

186 362 263 390 enim
280 368 363 387 amor
379 359 498 386 honoris
524 357 650 393 speciem
674 355 792 383 virtutis
822 353 919 381 habet.
934 352 1009 385 Quid

184 407 228 434 vis
246 405 334 433 videri
351 403 417 440 plus
433 410 519 438 quam
543 400 679 437 oportet?
696 401 750 426 Per
772 400 925 426 tonsuram
941 397 1008 425 ubs-

183 450 319 478 oonditus
333 457 375 482 es,
392 448 450 475 noli
467 455 535 483 ergo
560 453 713 482 apparere,
728 451 796 471 nam
823 442 911 470 simul
923 441 1009 478 jungi

184 496 334 530 nequeunt
362 499 502 528 apparere
532 492 561 518 et
584 488 735 518 abscondi.
766 491 906 523 Asperam
932 486 1009 514 viam

184 537 307 575 elegisti,
323 545 376 565 cur
390 544 459 571 ergo
474 543 525 571 per
546 533 661 562 facilem
686 532 791 568 curris,
808 531 858 559 ubi
887 539 940 559 sua
957 531 1008 558 lia-

186 584 234 612 bet
249 581 379 619 pericula
402 581 449 608 via
473 580 563 607 trita?
586 578 769 614 Jampridcm
798 577 887 604 vitam
904 575 1009 603 duram

184 628 322 663 elegeras,
339 625 498 654 facilimam
515 623 599 659 sequi
616 631 675 650 non
690 622 790 650 debes.

221 673 283 700 198.
294 669 548 704 Quemadmodum
558 668 589 696 in
599 670 694 702 nocte,
702 667 733 694 in
745 666 855 694 mundo
865 665 1009 693 obscurus

185 726 226 751 es,
244 725 302 744 non
318 717 416 744 autem
432 713 463 741 in
479 715 593 741 noctem
609 715 638 740 tu
656 713 788 740 mutatus
803 719 846 738 es.
861 709 926 738 Noli
941 716 1009 744 ergo

184 762 359 789 tenebrosus
374 767 450 791 esse,
466 766 502 785 ne
519 766 575 785 nox
589 757 653 790 tias,
669 757 698 784 in
720 764 777 791 qua
793 755 922 790 proxime
937 761 1008 789 prte-

184 805 400 841 tergredientur
413 802 492 830 silvae
508 801 616 835 bestia},
629 803 658 828 et.
671 799 799 828 leunculi
815 798 964 834 rugientes
972 797 1009 824 ad

185 849 372 885 rapiendum.
389 846 509 874 forsitan
526 845 663 879 alios,sed
675 847 702 872 te
715 851 804 880 quam
820 841 1008 870 maximat-lae

184 894 254 921 sunt
268 892 334 920 feras
363 889 617 926 concupiscentiae,
640 889 669 916 in
697 890 725 916 te
752 888 878 924 agitata},
904 888 932 914 et
957 894 1008 919 per

183 940 211 966 te
226 936 450 965 debacchantes.
467 935 497 962 Si
520 936 618 962 autem
641 933 803 969 Oportuerit
830 934 858 960 te
874 932 909 959 de
923 933 1006 958 nocte

182 990 247 1010 esse
262 982 298 1009 ob
315 981 423 1008 bonum
440 980 556 1013 domus,
580 987 636 1006 nox
661 978 835 1006 terminatur
850 977 880 1004 in
896 975 972 1003 diem
989 983 1007 1002 a

182 1027 241 1055 Deo
256 1033 436 1058 concessam,
449 1024 479 1052 in
491 1033 549 1060 qua
563 1024 725 1052 bestiarum
737 1023 889 1058 passiones
904 1020 1005 1056 sopita

185 1074 265 1107 sunt,
282 1078 334 1098 nec
347 1071 472 1106 possunt
486 1069 574 1097 libere
590 1077 685 1104 agere,
702 1070 790 1104 atque
800 1067 887 1095 homo
902 1065 1006 1093 verita-

184 1116 223 1143 tis
238 1115 296 1143 exit
311 1115 346 1143 ad
363 1122 437 1150 opus
453 1122 551 1141 suum.
577 1113 681 1141 Noctes
700 1111 778 1140 enim
808 1110 961 1139 continuas
977 1108 1006 1136 in

183 1160 269 1188 terris
284 1159 449 1187 Cimmeriis
470 1157 581 1194 antiqui
611 1160 746 1185 auctores
770 1156 1005 1192 assignaverunt.

184 1204 288 1233 Melius
303 1206 366 1232 erat
382 1203 436 1231 hoc
452 1203 570 1231 verbum
585 1210 717 1230 servare:
734 1212 749 1226 «
766 1200 954 1229 absconditor
963 1198 1006 1225 vi-

183 1256 264 1282 vens,
282 1259 295 1273 υ
313 1250 344 1275 ut
360 1246 498 1282 accepisti
513 1255 530 1273 a
543 1246 631 1274 veteri
654 1249 684 1273 et
709 1244 834 1281 sapienti
850 1242 1005 1272 sententia.

185 1293 370 1320 Abscondere
385 1300 442 1319 non
459 1291 553 1319 solum
571 1291 606 1318 ab
629 1290 694 1318 aliis
718 1289 849 1318 obvelata
870 1288 934 1316 vitae
949 1289 1005 1314 tute

182 1337 301 1370 virtute,
315 1337 366 1364 sed
382 1336 471 1364 etiam
486 1344 503 1363 ο
518 1336 612 1370 teipso
628 1343 678 1371 per
691 1334 835 1362 defectum
851 1331 1005 1369 superbiae,

184 1384 212 1410 et
226 1390 277 1418 per
294 1381 498 1414 humilitatem,
516 1380 623 1416 quibus
645 1380 733 1407 homo
755 1378 896 1415 prteditus
911 1377 1006 1404 vivere

184 1436 241 1455 non
260 1428 421 1463 reputatur.
439 1425 514 1453 Illud
528 1427 573 1453 est
587 1433 653 1452 nox.
670 1435 684 1450 «
702 1424 809 1451 Luceat
825 1422 875 1450 lux
889 1425 940 1450 tua
956 1429 1005 1448 co-

183 1480 245 1500 ram
262 1470 433 1499 hominibus
444 1470 476 1498 “.
492 1480 507 1495 n
526 1470 589 1497 Haec
603 1477 669 1496 vero
691 1470 736 1496 est
752 1467 814 1496 dies
830 1468 860 1495 in
875 1475 934 1503 qua
949 1474 1005 1494 uox

185 1516 369 1550 terminatur,
385 1523 449 1551 quae
465 1514 535 1542 sinit
548 1513 823 1542 monachumlibere
837 1520 932 1548 egere,
945 1519 1004 1539 non

183 1560 366 1598 simpliciter,
384 1559 502 1588 fortuito
517 1559 584 1586 etin
600 1566 719 1592 vanum,
730 1557 760 1585 in
773 1557 868 1585 medio
884 1556 1005 1589 mundo,

1066 264 1149 301 ’Λφις
1163 263 1208 290 καὶ
1228 263 1260 290 τὸ
1273 261 1339 300 ἄγαν
1361 262 1522 301 φιλότιμον,
1540 264 1636 299 μενοῦν
1666 273 1698 300 γε
1719 262 1751 290 τὸ
1779 261 1897 301 φιλόδο-

1065 307 1119 342 ξον·
1136 306 1215 345 ἐγγὺς
1239 305 1268 335 δὶ
1297 307 1394 342 εἰπεῖν,
1411 307 1455 335 καὶ
1478 306 1630 342 κενόδοξον.
1651 305 1767 338 ’Άλλως
1795 307 1847 345 γὰρ
1877 308 1895 342 ἠ

1064 350 1209 390 φιλοτιμία
1229 350 1302 383 εἶδός
1325 351 1395 379 ἐστιν
1420 352 1530 387 ἀρετῆς.
1545 352 1575 378 Τί
1599 350 1795 390 φιλενδεικτεῖς
1828 352 1894 389 ὑπὲρ

1062 396 1094 423 τὸ
1114 395 1192 430 δέον;
1211 394 1346 433 Ἑκρύϐης
1373 395 1418 424 διὰ
1440 400 1490 432 τῆς
1514 399 1625 434 κουρᾶς’
1644 397 1682 433 μή
1705 396 1800 424 τοίνυν
1827 406 1894 434 προ-

1064 441 1170 479 φαίνου.
1194 441 1378 478 Ἀσύντροχον
1409 441 1461 479 γὰρ
1497 443 1531 478 τῇ
1569 441 1666 478 κρύψει
1689 442 1722 468 τὸ
1749 443 1894 480 φανητιᾷν.

1062 487 1115 521 Τὴν
1128 490 1256 526 τραχεῖαν
1273 486 1335 515 ὁδόν
1354 486 1440 515 ετίλου·
1456 487 1483 515 τί
1499 489 1562 525 γοῦν
1579 487 1732 525 ὶπιτρὲχεις
1760 489 1796 524 τῇ
1825 486 1895 524 λείᾳ,

1064 531 1124 559 ἔνθα
1139 531 1306 567 κινδυνώδης
1321 532 1365 559 καὶ
1391 533 1408 566 ὴ
1437 531 1627 570 ἀγχώμαλος;
1645 532 1811 569 Ιιροὲκρινας
1839 531 1893 567 ἤδη

1062 577 1094 604 τὸ
1108 578 1158 604 τοῦ
1174 576 1234 614 βίου
1254 576 1385 614 σκληρόν·
1401 574 1498 604 οὔκουν
1521 575 1642 616 ὀφείλεις
1663 578 1712 604 τοῦ
1732 576 1895 605 παναπάλω

1063 622 1195 659 γίνεσθαι.

1099 667 1171 706 ριηι,
1187 666 1232 698 Ὠς
1261 665 1305 702 νὺξ
1333 666 1397 704 περὶ
1426 667 1454 694 σὲ
1490 665 1603 704 κέχυται
1630 665 1662 695 τὸ
1685 665 1755 694 κατὰ
1791 665 1896 702 κόσμον

1063 711 1174 750 ἀφανές·
1193 711 1224 739 οὗ
1251 711 1304 747 μὴν
1329 710 1409 742 αὐτὸς
1433 710 1472 743 είς
1497 710 1580 739 νύκτα
1606 710 1825 748 μεταπέπλασαι.
1851 713 1893 748 Μὴ

1061 756 1151 784 τοίνυν
1176 755 1238 784 θὲλι
1259 755 1350 788 θέσθαι
1374 756 1480 791 σκότος,
1502 755 1540 787 ὡς
1563 755 1685 793 γενεσθαι
1704 755 1800 784 νύκτα-
1827 756 1854 784 ἐν
1877 757 1896 794 ᾗ

1064 799 1248 828 διελιύσονται
1275 801 1348 838 παρὰ
1377 800 1420 827 σοὶ
1447 800 1530 837 θηρία
1555 798 1671 837 δρυμοῦ,
1700 800 1746 828 καὶ
1777 801 1893 837 σκύμνοι

1063 845 1215 882 ὠρυόμενοι
1236 847 1284 872 τοῦ
1308 845 1446 882 ἁρπάζειν,
1463 844 1508 872 καὶ
1536 843 1639 875 ἄλλους
1668 844 1715 881 μὲν
1742 843 1827 880 Ἴσως,
1844 846 1893 882 μά-

1022 908 1046 942 B
1064 889 1143 918 λιστα
1171 888 1200 917 δὲ
1229 887 1350 917 σεαυτόν.
1380 889 1528 927 Ἐνέργειαι
1566 891 1649 917 ταῦτα
1678 888 1838 927 θηριώδεις,
1868 891 1894 919 tv

1061 934 1103 962 σοὶ
1146 934 1341 971 πορευόμεναι,
1371 933 1416 961 καὶ
1460 933 1712 972 παρῤησιαζόμεναι
1758 933 1805 962 διὰ
1833 937 1892 965 σοῦ.

1061 972 1139 1007 Ἀλλ’
1168 978 1190 1006 sl
1219 978 1275 1016 χρὴ
1305 978 1350 1005 καὶ
1387 977 1511 1014 νύκτερον
1545 978 1612 1005 εἶναί
1638 988 1667 1006 σε
1692 978 1892 1016 οἲκονομικῶς,

1060 1022 1132 1051 ἀλλὰ
1145 1023 1216 1061 ταχὺ
1233 1022 1400 1058 ἀποτελευτᾷ
1414 1022 1463 1056 τὴν
1488 1022 1571 1050 νύκτα
1597 1022 1697 1058 ταύτην
1721 1023 1759 1054 είς
1787 1024 1893 1062 ἡμέραν

1061 1066 1272 1105 θεοπαράδοτον,
1289 1066 1314 1094 ἂν
1389 1067 1423 1094 τὰ
1449 1068 1497 1103 μὶν
1524 1067 1631 1104 ἐμπαθῇ
1647 1067 1729 1105 θηρία
1752 1069 1892 1104 κοιτάζον.

1060 1122 1116 1147 ται,
1134 1113 1172 1149 μὴ
1189 1111 1290 1149 ἔχοντα
1317 1111 1559 1150 παρρησιάζεσθαι·
1577 1112 1591 1139 ὁ
1612 1110 1641 1139 δὶ
1664 1112 1733 1150 πρὸς
1761 1112 1893 1149 ἀλήθειαν

1061 1157 1203 1194 ἅνθρωπος
1232 1155 1276 1184 ἰπὶ
1305 1156 1354 1191 τήν
1394 1155 1520 1194 ἐργασίαν
1557 1156 1639 1184 αὐτοῦ
1677 1155 1830 1195 ἐξέρχεται.
1859 1158 1893 1186 Τὸ

1060 1201 1112 1239 γὰρ
1138 1201 1204 1239 ὗπὶρ
1230 1205 1282 1239 γῆς
1309 1201 1349 1228 ἀεὶ
1379 1201 1506 1239 νύκτερον
1535 1201 1697 1239 Κιμμερίοις
1730 1202 1745 1229 ὀ
1773 1202 1894 1235 παλαιὸς

1062 1246 1142 1284 λόγος
1158 1246 1287 1285 ἀφώρισε.
1306 1245 1474 1285 Σαφὲστερον
1491 1244 1520 1273 δὶ
1544 1244 1681 1278 διαθέσθαι
1711 1247 1757 1274 τὸν
1787 1247 1893 1286 λόγον·

1061 1303 1075 1317 ‹‹
1093 1291 1163 1323 Aio:
1192 1290 1279 1328 βιοὺς,
1296 1302 1310 1316 ››
1327 1290 1365 1317 ὠτ
1394 1287 1546 1328 παρέλαϐες
1571 1289 1602 1317 ἐκ
1629 1289 1749 1318 παλαιοῦ
1771 1292 1820 1319 καὶ
1846 1303 1893 1320 σου

1060 1337 1112 1374 φοῦ
1128 1335 1346 1374 ἀποφθέγματος.
1363 1335 1415 1362 Καὶ
1435 1333 1501 1366 λάθε
1527 1335 1565 1371 μὴ
1593 1334 1674 1371 μόνον
1693 1335 1758 1366 τοὺς
1785 1334 1891 1369 ἄλλους

1058 1381 1093 1416 τῇ
1118 1378 1260 1417 ἐπικρύψει
1278 1380 1328 1414 τῆς
1355 1379 1479 1417 ἐναρέτου
1511 1379 1616 1416 βιοτῆς,
1647 1377 1720 1406 ἀλλὰ
1748 1379 1795 1408 καὶ
1825 1391 1891 1409 σαυ-

1058 1424 1104 1452 τὸν
1128 1424 1162 1461 τῇ
1192 1423 1292 1461 ἀτυφίᾳ
1318 1423 1363 1451 καὶ
1391 1422 1431 1460 τῷ
1455 1423 1653 1460 ταπεινώματι·
1671 1423 1738 1462 ἅπερ
1770 1425 1785 1452 ὁ
1815 1423 1890 1464 ἔχων

1059 1467 1122 1496 οὐδὲ
1147 1470 1195 1505 ζῇν
1225 1467 1375 1506 λογίζεται.
1399 1469 1483 1495 Τοῦτο
1511 1469 1529 1502 ἡ
1559 1467 1616 1503 νύξ.
1645 1479 1661 1494 ι(
1689 1468 1834 1506 Λαμψάτω
1858 1471 1891 1498 τὸ

1059 1516 1116 1552 φῶς
1131 1524 1178 1542 σου
1194 1512 1344 1552 ἔμπροσθεν
1368 1515 1422 1540 τῶν
1448 1513 1606 1550 ἀνθρώπων.
1622 1525 1636 1539 n
1651 1515 1736 1541 T0610
1752 1515 1770 1548 ἡ
1785 1514 1892 1552 ὴμὲρα,

1059 1559 1097 1590 εἰς
1125 1559 1155 1593 ἣν
1184 1559 1202 1593 ἡ
1231 1557 1344 1593 τοιαύτη
1373 1556 1420 1592 κῦξ
1458 1556 1637 1593 ἀποτελευτᾷ,
1664 1557 1894 1596 παρῥησιαζουσα

182 1608 215 1633 ut
242 1606 427 1633 introductus
455 1603 485 1631 in
515 1604 618 1631 domos
651 1602 814 1636 hominum,
844 1602 924 1628 intra
949 1609 1004 1628 cu-

1066 1603 1104 1630 τὸν
1122 1603 1257 1640 μοναχὸν,
1273 1601 1327 1640 οὐχ
1348 1601 1434 1633 οὕτως
1459 1601 1565 1638 ἁπλῶς,
1583 1601 1643 1636 εἲκῆ
1667 1601 1714 1629 καὶ
1745 1602 1835 1639 μάτην
1864 1604 1892 1632 ἐν

179 1650 265 1684 liuas,
281 1657 371 1686 super
384 1657 513 1681 mensas,
529 1649 558 1676 in
574 1647 723 1680 conviviis,
738 1645 1003 1683 compotationibus

180 1697 208 1722 et
222 1694 327 1730 epulis,
353 1696 385 1721 ut
410 1694 524 1729 lampas
553 1692 681 1729 fulgeat;
707 1692 757 1719 sed
779 1691 873 1727 magis
894 1691 1002 1718 illumi-

181 1742 269 1767 natus
284 1748 301 1766 a
316 1739 400 1766 Patre
423 1737 569 1765 luminum
594 1739 623 1764 et
637 1736 705 1764 inde
729 1736 759 1763 in
785 1736 936 1763 ﬂammam
952 1743 1002 1763 ac-

180 1790 286 1811 census
302 1783 409 1815 luceat,
432 1782 576 1813 videatur.
603 1783 725 1814 uratur;
741 1783 770 1808 et
798 1780 848 1807 lux
869 1779 959 1814 illius,
977 1779 1001 1807 ei

182 1826 280 1854 minus
296 1834 346 1862 per
362 1833 478 1853 omnem
490 1827 609 1858 terram,
623 1826 655 1852 ut
670 1824 880 1860 apostolorum,
897 1823 1002 1852 saltem

182 1871 275 1898 multa
289 1878 340 1905 per
354 1869 418 1896 loca
431 1868 621 1896 diffundatur.
639 1869 719 1902 Quod
741 1869 770 1896 in
786 1869 917 1896 accensis
933 1868 1001 1896 iaci-

180 1915 236 1942 bus
249 1914 323 1941 solet
331 1914 515 1948 tierl,quibus
526 1921 560 1940 ex
570 1913 628 1941 alto
639 1913 816 1947 lucentibus,
826 1914 1003 1949 deteguntur

181 1958 294 1987 insidiis
310 1957 449 1993 hostium,
462 1957 515 1985 tuti
528 1960 629 1993 portus
640 1957 818 1991 indicantur,
832 1960 860 1986 et
873 1958 944 1986 vada
955 1966 1003 1994 pe-

179 2001 316 2037 riculosa,
333 2001 444 2037 scopuli
469 2004 498 2029 et
520 2010 607 2038 rupes
635 2001 801 2030 devitantur
828 2002 940 2038 aliaque
956 2002 1003 2031 via

179 2047 272 2077 tutior
286 2046 389 2074 initur.

215 2223 276 2251 i99.
292 2224 394 2252 Nonne
410 2223 517 2251 audisti
545 2231 684 2259 magnum
707 2223 880 2259 Magistrum
903 2224 1002 2252 dicen-

1055 1649 1095 1684 τῷ
1119 1647 1227 1684 κόσμοι,
1249 1646 1296 1674 ’ίνα
1321 1646 1389 1679 καθᾶ
1417 1646 1462 1674 καὶ
1489 1646 1647 1684 λυχνοῦχος
1671 1645 1895 1685 παραϐεϐλημέ-

1055 1702 1100 1723 νος
1125 1691 1210 1723 ο⁹ίκοις
1236 1691 1387 1730 ἀνθρώπων
1411 1690 1508 1728 λάμπῃ
1533 1690 1558 1719 ἐν
1581 1691 1747 1726 ὀπτανείοις,
1765 1691 1791 1720 ἰν
1821 1704 1892 1731 τρα-

1055 1736 1199 1772 πέζαις,ἒν
1225 1736 1385 1770 συσσιτίοις,
1401 1735 1427 1763 ἰν
1453 1734 1615 1771 εἰλαπίναις,
1638 1735 1664 1762 ἐν
1686 1735 1806 1773 ἐράνοις·
1823 1737 1894 1766 ἀλλ’

1053 1780 1099 1808 ἵνα
1125 1780 1328 1818 ἐμπυρσεύηται
1358 1779 1411 1807 ὰπὸ
1437 1782 1488 1808 τοῦ
1517 1783 1570 1808 τῶν
1597 1780 1693 1819 φώτων
1711 1782 1827 1820 πατρὸς,
1841 1783 1891 1810 καὶ

1055 1825 1155 1858 ἐκεῖθεν
1179 1825 1217 1857 εἱς
1240 1827 1297 1864 φῶς
1323 1824 1538 1861 ἰξαναπτόμενος
1561 1823 1702 1862 ἐκλάμπῃ,
1718 1826 1765 1853 καὶ
1794 1827 1890 1865 φαίνῃ,

1055 1870 1100 1898 καὶ
1124 1870 1243 1908 πυρσεύῃ
1258 1879 1264 1886 ·
1282 1870 1318 1900 ὡς
1339 1868 1453 1905 διήκειν,
1470 1869 1493 1897 cl
1516 1869 1562 1896 καὶ
1587 1870 1626 1906 μὴ
1650 1872 1795 1908 πανταχοῦ
1819 1871 1890 1899 ἀπο·

1056 1915 1200 1949 πολικῶς,
1211 1913 1274 1942 ἀλλ’
1289 1913 1334 1941 οὖν
1350 1912 1498 1951 πολλαχοῦ
1512 1917 1562 1948 τῆς
1577 1914 1668 1951 γῆςτὸ
1683 1913 1710 1941 ἐν
1727 1915 1802 1951 αύτῷ
1815 1917 1888 1954 φῷς.

1055 1961 1088 1988 Ὃ
1110 1958 1143 1994 δὴ
1167 1959 1213 1987 καὶ
1239 1959 1264 1987 ἐν
1288 1961 1346 1990 τοῖς
1377 1958 1589 1996 πυρσευομὲνοις
1616 1961 1712 1998 φανοῖς
1736 1958 1816 1987 ι’ίωθε
1841 1959 1889 1998 γί-

1055 2005 1157 2039 νεσθαι,
1175 2004 1211 2031 ὧν
1227 2003 1423 2040 ἰκλαμπόντων
1441 2001 1541 2035 ἄνωθεν
1558 2008 1639 2035 ποθεν
1663 2002 1757 2041 ἔφοδοι
1783 2015 1814 2032 τε
1834 2015 1889 2033 πο-

1056 2048 1159 2085 λεμίων
1182 2048 1411 2084 καταμηνύονται,
1428 2048 1474 2075 καὶ
1497 2046 1606 2084 λιμένες
1633 2047 1781 2086 εὖάγκαλοι
1813 2048 1887 2087 διερ-

1058 2093 1231 2131 μηνεύονται,
1247 2092 1292 2120 καὶ
1323 2093 1428 2131 βράχεσι
1455 2090 1608 2128 κινδυνώδη
1637 2093 1682 2120 καὶ
1717 2092 1814 2131 ῥαχίαι
1842 2095 1890 2122 καὶ

1057 2136 1186 2169 σπιλάδες
1225 2136 1394 2166 ὲκκλίνονται
1411 2159 1419 2171 ,

1075 2182 1166 2210 ίνεται.

1075 2194 1166 2210 ινεται.

1055 2194 1072 2220 γ
1093 2227 1160 2266 ρίιθπ
1177 2226 1232 2254 Ούκ
1256 2224 1376 2261 ἤκουσας
1405 2224 1436 2253 ἐκ
1463 2227 1511 2253 τοῦ
1539 2225 1669 2264 μεγίστου
1708 2225 1888 2256 διδασκάλου·

1459 2137 1505 2164 καὶ
1555 2136 1662 2175 ἑτεροῖα
1719 2148 1813 2176 σωτηρ
1819 2138 1889 2174 ιώδη

179 2270 257 2296 tem:
276 2280 289 2294 (ι
307 2268 417 2296 Luoeas
433 2276 530 2296 coram
547 2267 716 2295 hominibus
727 2268 741 2295 ?
756 2279 771 2293 »
786 2268 836 2304 qui
850 2268 1002 2297 scilicetin

1067 2282 1074 2296 ‹
1090 2270 1203 2308 Λάμψον
1217 2269 1368 2309 ἔμπροσθεν
1383 2271 1437 2298 τῶν
1453 2270 1623 2308 ἀνθρώπων;
1640 2282 1654 2296 ››
1671 2270 1753 2302 αὐτὸς
1779 2271 1888 2307 δηλαδὴ

179 2314 405 2349 angiportubus,
420 2316 449 2340 et
464 2313 492 2340 in
508 2313 562 2340 viis
588 2313 723 2347 versaris,
751 2313 800 2348 qui
816 2314 845 2340 in
868 2314 1004 2349 procellis

177 2359 262 2392 juxta
276 2360 383 2386 terram
401 2357 555 2385 commotis
567 2357 699 2393 agitaris,
716 2358 765 2385 ubi
782 2358 943 2386 timendum
960 2361 1005 2387 est

180 2410 216 2429 ne
229 2402 462 2430 vehementiores
478 2402 556 2430 venti
573 2402 722 2429 eodensati
746 2401 842 2430 lucem
858 2405 937 2430 tuam
954 2411 1002 2431 ex—

180 2447 332 2483 stinguant
344 2456 350 2481 ς
367 2448 418 2475 sed
437 2448 531 2475 luceat
541 2447 590 2475 lux
600 2450 651 2475 tua
665 2456 699 2475 ex
710 2447 768 2476 alto
782 2447 882 2476 oculos
897 2449 1004 2477 feriens

181 2490 244 2518 sine
260 2491 347 2524 nube,
364 2492 426 2520 sine
439 2491 578 2520 tenebris.
599 2493 645 2520 Sic
661 2492 731 2520 solis
755 2492 883 2521 circulus
900 2502 956 2521 non
973 2502 1004 2522 se

180 2540 215 2562 ex
230 2534 288 2562 alto
306 2536 431 2571 proiicit,
447 2537 496 2564 sed
513 2536 542 2564 in
568 2536 688 2564 excelsis
713 2536 811 2571 Fertur,
829 2539 857 2564 et
876 2537 1004 2566 viviﬁcos

179 2579 277 2607 radios
293 2579 405 2613 emittit,
424 2588 481 2608 non
506 2581 600 2609 solum
631 2589 728 2609 coram
753 2581 935 2617 horninibusI
951 2583 1003 2610 sed

177 2624 298 2660 ubique,
315 2624 392 2652 sicut
401 2625 503 2659 jussus
515 2629 570 2660 est,
583 2634 650 2653 cum
662 2626 816 2662 majestate
825 2627 1002 2662 resplendet,

176 2673 205 2698 et
221 2669 298 2697 acies
313 2668 465 2697 oculorum
482 2670 657 2698 intuentium
682 2679 801 2698 sursum
816 2671 932 2705 attollit,
950 2680 1003 2699 un-

175 2714 263 2750 dique
278 2713 524 2750 circumspicitur.
541 2714 675 2743 Siolucet
685 2717 714 2743 et
727 2715 797 2744 luna
811 2715 903 2744 solem
915 2724 1004 2745 semu-

212 2813 234 2831 ιιι
247 2814 349 2843 Matth.
368 2822 395 2850 ν,
410 2815 454 2843 ιο.

1059 2315 1086 2343 ἐν
1114 2318 1260 2346 στενωποῖς
1298 2315 1342 2342 καὶ
1382 2314 1535 2353 λιωφόροις
1573 2314 1818 2354 ἀναστρεφόμενος,
1843 2316 1890 2344 καὶ

1057 2362 1116 2391 ταῖς
1156 2361 1219 2398 περὶ
1260 2363 1311 2398 γῆς
1340 2358 1466 2391 θυέλλαις
1492 2358 1691 2396 ἐνειλούμενος,
1716 2359 1781 2389 ἔνθα
1794 2359 1890 2400 φόϐος,

1061 2406 1167 2442 μήποτε
1196 2403 1421 2438 διαυλωνίζοντες
1446 2403 1618 2442 ἀσύμμετροι
1642 2403 1740 2441 ἄνεμοι
1771 2403 1890 2434 ἀποσϐε-

1059 2459 1126 2476 σωσι
1140 2449 1171 2476 τὸ
1187 2448 1212 2476 ἐν
1228 2449 1270 2476 σοὶ
1287 2450 1354 2488 φῶς
1372 2447 1444 2476 ἀλλὰ
1458 2447 1595 2485 λαμψάτω
1610 2449 1641 2476 τὸ
1667 2451 1726 2488 φῶς
1742 2460 1804 2484 σου,
1821 2449 1891 2478 ἅνω-

1059 2499 1101 2525 θιν
1122 2490 1401 2529 ἀκτινοϐολούμινον,
1431 2491 1560 2532 ἀνέφελον
1589 2493 1635 2520 καὶ
1659 2493 1889 2530 ἀνεπισκότητον.

1058 2537 1135 2565 Οὕτω
1149 2537 1193 2565 καὶ
1210 2537 1294 2572 ἡλίου
1308 2536 1398 2569 δίσκος
1422 2537 1453 2564 ού
1477 2537 1666 2575 καταβρίπτων
1694 2538 1791 2567 ὲαυτὸν
1818 2540 1890 2567 ἂνω-

1058 2583 1112 2618 θεν,
1135 2581 1198 2610 ἀλλ’
1227 2582 1294 2619 ὑψοῦ
1323 2580 1467 2620 διφρεύων,
1497 2582 1605 2613 ἀκτῖνας
1634 2583 1792 2611 ἀποπάλλιι
1823 2587 1894 2619 {mo-

1058 2627 1178 2665 γύνουςτ
1195 2626 1225 2654 οὗ
1258 2626 1340 2663 μόνον
1369 2624 1520 2664 ἔμπροσθιν
1549 2626 1711 2665 ἀνθρώπων,
1742 2628 1816 2657 ἀλλᾶ
1843 2630 1892 2657 καὶ

1057 2673 1196 2709 πανταχῇ,
1226 2670 1287 2699 ἔνθα
1328 2670 1511 2705 κεκέλευσται,
1537 2671 1730 2709 ἀξιωματικῶς
1763 2673 1892 2711 παμφαί-

1057 2727 1123 2751 νων,
1138 2715 1184 2744 καὶ
1198 2717 1245 2748 τὰς
1259 2717 1313 2744 τῶν
1331 2715 1488 2754 βλεπόντων
1503 2714 1578 2753 όψιις
1594 2716 1675 2749 αὐτὸς
1699 2716 1789 2746 ἕλκων
1820 2717 1892 2755 ἄνω,
