2002 3158
86 176 144 208 905

597 172 648 204 DE
669 171 914 205 EMENDANDA
937 171 1031 202 VITA
1054 172 1292 203 MONACHIGA.

1733 176 1793 207 906

81 241 125 268 καὶ
152 239 267 272 αὐτόθεν
297 236 478 278 τερίϐλεπτος
508 239 733 277 προφαινόμενος.
765 237 844 267 Οὕτω
869 236 914 264 καὶ

985 240 1042 270 uta,
1056 238 1161 266 dixeril
1182 239 1308 274 aliquis;
1326 241 1354 267 et
1382 239 1481 268 omnia
1497 239 1554 268 alia
1582 241 1679 269 sidera
1704 241 1794 276 digna

84 285 186 321 σελήνη
203 284 363 323 προλάμπει
381 283 470 320 ζήλῳ,
498 283 569 311 εἷ’ποι
595 283 625 310 ἃν
640 295 693 318 τις,
710 286 750 319 τῷ
774 283 840 310 κατὰ
868 282 914 308 τὸν

83 330 175 364 ἥλίον·
206 329 251 357 καὶ
281 328 340 356 ὅσοι
357 327 385 356 ὃὶ
400 330 454 356 τῶν
469 328 562 356 ἄλλων
593 327 711 366 ἀστέρων
740 328 800 358 θέας
831 326 914 361 ἄξιοι.

85 374 159 402 [Ictu
176 376 242 412 γοῦν
259 372 331 401 οὕτω
346 373 392 401 καὶ
408 373 450 400 σό·
467 374 514 401 καὶ
531 373 648 410 λάμπων
673 372 792 415 φύλαττε
816 371 913 408 ὁμοίαν

87 418 252 455 σεμνότητα,
278 417 333 446 ἅνω
356 428 386 446 τε
412 418 512 455 μένων,
537 418 583 445 καὶ
606 418 682 445 κάτω
706 416 822 453 λάμπων
839 416 864 443 ἐν
879 417 914 452 τῇ

88 463 162 491 νυκτὶ
194 465 244 490 τοῦ
278 463 335 490 καθ’
358 464 432 499 ἡμᾶς
461 463 534 500 βίου,
570 461 614 489 καὶ
640 462 704 492 τοὺς
732 460 914 499 ἐγρηγορότας

89 508 224 547 φωτίζων,
240 508 284 535 καὶ
315 507 413 544 ἀρετῆς
426 506 577 545 προκλήσει
604 507 724 544 βοώσης·
757 517 767 530 ε
794 504 913 544 Προσέλ-

88 559 155 587 (ista,
183 553 229 580 καὶ
257 551 420 591 φωτίσθητε-
445 563 460 578 >›
485 549 646 579 ἀναϐλέπειν
677 550 794 581 ἐκείνους
825 550 862 580 εἰς
886 549 915 577 et

88 599 186 632 ποιῶν,
202 597 248 624 καὶ
267 596 425 634 ἐργάζεσθαι
441 596 475 624 τὰ
491 596 622 632 σωτήρια·
648 596 682 622 τὰ
697 595 744 631 μὲν
759 594 803 622 καὶ
820 593 913 625 ἄλλως

88 641 282 680 πολυτρόπως,
299 641 336 673 ὡς
351 639 456 668 οἴδασιν
472 639 547 668 αὐτοὶ
567 640 693 677 μαθόνεες
709 638 739 667 ἐκ
750 638 866 678 φύσιως,
881 638 916 665 τὰ

88 685 116 714 δέ
129 686 176 714 καὶ
193 685 246 713 ὑπὸ
260 687 301 722 τῷ
315 685 386 713 κατὰ
398 686 426 713 at
441 685 522 724 φωτί.

121 741 154 767 σ’.
173 740 236 767 Ἐ’ὶν
254 738 283 766 δέ
297 749 364 766 ποτε
380 737 464 776 δεήσῃ
479 739 511 766 τὸ
527 738 552 765 ἐν
568 738 610 765 σοὶ
636 739 693 776 φῶς
714 737 745 764 τὸ
769 735 914 772 θεωμίμη-

87 795 130 811 τον
147 784 194 811 καί
213 794 288 814 τινος
304 782 362 813 ἑνὸς
390 782 475 810 τόπου
495 783 629 820 γενέσθαι,
645 783 704 808 οἷον
722 779 809 815 οίόιου,
825 781 842 814 ἢ
859 780 914 807 κώ-

90 840 154 865 μης,
171 828 189 863 ἢ
206 827 316 865 ἀγορᾶς,
333 828 350 862 ἢ
368 828 476 864 ἑορτῆς,
493 827 510 862 ἢ
527 826 616 862 ἄλλης
641 826 714 856 τινὸς
743 825 913 860 διοικήσεως,

90 873 183 910 λάμπε
211 875 349 909 κυριακῶς
375 871 421 899 καὶ
451 871 521 905 ἐκεῖ,
546 871 590 899 ἐπὶ
619 869 826 909 ἀναψηλαφήσει
851 869 913 906 μέν·

973 291 1035 317 quae
1052 283 1300 318 aspiciantur.Sic
1317 293 1370 320 age
1385 287 1413 312 et
1429 287 1457 312 tu
1471 285 1558 318 ;dum
1576 285 1667 318 luces,
1698 287 1792 313 conti-

972 336 1062 354 nuum
1080 328 1264 363 splendorem
1281 329 1384 363 retine,
1397 337 1516 357 manens
1531 330 1558 356 in
1576 329 1635 357 alto
1653 330 1793 359 inferiora

970 371 1149 405 illumina,id
1166 375 1210 400 est
1226 375 1341 400 noctem
1359 374 1451 401 nostri
1468 374 1641 408 sieeuli;eos
1652 376 1702 409 qui
1712 375 1792 402 exei-

971 416 1022 443 tati
1039 419 1109 444 sunt
1127 416 1262 450 illustru;
1281 420 1370 453 atque
1381 419 1514 454 exemplo
1529 419 1646 446 virtutis
1661 420 1791 447 claman-

969 461 1026 488 tis:
1044 472 1057 485 ‹‹
1070 461 1171 488 Venite
1187 465 1215 488 et
1231 461 1452 496 illuminamini,
1464 473 1477 487 ι)
1493 464 1535 490 fac
1545 471 1594 491 eos
1606 464 1640 490 ad
1658 466 1685 491 te
1696 464 1791 499 suspi-

969 513 1032 532 cere
1047 507 1075 532 et
1090 505 1231 533 salutaria
1247 506 1358 541 operari
1372 508 1516 542 quaedam
1528 507 1631 535 multis
1645 508 1711 535 aliis
1728 516 1790 536 mo-

969 548 1025 583 dis,
1041 549 1118 577 sicut
1133 549 1236 583 scient,
1253 550 1318 586 ipsa
1333 553 1438 579 natura
1453 551 1721 587 docente,qua:dam
1738 561 1790 589 per

969 593 1065 621 lucem
1086 596 1179 622 tuam.

1003 737 1066 764 200.
1080 737 1108 764 Si
1126 738 1242 772 quando
1256 746 1374 766 necesse
1394 741 1439 766 est
1459 738 1552 767 lucem
1576 742 1655 767 tuam
1686 739 1788 767 divinae

969 781 1096 809 similem
1113 782 1141 809 in
1155 783 1253 818 aliquo
1269 782 1331 810 loco
1348 784 1448 817 videri,
1473 784 1595 820 exempli
1626 785 1730 820 gratia,
1758 783 1789 811 in

969 826 1066 859 domo,
1083 827 1111 854 in
1131 835 1214 862 pago,
1232 827 1260 854 in
1279 828 1350 863 fore,
1368 828 1395 855 in
1412 828 1579 863 festivitate,
1607 831 1657 856 aut
1679 829 1707 856 in
1733 828 1790 856 alia

970 871 1243 904 oecasiono,ibidem
1259 871 1358 900 lucens
1374 873 1496 900 ﬁdenter
1511 873 1546 900 ad
1564 874 1752 909 qurerendam
1761 874 1789 900 et

89 927 130 945 τοι
149 917 196 944 καὶ
222 917 325 955 εὑρέσει
355 915 483 954 δραχμῆς
515 915 693 946 ἀπολωλυίας
722 913 913 952 εὐαγγελικῆς·

982 916 1173 943 nveniendam
1191 917 1361 944 drachmam
1374 917 1520 953 Evangelii
1545 918 1699 953 perditam,
1729 926 1788 946 non

90 962 122 988 οὐ
163 961 219 998 μὴν
251 961 289 992 ὡς
322 959 463 997 ἐμπλῆσαι
495 961 642 997 καμῲάκην
673 960 913 997 πραγματευτικῶς

89 1005 155 1043 δίχα
197 1004 398 1042 προκλήσεως.
443 1005 633 1035 Ἐπαιτοῦντος
675 1005 726 1041 γὲιρ
769 1002 914 1040 ἀνθρώπου

88 1050 168 1078 τοῦτό
197 1060 240 1087 γε,
265 1049 310 1077 καὶ
333 1048 500 1086 πανδημίου,
515 1049 552 1080 ὡς
566 1048 652 1079 οὕτως
667 1048 763 1082 εἰπεῖν,
787 1049 912 1084 πτωχοῦ,

89 1095 117 1126 ὃς
139 1093 244 1122 δύναιτ’
267 1094 297 1121 ἃν
324 1094 368 1121 καὶ
392 1093 459 1132 δίχα
483 1095 630 1132 σχήματος
653 1092 798 1131 ἀγγελικοῦ
823 1091 914 1129 ῥωγα-

90 1139 137 1168 λέα
162 1137 349 1176 περιδόθῆναι,
377 1138 422 1166 καὶ
446 1139 536 1175 πήραν
553 1137 709 1174 ἐνάψασθαι,
739 1137 783 1164 καὶ
811 1137 914 1170 κνυζώ-

90 1194 131 1211 σαι
161 1183 225 1214 τοὺς
255 1182 435 1221 ὀφθαλμοὺς,
465 1183 509 1210 καὶ
539 1181 757 1220 σχηματίσασθαι
777 1181 913 1211 παντοίως

90 1229 133 1256 τὸν
165 1228 270 1263 ἱκέτην,
300 1228 345 1254 καί
371 1227 457 1259 οὕτως
481 1225 616 1266 ἕμφορτος
638 1226 768 1263 γενέσθαι,
786 1226 822 1253 ὧν
837 1225 915 1256 αὐτὸς

92 1272 176 1306 θέλει.

126 1321 176 1345 σοι’.
207 1314 358 1354 Φιλοσόφει
384 1316 496 1348 ἐνταῦθα
520 1317 562 1344 καὶ
590 1316 634 1343 τὸν
664 1319 714 1350 τῆς
742 1313 914 1349 δικαιοσύνης

91 1361 183 1396 ἥλιον,
200 1361 248 1388 τὸν
273 1360 326 1397 πρὸ
351 1360 445 1395 ἡλίου,
468 1361 515 1388 τὸν
528 1360 582 1398 πρὸ
597 1360 714 1393 αἰώνων,
729 1360 774 1386 τὸν
804 1359 844 1386 ἀεὶ
871 1358 916 1385 καὶ

93 1405 157 1433 ὄντα
171 1406 218 1433 καὶ
234 1405 389 1441 λάμποντα,
414 1404 532 1441 τοιούτῳ
549 1404 626 1442 λόγῳ
640 1403 851 1438 καταληλυθότα
879 1403 917 1434 εἰς

92 1455 150 1489 γῆν,
165 1451 212 1477 καὶ
229 1449 373 1486 λάμψαντα
403 1450 429 1477 ἰν
458 1451 537 1485 ἡμῖν,
564 1449 608 1476 καὶ
626 1449 826 1487 ψηλαφήσαντα
854 1447 918 1478 τοὺς

92 1495 317 1528 ἀπολωλεκότας,
342 1495 385 1521 καὶ
404 1494 549 1531 εὑρηκότα,
570 1493 614 1521 καὶ
643 1490 855 1528 ἀναλαϐόμενον,
872 1492 917 1518 καὶ

93 1539 329 1577 περισωσάμῖνον,
356 1538 401 1566 καὶ
431 1537 611 1576 ἀναγαγόντα,
641 1535 702 1570 ἔνθα
721 1537 764 1564 καὶ
782 1536 861 1567 αὐτὸς
883 1535 915 1570 ἧν

93 1585 220 1611 πάντοτε.
236 1583 268 1612 Εἰ
284 1582 355 1610 οὕτω
382 1580 551 1610 καταϐαίνειν
571 1582 616 1610 καὶ
631 1582 711 1612 αὐτὸς
740 1580 851 1614 ἐθέλεις,
879 1580 917 1611 ὡς

92 1629 133 1656 καὶ
160 1628 244 1659 αὐτὸς
268 1627 333 1659 Θεὸς
363 1628 429 1655 εἶναι
454 1627 540 1663 θετὸς,
566 1626 611 1654 καὶ
627 1626 691 1658 τοὺς
706 1625 806 1656 ἄλλους
823 1623 851 1652 δὲ
864 1624 919 1660 ἐξο-

93 1675 188 1709 μοιοῦν
222 1672 267 1699 σοὶ
295 1672 368 1708 αὐτῷ
394 1671 462 1699 κατὰ
490 1671 648 1708 ἐνθιασμὸν,
677 1668 843 1704 κατάϐαινε,
873 1669 918 1696 καὶ

91 1716 305 1756 συναναπρέφου
334 1718 402 1753 ἡμῖν
430 1719 489 1748 τοῖς
517 1717 680 1754 ἀνθρώποις·
711 1714 804 1745 ἄλλως
835 1713 863 1741 δέ
889 1723 919 1750 γε

91 1761 163 1800 ἓῤῥε,
191 1761 335 1799 ἐλέγχιστε
352 1761 484 1796 ζωόντων”
505 1762 611 1797 μήποτε
627 1761 640 1788 ὁ
666 1761 757 1791 κοινὸς
785 1758 918 1793 δεσπότης

93 1806 295 1844 ὂραπετεόοντά
319 1816 348 1833 σε
372 1806 562 1841 ἀναζητήσας,
588 1806 710 1840 ἐπιθήσει
737 1804 835 1840 ζημίαν
861 1805 920 1834 τοῖς

95 1850 309 1889 άναδεχομένοις
326 1861 363 1879 σε.
379 1851 550 1886 Ἐννοήοητι,
569 1848 609 1877 ὅτι
626 1849 739 1888 ἄγγελος
768 1849 858 1888 φωτὸς
886 1848 918 1882 εἴ,

94 1895 140 1924 κᾶν
158 1895 357 1934 μελαμφορῇς,
372 1893 413 1922 ὅτι
430 1895 498 1934 φωτὶ
515 1897 554 1931 τῷ
574 1893 657 1926 ὅντως
674 1896 850 1932 παραστατεῖν
876 1892 920 1920 τέ-

94 1941 180 1976 ταξαι¹
199 1939 242 1968 ὅτι
256 1942 304 1967 τοῦ
320 1939 431 1976 οἲκιίου,
448 1940 462 1967 ’ὀ
479 1951 553 1978 φασι,
571 1939 654 1977 λόγου
675 1939 820 1977 τυγχάνεις
848 1938 920 1976 παρὰ

93 1988 131 2022 τῷ
146 1988 217 2021 Θεῷ·
235 1983 276 2012 ὅτι
293 1984 388 2022 ἀρετὰς
404 1983 562 2022 έπηγγείλω
578 1983 718 2014 παντοίας.

131 2037 183 2066 οϐ’.
214 2040 366 2076 Χρεωστεῖς
388 2037 434 2065 καὶ
460 2037 577 2074 μάλιστα
593 2037 634 2072 οὺ,
665 2037 687 2064 ὦ
716 2035 919 2074 μεγαλοπρεπέ-

98 2094 186 2112 στατε.
212 2084 260 2118 Μὴ
284 2082 374 2110 τοίνυν
400 2080 557 2110 ἀναϐάλλου
582 2083 631 2117 τήν
656 2085 706 2117 τῆς
725 2081 838 2120 ὀφειλῆς
855 2078 923 2107 ἔκτι-

98 2139 149 2157 σιν.
177 2126 270 2163 Ηῦξω,
295 2127 340 2154 καὶ
373 2126 485 2158 ἀπόδος.
513 2127 606 2160 Εἷπας,
632 2126 676 2154 καὶ
699 2126 824 2160 ποίησον,
848 2125 923 2152 Ὑπέ-

98 2183 179 2211 σχου,
203 2172 249 2200 καὶ
263 2171 490 2210 πληροφόρησον.
506 2173 626 2198 Σπεῦσον
658 2172 695 2208 μή
712 2170 857 2207 ψεύσασθαι
885 2171 925 2205 τῷ

100 2220 169 2253 Θεῷ,
183 2217 212 2244 ὃν
239 2215 289 2243 οὐκ
308 2216 362 2243 ἐστι
389 2214 537 2248 διαλαθεῖν.
564 2216 649 2253 Ζυγὸς
678 2214 788 2250 ἐπετέθη
807 2224 859 2241 σοι’
887 2214 925 2250 μὴ

101 2263 145 2289 οὖν
163 2262 244 2299 γίνου
258 2259 521 2298 σκληροτράχηλος.
538 2259 624 2298 Βαρὺς
642 2260 689 2296 μὶν
702 2260 753 2297 γὰρ
777 2258 826 2292 ὣν,
850 2269 928 2286 κατα-

100 2307 190 2345 τρίψει
209 2316 238 2333 σε
253 2305 292 2336 εἷς
309 2305 416 2342 βαθεῖαν
437 2303 560 2341 πληγήν·
589 2304 705 2343 ἐλαφρὸς
735 2303 764 2331 δὲ
793 2303 928 2340 ἐπικείμε-

101 2362 156 2386 νος,
183 2350 230 2378 καὶ
248 2349 319 2377 οὕτω
339 2348 461 2386 χρηστὸς
489 2348 625 2386 ἐπιλέγξει
647 2349 678 2375 τὸ
702 2348 727 2375 ἐν
754 2349 795 2376 σοὶ
821 2347 928 2384 ἀδάμα-

226 2393 263 2421 Οὗ
289 2393 362 2420 ἐνεκα
389 2393 434 2420 καὶ
459 2393 571 2429 κέντρου
601 2391 722 2429 δεηθήσῃ
743 2392 787 2419 καὶ
813 2391 930 2430 ἑτεροίας

103 2440 263 2470 κακώσεως.
290 2437 382 2474 Φύλαξ
409 2436 536 2473 ἀμπέλου
552 2437 671 2475 ἐτάχθης
688 2435 876 2474 εὐλογημένης
905 2436 930 2463 ἐν

104 2484 143 2521 τῷ
160 2485 250 2521 καιρῷ
266 2486 315 2517 τῆς
338 2484 447 2520 κουρᾶς·
473 2482 611 2519 παράμενε
636 2481 693 2516 οὖν⁹
718 2480 859 2520 φυλάττων
886 2481 932 2508 τὸν

106 2528 279 2565 ἀμπελῶνα,
307 2527 350 2554 καὶ
373 2528 422 2561 τὴν
449 2527 582 2564 ἀνάλογον
614 2524 825 2563 μισθαποδοσίαν
850 2527 933 2552 ἁπεκ-

108 2572 273 2610 ὃεχόμενος.
302 2570 426 2599 Μάλιστα
456 2571 502 2607 μὲν
534 2571 578 2598 οὗν
609 2569 647 2600 sic
673 2569 795 2606 ἄμπελον
817 2569 934 2606 ἐμυστη-

109 2618 226 2655 ριάσθης
242 2637 251 2651 ,
281 2616 482 2654 πεφυτευμένην
513 2615 564 2642 ὑπὸ
592 2617 643 2649 τῆς
671 2613 757 2650 δεξιᾶς
785 2616 834 2641 τοῦ
862 2614 936 2650 Ὑψί-

109 2672 186 2690 στου’
216 2661 252 2696 ἧς
280 2660 325 2687 καὶ
354 2660 381 2687 αἱ
412 2657 604 2696 ἁναδενδράδες
623 2659 668 2686 καὶ
685 2658 777 2693 ἡσκιὰ
806 2657 831 2685 ἐν
862 2657 937 2695 λόγῳ

109 2705 191 2742 καλῷ
205 2708 310 2733 κεῖνται
339 2704 412 2742 παρὰ
434 2706 475 2740 τῷ
504 2702 667 2740 Ψαλμῳδῷ.
688 2703 757 2730 Μένε
771 2702 872 2736 τοίνυν,
900 2702 938 2733 ὡς

109 2751 123 2778 ὁ
145 2750 281 2790 φυτεύσας
311 2748 408 2783 ἐθέλει,
433 2748 477 2776 καὶ
503 2747 597 2782 θάλλε,
622 2747 666 2775 καὶ
690 2747 869 2786 καρποφόρα,
899 2745 940 2774 δε-

110 2794 177 2826 διὼς
192 2795 225 2822 τὸ
242 2795 308 2831 πῦρ,
333 2793 371 2824 εἷς
397 2793 412 2820 ὃ
441 2791 621 2831 εὑαγγελικῶς
654 2791 802 2830 βάλλονται
828 2792 862 2818 τὰ
891 2794 940 2826 τῆς

110 2840 186 2871 θείας
215 2837 327 2878 φυτείας
353 2835 474 2873 ἔκϐλητα
501 2838 654 2874 κλήματα.
683 2837 826 2869 Μισθωτὸς
857 2835 941 2876 ἐτάξω

277 2904 409 2938 Panem.
433 2903 488 2936 Gs.
511 2901 658 2937 CXXXV.

104 2406 165 2422 στον
183 2415 190 2424 ,

969 969 1035 988 vero
1050 961 1086 988 ad
1101 960 1280 996 implendam
1309 970 1475 989 mensuram
1505 962 1589 990 bonis
1616 963 1788 996 confertam,

969 1006 1080 1041 absque
1095 1005 1276 1034 invitatione.
1289 1007 1348 1033 Hoc
1363 1007 1440 1034 enim
1457 1008 1534 1034 esset
1548 1006 1675 1034 hominis
1704 1015 1788 1035 men-

969 1050 1038 1083 dici,
1054 1053 1091 1085 et,
1104 1052 1136 1077 ut
1150 1049 1191 1077 ita
1206 1050 1313 1085 dicam,
1330 1051 1395 1078 vilis
1408 1051 1553 1087 pauperis,
1566 1051 1614 1087 qui
1631 1059 1683 1087 pro
1699 1059 1788 1087 ange-

969 1094 1026 1122 lica
1040 1096 1118 1122 veste
1129 1096 1226 1131 posset
1241 1094 1396 1123 laceratam
1410 1095 1467 1123 sibi
1478 1095 1672 1129 circumdare,
1689 1104 1789 1132 peram

970 1147 1132 1172 assumere,
1148 1138 1247 1166 oculos
1263 1142 1369 1175 tegere,
1385 1141 1412 1167 et
1429 1140 1596 1168 mendicum
1613 1141 1733 1168 omnino
1749 1140 1790 1168 si<

971 1184 1093 1218 mulare,
1111 1184 1211 1220 sicque
1226 1185 1364 1212 omnibus
1381 1184 1538 1213 molestum
1553 1193 1627 1213 esse.

1005 1319 1068 1345 201.
1085 1317 1243 1346 Considera
1258 1318 1347 1345 etiam
1365 1318 1455 1345 solem
1469 1318 1592 1354 justitize
1610 1321 1677 1346 ante
1691 1318 1794 1352 solem,

972 1365 1038 1390 ante
1049 1362 1155 1390 saecula
1165 1370 1278 1397 semper
1294 1362 1478 1390 exsislentem
1491 1366 1519 1391 et
1530 1363 1793 1397 lucentem,eodem

973 1409 1056 1435 modo
1072 1407 1100 1434 in
1117 1409 1209 1434 terras
1225 1407 1425 1442 descendisse,
1443 1409 1519 1444 apud
1551 1418 1603 1436 nos
1632 1409 1794 1443 refulsisse,

973 1454 1105 1479 mortuos
1114 1451 1206 1487 digito
1217 1451 1793 1489 tetigisse,atqueinvenisse,suscepisse,

973 1495 1140 1528 salvavisse,
1152 1497 1180 1522 et
1195 1495 1355 1528 reduxisse,
1374 1496 1421 1522 ubi
1438 1499 1501 1523 erat
1525 1496 1587 1531 ipse
1615 1497 1651 1524 ab
1675 1500 1793 1526 interno.

974 1541 1037 1574 Ipse
1049 1540 1074 1567 si
1089 1541 1190 1567 eodem
1201 1540 1287 1566 modo
1302 1540 1345 1566 vis
1360 1540 1547 1575 descendere,
1573 1542 1613 1569 ita
1628 1543 1660 1568 ut
1688 1542 1795 1570 habea-

934 1598 955 1631 Ο
976 1584 1016 1611 ris
1032 1587 1064 1611 ut
1076 1586 1159 1617 Deus,
1179 1583 1250 1610 alios
1261 1583 1314 1610 tibi
1339 1583 1451 1611 similes
1473 1584 1534 1612 zelo
1559 1587 1713 1621 ascendas,
1743 1587 1795 1614 de-

976 1628 1082 1656 scende
1092 1630 1120 1655 et
1135 1636 1308 1655 conversare
1323 1628 1400 1663 apud
1418 1637 1471 1656 nos
1487 1628 1686 1657 bomines.Sin
1701 1630 1796 1666 aliter,

973 1673 1056 1706 vade,
1069 1681 1085 1700 o
1097 1671 1223 1708 pessime
1240 1672 1420 1705 mortalium,
1438 1681 1473 1700 ne
1483 1674 1556 1701 forte
1571 1674 1714 1703 Dominus
1735 1685 1798 1704 om-

975 1717 1054 1744 nium
1071 1717 1230 1752 fugientem
1247 1719 1274 1743 te
1290 1720 1474 1752 persecutus,
1504 1727 1586 1754 paena
1610 1719 1720 1748 afficiet
1744 1729 1795 1749 eos

974 1762 1023 1797 qui
1039 1764 1066 1789 te
1077 1761 1305 1789 absconderunt.
1322 1762 1422 1797 Cogita
1437 1764 1464 1789 te
1481 1771 1545 1790 esse
1555 1763 1692 1799 angelum
1710 1765 1796 1801 lucis,

975 1807 1041 1834 licet
1051 1806 1134 1842 nigra
1148 1808 1228 1833 veste
1244 1806 1376 1839 indutus,
1394 1809 1421 1834 te
1447 1807 1617 1836 adfuturum
1647 1808 1705 1837 luci
1726 1818 1797 1837 verae

974 1851 1177 1887 spopondisse,
1194 1853 1222 1877 te
1233 1851 1309 1886 apud
1326 1852 1416 1878 Deum
1432 1859 1481 1879 ore
1496 1854 1545 1880 tuo
1557 1853 1800 1889 judicandum,ut

974 1896 1066 1928 aiunt,
1082 1896 1130 1930 qui
1143 1895 1264 1922 virtutes
1279 1894 1376 1922 omnis
1391 1896 1508 1931 generis
1524 1897 1694 1932 promisisti.

1010 2038 1072 2065 202.
1087 2038 1129 2065 Tu
1147 2037 1174 2064 in
1192 2037 1295 2073 primis
1311 2037 1425 2065 debitor
1439 2047 1591 2075 es,magne
1609 2042 1799 2079 monache,ne

977 2083 1093 2110 differas
1109 2082 1199 2118 igitur
1216 2081 1305 2108 debiti
1321 2083 1506 2110 solutionem.
1521 2085 1694 2120 Promisisti,
1710 2088 1798 2115 solve.

980 2126 1092 2160 Dixisti,
1110 2134 1173 2162 age.
1190 2126 1390 2161 Spopondisti,
1415 2127 1554 2163 adimple.
1585 2131 1657 2156 Cave
1678 2139 1714 2157 ne
1745 2132 1800 2160 Deo

981 2171 1142 2203 mentiaris,
1159 2178 1245 2206 quem
1260 2170 1386 2205 effugere
1401 2170 1586 2206 impossibile
1608 2176 1664 2202 est.
1692 2174 1801 2211 Jugum

980 2216 1032 2245 tibi
1048 2215 1220 2251 impositum
1237 2217 1292 2248 est,
1307 2214 1365 2242 noli
1383 2214 1460 2242 ultra
1471 2215 1632 2245 calcitrare.
1653 2219 1716 2254 lpso
1736 2228 1803 2256 gra-

981 2262 1055 2290 viter
1069 2260 1138 2292 Isto,
1156 2259 1334 2295 profundum
1348 2259 1454 2287 vulnus
1471 2261 1615 2296 accipies;
1633 2263 1734 2291 leviter
1755 2273 1804 2292 au-

986 2310 1055 2340 tem,
1072 2307 1100 2332 et
1112 2304 1254 2339 jucunde,
1271 2304 1299 2331 in
1317 2307 1417 2339 aperto
1433 2305 1487 2332 erit
1498 2307 1524 2332 te
1539 2306 1717 2335 indomitum
1747 2317 1805 2337 non

985 2359 1059 2378 esse.
1073 2349 1114 2377 0h
1132 2349 1158 2376 id
1176 2357 1250 2384 opus
1265 2348 1444 2382 eritaculeo,
1461 2351 1489 2376 et
1505 2349 1561 2377 alia
1587 2358 1681 2386 pcena.
1700 2353 1806 2382 Custos

986 2396 1074 2422 vinem
1089 2393 1246 2421 benedicta
1258 2401 1288 2420 es
1305 2393 1519 2420 constitutusin
1533 2396 1582 2422 tua
1597 2397 1717 2424 tonsura
1730 2406 1736 2424 :
1747 2406 1811 2434 per-

988 2447 1087 2468 severa
1103 2446 1171 2473 ergo
1186 2437 1314 2465 vinetum
1331 2437 1511 2470 custodiens,
1526 2440 1554 2465 et
1569 2439 1687 2475 dignam
1705 2449 1813 2470 merce-

988 2485 1053 2511 dem
1071 2482 1210 2510 invenies.
1230 2482 1262 2509 Et
1279 2482 1439 2517 prtcsertim
1456 2486 1644 2511 consecratus
1660 2493 1691 2512 es
1713 2486 1742 2514 in
1769 2487 1812 2515 vi-

991 2536 1075 2556 neam
1093 2528 1212 2554 dextera
1227 2526 1336 2554 Excelsi
1355 2526 1485 2562 insitam,
1503 2528 1586 2563 cujus
1603 2530 1676 2557 rami
1693 2534 1722 2558 et
1745 2539 1813 2559 um-

990 2573 1042 2600 bra
1059 2580 1074 2598 a
1087 2570 1244 2598 Psalmisla
1260 2570 1599 2606 plurimumlaudantur.
1612 2575 1740 2602 Remane
1755 2575 1813 2611 igi-

992 2621 1041 2645 tur
1055 2616 1305 2651 quemadmodum
1322 2614 1443 2650 vultqui
1461 2618 1487 2642 te
1500 2615 1660 2651 plantavit;
1677 2620 1714 2646 da
1730 2619 1815 2647 ﬂores

993 2665 1021 2689 et
1038 2662 1165 2693 lruetus;
1178 2659 1274 2695 ignem
1292 2659 1361 2686 time
1373 2659 1492 2694 inquem
1511 2660 1629 2690 inutiles
1646 2663 1817 2691 ramivineae

996 2704 1161 2736 Dominiv-m,
1187 2704 1348 2730 secundum
1381 2703 1581 2739 Evangelium,
1610 2707 1815 2742 projiciuntur.

996 2750 1156 2778 Mercedem
1173 2757 1189 2775 a
1201 2755 1305 2783 magno
1322 2748 1536 2776 Patrefamillas
1548 2752 1676 2786 reeipere
1685 2753 1817 2788 voluisti,

995 2795 1086 2831 igitur
1099 2793 1199 2820 labora
1215 2800 1341 2827 semper.
1358 2793 1521 2821 Producere
1532 2795 1688 2830 prandium
1706 2805 1764 2824 non
1780 2797 1818 2824 li-

997 2841 1091 2876 cet,ne
1106 2837 1217 2866 otiosus
1228 2838 1358 2873 tempore
1375 2837 1524 2866 servitutis
1535 2840 1820 2871 remaneasﬁanare

1620 2904 1659 2938 29
