2002 3158
202 155 260 186 907

586 152 798 184 EUSTATHII
819 149 1202 183 THESSALONICENSXS
1225 151 1518 185 METROPOLI'LE
1539 132 1542 135 '

1849 155 1909 187 903

202 225 283 251 extra
298 222 430 257 modum,
446 222 481 249 ad
498 221 677 257 gravandum
694 229 800 257 corpus
811 228 868 248 non
880 219 978 253 debes,
989 227 1017 246 ne

1081 219 1144 245 εἶναι
1176 218 1298 257 μεγάλου
1326 219 1548 249 Οἶκοδεσπότουο
1580 220 1695 260 ἐργάζου
1722 221 1812 250 τοίνυν
1842 222 1905 252 ἀεί.

202 268 328 296 crassior
343 276 417 304 opus
433 266 573 303 negligas.
595 266 691 301 Neque
721 274 771 302 per
789 267 880 293 totam
909 266 1021 292 noctem

203 313 330 340 dormire
342 313 384 340 ias
399 313 575 348 est,propter
589 319 776 339 communem
791 309 943 337 inimicum
960 317 1022 336 me-

204 358 362 392 ridianum,
379 357 428 392 qui
446 364 541 392 neque
550 358 633 383 nocte
649 354 730 383 novit
753 354 897 382 inducias.
922 354 1023 381 Abun-

204 403 254 430 dat
268 402 345 430 enim
362 401 479 437 sagittis
492 400 659 428 volantibus
670 400 699 427 in
716 399 772 432 die,
789 401 817 427 et
828 398 952 435 negotiis
974 406 1023 433 pe-

203 446 441 475 rambulantibus
453 446 481 473 in
493 444 687 473 tenebris.llle
699 443 810 472 malum
824 451 941 479 semper
955 451 1024 479 ope-

202 493 294 525 ratur,
305 492 333 518 te
349 498 464 527 semper
472 498 536 517 esse
552 489 682 517 sobrium
699 497 816 516 necesse
831 490 886 516 est.

236 667 298 696 203.
315 667 381 695 Scio
396 666 544 702 equidem,
561 674 628 693 cum
645 665 701 694 ista
716 674 733 692 a
749 672 794 692 me
811 664 906 699 audis,
923 666 950 691 te
964 663 1024 700 pati

204 712 334 749 pessima
356 711 503 745 arbitrari,
520 713 548 738 et
570 710 732 746 ignominia
754 709 841 740 attici,
867 708 928 744 qui,
944 708 1024 735 visus

204 757 343 793 magister
358 764 433 789 esse,
451 756 487 783 ab
503 755 569 783 aliis
591 763 653 790 quae
679 754 791 789 agenda
821 753 878 781 sint
899 753 1022 780 doceris.

204 805 262 838 Ego
277 803 375 829 autem
393 808 544 836 nunquam
557 801 694 832 tacerem,
711 798 777 826 licet
789 798 884 826 furore
896 797 1024 833 percitus

205 847 400 884 rumpereris;
418 854 475 874 non
492 845 578 873 modo
591 845 619 872 in
649 844 773 880 gratiam
805 843 859 876 tui,
880 843 968 871 unius
997 846 1025 871 et

204 892 332 929 superbi,
349 893 399 919 aut
409 891 534 918 duorum
551 889 675 917 aliorum
698 888 852 923 similium,
868 895 941 924 quos
957 896 1023 923 per-

203 939 306 972 euntes
334 935 468 968 dimitto;
497 934 547 962 sed
573 941 662 961 causa
689 932 868 968 reliquorum
901 932 1024 960 fratrum

203 990 277 1018 quos
293 981 362 1009 dum
379 979 513 1016 decipere
528 979 582 1014 vis,
599 986 722 1014 regnum
738 977 789 1005 Dei
805 977 970 1013 perturbes,

236 1081 300 1109 204.
316 1080 399 1108 Nunc
415 1082 526 1112 tamen,
542 1078 597 1106 hoc
613 1087 671 1105 uno
692 1078 791 1105 addito
803 1077 934 1113 exemplo
959 1076 1024 1105 lirto

202 1130 230 1156 et
246 1127 348 1154 idoneo
362 1127 397 1154 ad
427 1126 604 1158 docendum,
634 1124 751 1151 tinietur
776 1124 880 1151 oratio.
915 1123 1024 1159 Scythze

203 1171 273 1199 olim
289 1171 395 1198 Graecis
416 1169 514 1197 infesti
539 1169 644 1196 acriter
672 1169 701 1195 in
731 1176 778 1195 eos
799 1168 1023 1203 impressionem

204 1216 348 1242 faciebant
372 1223 434 1249 qua:
482 1221 556 1249 aegre
594 1213 803 1240 sustinebatur.
846 1212 937 1247 [gitur
973 1213 1023 1248 qui

204 1259 395 1291 ledebantur,
413 1260 476 1285 tum
505 1259 536 1284 ut
566 1256 728 1292 periculum
757 1258 932 1289 amoverent,
961 1259 1023 1284 tum

204 1307 235 1331 ut
273 1302 382 1330 auxilia
419 1304 565 1336 pararent,
596 1301 733 1328 inducias
757 1301 949 1337 paciscuntur
972 1301 1023 1328 ali-

204 1349 314 1383 quanto
352 1349 494 1381 tempore,
540 1345 644 1372 diebus
672 1353 745 1380 quas
772 1344 926 1380 utriusque
954 1354 1022 1380 par-

203 1392 242 1419 tis
265 1389 479 1426 beueplacitum
526 1389 686 1425 assignavit
728 1390 897 1417 servandas.
932 1390 1022 1417 Caete-

202 1443 268 1463 rum
296 1434 387 1462 Graeci
417 1433 567 1461 securitati
594 1442 624 1461 se
654 1433 808 1466 dederunt,
831 1433 969 1462 ﬁduciam
991 1434 1021 1462 in

200 1479 262 1508 solo
278 1478 594 1514 fmderisjurejurando
610 1477 801 1512 collocarunt,
819 1486 910 1514 neque
934 1487 1022 1506 excu-

199 1524 264 1552 bias
288 1525 422 1559 egerunt,
453 1531 548 1558 neque
577 1522 704 1550 militum
740 1531 818 1550 more
852 1522 1020 1558 vigilarunt.

198 1568 311 1605 Scythae
322 1570 421 1596 autem
438 1568 474 1595 ad
495 1567 594 1595 dolum
627 1567 807 1600 confugiunt.
841 1567 1020 1603 Intempesta

199 1621 268 1649 ergo
282 1612 354 1640 hora
369 1612 473 1646 noctis,
492 1620 548 1639 non
566 1620 632 1639 cum
645 1611 731 1639 solito
758 1612 898 1645 clamore,
922 1611 1019 1639 subito

200 1657 423 1692 irruentes,illos
439 1665 540 1684 secure
556 1657 734 1684 dormientes
745 1656 953 1684 interfecerunt
964 1665 1021 1684 non

201 1709 319 1738 paucos.
331 1701 436 1736 Sicque
452 1701 608 1736 periissent
623 1701 677 1728 soli
690 1701 859 1736 juramento
871 1701 1022 1728 conﬁden-

203 1749 258 1781 tes,
274 1746 331 1773 nisi
345 1746 453 1773 Graecis
469 1746 587 1773 animus
600 1745 752 1773 adfuisset.
772 1745 852 1773 Brevi
867 1746 945 1773 enim
958 1754 1021 1782 pro-

205 1790 336 1818 silientes
352 1798 492 1824 armaque
508 1790 674 1823 induentes,
692 1790 737 1816 vix
753 1790 872 1823 quidem
888 1790 1020 1826 superio-

198 1842 244 1861 res
261 1836 424 1861 evaserunt.
441 1834 544 1861 Postea
558 1842 624 1860 cum
638 1834 757 1869 pcrjurii
775 1834 887 1870 Scythaa
917 1843 1019 1870 argue-

197 1880 309 1912 rentur,
329 1877 359 1904 in
383 1886 503 1905 causam
532 1877 683 1904 adducunt
713 1880 915 1906 tantummodo
944 1879 1018 1912 dies,

195 1920 276 1949 nullo
292 1922 485 1949 modonoctes
500 1921 679 1949 intellexisse
695 1923 834 1957 dicentes,
844 1931 909 1950 cum
923 1924 1018 1951 foedus

194 1967 375 2003 pepigerant.
396 1969 497 2003 itaque
522 1967 626 1994 diebus
651 1968 746 1995 solum
774 1968 882 2003 allatis,
908 1968 1017 2003 injuste

192 2011 313 2047 perjurii
328 2012 460 2040 damnati
471 2011 844 2048 fuissent,noctistempore
860 2013 1015 2041 irruentes.

225 2154 288 2182 205.
306 2155 378 2183 Huic
394 2156 521 2184 sermoni
533 2156 620 2184 finem
636 2155 1014 2192 impone,eminentissime;

191 2199 300 2236 quique
330 2201 432 2228 rudem
459 2201 534 2229 hanc
557 2201 711 2228 historiam
741 2209 880 2237 generose
910 2209 1016 2237 provo-

190 2244 274 2277 casti,
305 2252 339 2272 ex
368 2245 419 2272 illa
446 2245 573 2272 fructum
600 2245 726 2280 percipe,
762 2254 829 2272 cum
859 2248 887 2272 et
916 2248 947 2272 tu
987 2248 1016 2274 et

189 2288 368 2324 fraternitas,
386 2299 449 2325 quea
466 2290 543 2326 apud
561 2293 589 2317 te
604 2293 658 2324 est,
675 2290 792 2318 dolosos
815 2290 914 2318 hostes
943 2299 1013 2326 quo-

189 2333 261 2361 tidie
270 2334 588 2362 obsidenteshabeatis.
608 2335 687 2363 Licet
703 2343 753 2363 vos
776 2335 806 2362 in
822 2335 869 2362 die
898 2335 1012 2363 sobrios

191 2385 248 2404 non
276 2379 452 2413 percutiant,
484 2379 595 2407 scilicet
612 2379 776 2412 visibiliter,
805 2379 888 2415 quasi
918 2380 1012 2407 fwdus

191 2423 376 2460 mentientes,
390 2425 439 2452 sed
456 2425 513 2452 alio
530 2425 616 2452 modo
632 2425 916 2460 invisibiliter,quasi
929 2427 1012 2453 nocte

190 2465 335 2495 irruentes
350 2468 523 2496 mortalibus
535 2469 642 2505 jaculis
656 2470 798 2505 affligunt.
813 2470 855 2496 lta
872 2472 902 2496 ut
929 2470 1010 2497 vobis

190 2520 305 2548 semper
315 2512 354 2540 sit
368 2513 693 2548 vigilandum,maxime
703 2513 931 2541 formidantibus
946 2514 1010 2541 ani-

188 2565 305 2586 marum
325 2557 480 2591 latronem,
510 2558 709 2586 nescientibus
738 2567 797 2594 qua
827 2561 896 2586 hora
926 2559 1008 2586 dolo-

187 2607 392 2632 susventurus
415 2603 464 2629 sit.
493 2604 552 2630 Hoc
582 2605 680 2630 autem
706 2602 828 2635 facietis,
854 2603 931 2638 apud
960 2611 1010 2631 vos

186 2648 310 2685 alligati,
324 2647 384 2674 imo
398 2649 425 2674 et
441 2647 564 2682 religati,
578 2647 679 2683 sicque
695 2655 747 2675 nec
764 2647 933 2682 religionem
958 2655 1010 2674 nec

185 2692 389 2728 religiosorum
405 2699 510 2719 nomen
540 2692 726 2719 mentientes.
757 2694 898 2719 Cmterum
926 2692 1009 2720 vobis

187 2738 359 2774 przsparatis
373 2739 405 2765 ut
420 2737 575 2773 prmpnrati
591 2737 674 2771 estis,
697 2737 850 2773 vigilantia
878 2746 934 2765 non
964 2740 1010 2766 est

188 2782 359 2810 revocanda.
375 2782 454 2810 Unde
470 2781 604 2817 quamvis
621 2789 671 2817 per
684 2781 762 2808 diem
773 2784 802 2809 et
817 2783 930 2809 noctem
941 2782 1007 2810 dor-

187 2826 311 2855 mientes
326 2834 377 2855 vos
400 2826 566 2862 percutiant
592 2825 738 2854 terribiles
763 2825 918 2862 sagittarii,
950 2834 1007 2855 non

1030 2269 1053 2301 D

1077 262 1134 291 Οὐκ
1149 262 1202 290 ἔστι
1231 275 1271 292 σοι
1296 263 1413 293 δειπνεῖν
1435 265 1478 293 ἐπὶ
1507 266 1622 304 μακρὸν,
1644 265 1690 294 ἵνα
1713 267 1751 304 μὴ
1767 269 1905 306 καταργῇς

1076 307 1121 334 τὸν
1138 311 1186 342 τῆς
1200 307 1324 340 δουλείας
1339 309 1444 348 καιρόν.
1461 309 1519 339 Οὐκ
1536 310 1657 350 ὀφείλεις
1682 311 1792 349 ἀριστᾷν
1824 311 1904 349 ὑπέρ-

1080 362 1164 390 μετρα
1178 353 1224 380 καὶ
1249 354 1317 390 πρὸς
1345 355 1440 392 βάρος,
1462 353 1509 382 ἵνα
1535 355 1572 392 μὴ
1588 353 1726 394 ῐμφορτος
1741 355 1778 383 ὣν
1795 355 1904 394 ἀμελῇς

1077 398 1125 423 τοῦ
1138 395 1229 435 ἔργου.
1246 398 1303 427 Ούκ
1329 396 1400 427 ἔστιν
1421 398 1484 427 οὐδὲ
1512 399 1672 428 ὁλονύκτιον
1699 400 1904 429 ἀναπαύσασθαί

1078 450 1107 468 σε
1122 439 1166 468 διὰ
1180 442 1225 469 τὸν
1242 441 1421 482 μεσεμϐρινὸν
1443 444 1535 472 κοινὸν
1550 443 1657 484 ἐχθρὸν,
1674 445 1704 477 ὃς
1718 444 1784 473 οὐδὲ
1797 445 1905 484 νύκτωρ

1079 484 1213 516 σπὲδςτσιι.
1232 487 1348 516 Πλουτεῖ
1362 488 1424 527 γὰρ,
1441 489 1531 527 ὥσπερ
1549 489 1638 528 βέλεσι
1654 490 1819 527 πετομένοις
1832 491 1905 528 ἡμὲ-

1080 540 1139 568 ρας,
1155 530 1226 559 οὕτω
1241 532 1285 560 καὶ
1301 534 1457 571 πράγμασιν
1480 533 1506 562 ἐν
1534 534 1622 562 σκότει
1649 533 1902 573 διαπορευομένοις.

1079 575 1136 620 ’δεῖ
1152 576 1202 611 τήν
1216 577 1350 615 πονηρίαν
1366 577 1468 611 ἒκεῖνος
1484 578 1631 617 ἰργάζεταιο
1647 579 1689 607 ἀεὶ
1703 579 1749 607 καὶ
1766 580 1795 608 σὲ
1807 581 1902 620 νήφειν

1078 617 1180 657 ἀνάγκη
1185 641 1191 648 .

1116 667 1162 701 σγῖ
1186 665 1238 692 Καὶ
1265 664 1325 693 οἴδα
1353 667 1420 703 μὶν,
1451 667 1492 694 ὅτι
1519 670 1602 696 ταῦτα
1631 668 1657 704 ἐξ
1684 670 1765 706 ἡμῶν
1796 669 1902 697 ἀκούων

1080 706 1151 735 δεινὰ
1167 708 1256 740 δοκεῖς
1275 711 1402 748 πάσχειν,
1429 711 1466 742 ὡς
1495 711 1683 749 ἐτιμούμινος·
1714 713 1740 741 εἴ
1765 724 1798 751 γι
1826 713 1901 742 διδά-

1080 753 1182 784 σκπλος
1211 755 1276 781 εἶναι
1306 753 1413 790 δοκῶν,
1442 756 1498 783 εἶτα
1526 758 1590 795 παρ’
1617 758 1713 795 ἑτέρων
1737 758 1860 792 ἀκούεις,
1889 759 1905 786 ἃ

1079 798 1217 834 ποιητέον.
1234 800 1306 837 Ἐγὼ
1322 799 1350 827 δὲ
1366 800 1415 828 οὐκ
1434 801 1464 828 ἂν
1480 812 1546 829 ποτε
1570 803 1766 840 σιωπήσωμαι,
1803 803 1829 831 εἲ
1858 804 1902 831 καὶ

1080 842 1252 882 διαρραγείης
1280 845 1462 882 θυμούμενος⁸
1491 847 1534 874 καὶ
1565 846 1596 875 οὗ
1620 849 1748 875 τοσοῦτον
1780 847 1828 875 διὰ
1852 849 1903 883 al,

1079 887 1123 915 τὸν
1139 886 1195 924 ἕνα,
1224 889 1270 916 τὸν
1297 889 1415 927 ὑψηλὸν,
1445 891 1463 926 ἢ
1489 889 1533 918 διὰ
1553 891 1616 923 τοὺς
1640 892 1754 929 ὁμοίους
1770 891 1831 927 δύο,
1858 893 1903 925 οὕς

1079 932 1213 971 φθινύθειν
1238 933 1350 973 ἀφίημι,
1377 934 1450 962 ἀλλὰ
1475 933 1521 963 διὰ
1534 935 1597 968 τοὺς
1625 935 1740 968 λοιποὺς
1756 935 1903 975 ἀδελφοὺς,

1080 976 1126 1009 οὕς
1140 978 1289 1016 φενακίζειν
1306 978 1418 1014 ἐθέλων,
1433 980 1464 1007 τὸ
1479 982 1528 1008 τοῦ
1543 982 1610 1008 Θιοῦ
1630 980 1817 1019 διαταράττιις
1833 981 1904 1010 οὕτω

1078 1021 1242 1059 πολίτευμα.

1115 1075 1163 1104 63'.
1179 1078 1223 1112 Τῷ
1251 1077 1310 1109 τὲος
1340 1078 1441 1114 μέντοι,
1471 1077 1557 1106 ἐκ.ιῖνο
1576 1079 1621 1106 καὶ
1646 1079 1728 1116 μόνον
1749 1079 1903 1119 ἐπενεγκὼν

1079 1121 1116 1152 εἷς
1132 1121 1267 1160 ἀφήγησιν
1291 1121 1469 1154 παιδευτικῶς
1489 1123 1596 1161 ἱλαρὰν,
1624 1124 1812 1161 πεπαύσομαι.
1838 1125 1906 1153 Σκύ-

1079 1170 1122 1196 θαι
1139 1164 1223 1192 πάλαι
1238 1166 1305 1193 ποτὶ
1329 1164 1454 1203 ἀνδράσιν
1485 1165 1617 1203 Ἕλλησιν
1646 1167 1812 1204 ἐπιθέμενοι,
1843 1167 1906 1196 ἐϐά-

1079 1219 1158 1246 ρυναν
1174 1210 1219 1237 τὸν
1235 1211 1276 1237 ἐπ’
1292 1210 1382 1241 αὐτοῖς
1397 1210 1531 1248 πόλεμον,
1542 1212 1587 1239 καὶ
1602 1213 1668 1246 ἦσαν
1686 1213 1716 1240 οὐ
1734 1212 1798 1250 ῥᾷον
1817 1224 1906 1252 φορη-

1077 1254 1130 1281 τοί.
1161 1254 1265 1283 Οὐκοῦν
1295 1256 1322 1282 οἱ
1353 1255 1539 1293 βλαπτόμενοι
1567 1257 1599 1284 τὸ
1622 1258 1669 1293 μέν
1682 1268 1724 1285 τοι
1752 1257 1905 1296 ἇνπωχήν

1077 1297 1231 1335 τοῦςδεινοῦ
1253 1300 1520 1337 πραγματιυόμενοι,
1544 1301 1576 1328 τὸ
1596 1299 1624 1328 δὶ
1639 1302 1682 1328 καὶ
1696 1304 1829 1337 συσκευήν
1843 1302 1905 1330 ἐπι-

1077 1343 1189 1381 κουρίας
1211 1344 1391 1381 τεχνώμενοι,
1417 1343 1573 1372 σπένδονται
1595 1348 1727 1384 καιρικῶς
1757 1346 1800 1374 ἐπὶ
1832 1348 1907 1383 ἡμέ-

1078 1397 1137 1425 ραις
1168 1388 1230 1419 ὅσας
1259 1390 1290 1415 τὸ
1319 1388 1344 1416 ἐν
1373 1388 1509 1427 ἑκατέροις
1537 1390 1647 1428 ἀρὲσκον
1676 1389 1799 1430 ἐκύρωσε
1816 1413 1822 1420 .
1853 1391 1906 1420 Καὶ

1075 1434 1123 1459 τοῦ
1146 1431 1245 1460 λοιποῦ
1268 1432 1399 1468 ἐκάθηντο
1424 1434 1455 1461 τὸ
1477 1433 1640 1470 Ἑλληνικὸν
1669 1435 1841 1473 ἀφρόντιδες,
1858 1447 1906 1464 m-

1076 1476 1231 1508 στεύσαντες
1246 1477 1355 1509 ἑαυτοὺς
1373 1475 1467 1514 μόνοις
1486 1481 1544 1510 τοῖς
1560 1477 1664 1516 ὅρκοις,
1695 1478 1758 1507 οὔτε
1779 1481 1909 1520 φύλακας

1075 1522 1296 1559 προσιστάμενοι,
1324 1521 1386 1550 οὐδὶ
1416 1523 1470 1559 μὴν
1499 1526 1685 1561 στρατηγικῶς
1709 1523 1907 1564 ἐγρηγορότες.

1076 1564 1152 1594 Οίδὶ
1186 1566 1284 1594 Σκύθαι
1313 1583 1348 1588 —--
1376 1566 1439 1595 ἀλλ’
1468 1567 1565 1600 αὐτοὺς
1594 1567 1740 1606 ὑπέρχεται
1771 1570 1908 1607 ἐπιθυμία

1078 1608 1173 1638 δόλου”
1199 1610 1248 1638 Καὶ
1272 1610 1340 1649 ἀωρὶ
1365 1612 1460 1642 νυκτὸς
1474 1611 1582 1652 αῗὲρνης,
1610 1613 1655 1640 καὶ
1685 1612 1750 1641 οὐδὲ
1775 1614 1820 1650 ξὺν
1851 1615 1907 1654 βοῇ

1076 1656 1110 1691 τῇ
1141 1656 1258 1691 συνήθει,
1283 1655 1486 1688 ἐπεισπτσόντες
1502 1679 1509 1691 ,
1530 1655 1588 1684 ἐπεὶ
1624 1657 1778 1695 ἐκοιμῶντο
1803 1658 1905 1688 ἐκεῖνοι

1078 1699 1239 1738 ἀφύλακτοι,
1256 1699 1404 1737 κατέκοψαν
1420 1701 1470 1728 οὐκ
1493 1700 1616 1739 ὀλίγους·
1633 1703 1678 1730 καὶ
1707 1702 1738 1730 ἂν
1755 1703 1907 1732 ἀπώλοντο

1077 1744 1102 1771 οἱ
1119 1744 1194 1781 μόνῳ
1209 1744 1404 1783 τεθαρρηκότες
1419 1748 1459 1782 τῷ
1474 1743 1559 1784 ὅρκῳ,
1576 1746 1598 1773 εἰ
1616 1748 1654 1783 μὴ
1676 1747 1708 1775 τὸ
1736 1747 1906 1783 Ἑλληνικὸν

1076 1787 1201 1826 ἀνδρικὸν
1225 1789 1370 1827 ἀντέπραξε
1393 1792 1433 1826 τῷ
1457 1791 1572 1827 θανάτῳ.
1598 1791 1674 1829 Ταχὺ
1689 1792 1743 1830 γὰρ
1764 1791 1907 1830 ὲκθορῶν-

1074 1843 1131 1867 τις,
1156 1833 1200 1860 καὶ
1227 1833 1440 1870 στεγανώσαντες
1466 1835 1576 1867 ἑαυτοὺς
1599 1835 1788 1871 πανοπλίαις,
1820 1838 1905 1875 μόγις

1076 1878 1123 1914 μὲν
1140 1895 1172 1898 -
1188 1878 1373 1916 περιεγένοντο
1389 1877 1413 1906 δ’
1441 1879 1498 1908 οὗν.
1527 1880 1572 1912 Ὠς
1596 1879 1624 1908 δὲ
1641 1882 1698 1918 μεθ’
1714 1882 1821 1919 ἡμέραν
1838 1882 1906 1917 ἡλί-

1074 1933 1169 1950 σκοντο
1189 1921 1330 1961 ἐπιορκίας
1347 1924 1372 1951 οἱ
1398 1923 1509 1961 Σκύθαι,
1529 1922 1734 1963 προϐάλλονται
1753 1927 1794 1957 εἰς
1820 1938 1903 1963 συνη-

1072 1966 1164 2003 γορίαν
1189 1968 1239 2002 τήν
1262 1968 1417 2005 καταμόνας
1442 1970 1556 2006 ἡμέραν,
1583 1970 1621 2006 μὴ
1645 1970 1710 2008 οὐχὶ
1735 1971 1781 1998 καὶ
1806 1971 1906 2003 νύκτας

1073 2011 1188 2049 φάμενοι
1204 2012 1352 2048 συνθέσθαι,
1360 2012 1404 2040 ὅτε
1418 2014 1465 2045 τὰς
1477 2013 1595 2046 σπονδὰς
1610 2014 1738 2042 ἐτίθεντο·
1757 2013 1801 2043 διὸ
1818 2016 1904 2052 μόνας

1071 2057 1177 2093 ἡμέρας
1199 2057 1431 2095 ἐκπεφωνηκότες,
1458 2058 1508 2086 οὐκ
1520 2057 1552 2086 ἃν
1569 2057 1683 2092 δικαίως
1697 2060 1904 2098 παρασπονδεῖν

1071 2101 1206 2139 κρίνοιντο
1222 2103 1318 2134 νυκτὸς
1330 2101 1491 2139 ἐαιθέμενοι,

1107 2156 1152 2184 σε’.
1167 2155 1272 2193 Κάτεχε
1295 2155 1340 2183 καὶ
1367 2157 1414 2184 τὸν
1439 2156 1520 2194 λόγον
1545 2159 1651 2193 τοῦτον,
1677 2157 1700 2185 ὦ
1725 2157 1827 2196 ὗψηλέ·
1852 2158 1900 2187 καὶ

1069 2199 1118 2233 τὴν
1146 2199 1263 2237 ἀγριάδα
1278 2200 1397 2237 ἱστορίαν
1428 2201 1545 2238 ιύγενῶς
1571 2201 1755 2240 ἐγκεντρίσας,
1783 2202 1901 2239 κάρπω-

1070 2253 1112 2270 σαι
1138 2243 1182 2271 καὶ
1212 2243 1246 2271 δι’
1275 2245 1369 2280 αὐτῆς,
1399 2245 1436 2276 ὡς
1461 2245 1532 2273 οὕτω
1556 2245 1601 2273 καὶ
1625 2245 1656 2273 σὺ
1680 2246 1726 2273 καὶ
1751 2247 1769 2282 ἡ
1786 2247 1854 2274 κατᾶ
1870 2247 1900 2275 ei

1071 2287 1224 2328 ἀδελφότης
1249 2287 1362 2321 δολίους
1378 2289 1530 2326 πολιμίους
1548 2289 1643 2326 κύκλῳ
1658 2291 1900 2328 πιρικαθημὲνους

1068 2331 1154 2370 ἔχετε·
1171 2332 1197 2360 οἵ
1212 2331 1260 2360 κᾶν
1275 2333 1302 2361 ἐν
1317 2334 1408 2372 ἡμέρᾳ
1423 2335 1559 2374 νήφοντας
1584 2334 1653 2372 ὑμᾶς
1680 2334 1711 2362 οὖ
1739 2334 1897 2374 βάλλωσιν,

1067 2377 1093 2412 ἐξ
1109 2377 1242 2417 ἐμφανοῦς
1266 2376 1385 2415 δηλαδὴ,
1417 2378 1453 2410 ὡς
1482 2379 1528 2407 οἷα
1553 2379 1728 2418 σοφιζόμενοι
1742 2381 1797 2414 τὴν
1814 2390 1897 2409 σπον-

1068 2421 1127 2458 δὴν,
1145 2421 1217 2450 ἀλλά
1246 2423 1347 2461 τρόπον
1369 2422 1453 2451 ἄλλον
1471 2423 1593 2462 ἀφανῶς,
1618 2423 1665 2451 καὶ
1694 2423 1732 2456 ὡς
1763 2424 1790 2452 ἰν
1821 2425 1898 2453 νυκτῖ

1067 2466 1218 2502 ἰπιθέμενοι
1237 2490 1244 2503 ,
1274 2467 1392 2505 καιρίαις
1420 2467 1564 2506 ἀλγυνοῦσι
1596 2467 1715 2505 βολαῖς.
1745 2469 1828 2497 Ὠο-τε
1854 2470 1898 2496 ἀεὶ

1065 2510 1242 2549 ἐγρηγορέναι
1269 2513 1338 2549 ὑμᾶς
1364 2513 1432 2551 χρὴ,
1467 2512 1508 2540 ὅτι
1527 2511 1646 2549 μάλιστα
1671 2511 1898 2550 εὐλαϐουμένους

1064 2556 1109 2583 τὸν
1127 2556 1323 2594 ψυχοκλέπτην
1351 2556 1530 2595 ἀγνοούμενον
1551 2556 1617 2593 ποίᾳ
1631 2555 1689 2596 ὥρᾳ
1704 2555 1800 2588 δόλιος
1831 2557 1897 2586 ἐπο-

1065 2599 1199 2629 λεύσεται.
1234 2602 1366 2636 Ποιήσετε
1390 2600 1418 2629 δὲ
1442 2601 1518 2638 αὐτὸ,
1547 2601 1616 2639 πρὸς
1639 2602 1701 2638 ὑμῖν
1729 2602 1826 2634 αὐτοῖς
1847 2603 1899 2639 μι-

1063 2655 1165 2680 νοντες,
1183 2645 1221 2673 ἔτι
1251 2644 1280 2674 δὲ
1302 2645 1347 2673 καὶ
1375 2646 1566 2683 ὑπομένοντὲς,
1591 2645 1636 2674 καὶ
1651 2645 1726 2673 οὕτω
1744 2648 1816 2684 μήτε
1843 2648 1897 2683 τὴν

1066 2692 1164 2727 μονὴν,
1183 2692 1252 2727 μήτε
1268 2691 1299 2718 τὸ
1318 2692 1467 2729 μοναχικὸν
1484 2688 1572 2728 ὄνομα
1587 2689 1760 2728 ψευδόμενοι.
1776 2691 1896 2724 Ἄλλως

1065 2734 1093 2763 δὲ
1107 2746 1137 2773 γε
1152 2733 1345 2772 διακειμένοις,
1375 2736 1412 2767 ὡς
1427 2738 1472 2763 νῦν
1486 2734 1631 2772 διάκεισθε,
1647 2735 1697 2764 οὐκ
1726 2734 1799 2764 ἔστιν
1827 2736 1897 2772 ὑμῖν

1064 2779 1159 2808 ἐνιδεῖν
1173 2779 1346 2819 ἐγρήγορσιν.
1372 2782 1452 2813 Ὅθεν
1474 2781 1511 2812 ὡς
1530 2780 1589 2818 μεθ’
1603 2779 1708 2818 ἡμέραν
1735 2781 1781 2808 καὶ
1807 2780 1895 2809 νύκτα

1063 2827 1148 2853 πᾶσαν
1171 2826 1358 2867 ἆφυπνοῦντας
1371 2826 1442 2864 ὑμᾶς
1466 2824 1615 2865 βάΛλοντες
1644 2825 1670 2853 οἰ
1700 2824 1786 2854 δεινοὶ
1809 2824 1893 2863 τοξόο
