  <div class='ocr_page' id='page_1' title='image "/cluster/home/n/w/nwhite01/storage/ocr_20150623/135/njp.32101077773107/471.png"; bbox 0 0 2002 3158; ppageno 0'>
   <div class='ocr_carea' id='block_1_1' title="bbox 187 178 244 208">
    <p class='ocr_par' dir='ltr' id='par_1_1' title="bbox 187 178 244 208">
     <span class='ocr_line' id='line_1_1' title="bbox 187 178 244 208; baseline -0.018 0"><span class='ocrx_word' id='word_1_1' title='bbox 187 178 244 208; x_wconf 76' lang='grc'>911</span> 
     </span>
    </p>
   </div>
   <div class='ocr_carea' id='block_1_2' title="bbox 182 277 1005 323">
    <p class='ocr_par' dir='ltr' id='par_1_2' title="bbox 182 277 1005 323">
     <span class='ocr_line' id='line_1_2' title="bbox 182 277 1005 323; baseline -0.015 -7"><span class='ocrx_word' id='word_1_2' title='bbox 182 288 329 323; x_wconf 86' lang='lat' dir='ltr'>Purpureo</span> <span class='ocrx_word' id='word_1_3' title='bbox 345 287 443 313; x_wconf 86' lang='lat' dir='ltr'>autem</span> <span class='ocrx_word' id='word_1_4' title='bbox 469 282 565 310; x_wconf 87' lang='lat' dir='ltr'>colore</span> <span class='ocrx_word' id='word_1_5' title='bbox 595 281 640 308; x_wconf 89' lang='lat' dir='ltr'>hic</span> <span class='ocrx_word' id='word_1_6' title='bbox 665 279 852 316; x_wconf 82' lang='lat' dir='ltr'>perfunditur</span> <span class='ocrx_word' id='word_1_7' title='bbox 880 280 908 305; x_wconf 88' lang='lat' dir='ltr'>et</span> <span class='ocrx_word' id='word_1_8' title='bbox 925 277 1005 305; x_wconf 85' lang='lat' dir='ltr'>exhi-</span> 
     </span>
    </p>
   </div>
   <div class='ocr_carea' id='block_1_3' title="bbox 182 323 1005 364">
    <p class='ocr_par' dir='ltr' id='par_1_3' title="bbox 182 323 1005 364">
     <span class='ocr_line' id='line_1_3' title="bbox 182 323 1005 364; baseline -0.013 -4"><span class='ocrx_word' id='word_1_9' title='bbox 182 332 294 360; x_wconf 80' lang='lat' dir='ltr'>laratur</span> <span class='ocrx_word' id='word_1_10' title='bbox 308 329 406 358; x_wconf 81' lang='lat' dir='ltr'>vultus</span> <span class='ocrx_word' id='word_1_11' title='bbox 418 330 503 364; x_wconf 82' lang='lat' dir='ltr'>juxta</span> <span class='ocrx_word' id='word_1_12' title='bbox 526 325 699 353; x_wconf 84' lang='lat' dir='ltr'>benevolum</span> <span class='ocrx_word' id='word_1_13' title='bbox 727 324 833 351; x_wconf 85' lang='lat' dir='ltr'>mentis</span> <span class='ocrx_word' id='word_1_14' title='bbox 858 323 1005 351; x_wconf 77' lang='lat' dir='ltr'>affectum.</span> 
     </span>
    </p>
   </div>
   <div class='ocr_carea' id='block_1_4' title="bbox 183 367 1005 406">
    <p class='ocr_par' dir='ltr' id='par_1_4' title="bbox 183 367 1005 406">
     <span class='ocr_line' id='line_1_4' title="bbox 183 367 1005 406; baseline -0.013 -1"><span class='ocrx_word' id='word_1_15' title='bbox 183 377 235 404; x_wconf 89' lang='lat' dir='ltr'>Sed</span> <span class='ocrx_word' id='word_1_16' title='bbox 272 376 347 404; x_wconf 88' lang='lat' dir='ltr'>bono</span> <span class='ocrx_word' id='word_1_17' title='bbox 381 373 478 402; x_wconf 78' lang='lat' dir='ltr'>animo</span> <span class='ocrx_word' id='word_1_18' title='bbox 511 371 562 405; x_wconf 81' lang='lat' dir='ltr'>sis,</span> <span class='ocrx_word' id='word_1_19' title='bbox 597 369 742 406; x_wconf 79' lang='lat' dir='ltr'>siquidem</span> <span class='ocrx_word' id='word_1_20' title='bbox 777 376 855 396; x_wconf 90' lang='lat' dir='ltr'>nunc</span> <span class='ocrx_word' id='word_1_21' title='bbox 883 367 1005 395; x_wconf 86' lang='lat' dir='ltr'>interro-</span> 
     </span>
    </p>
   </div>
   <div class='ocr_carea' id='block_1_5' title="bbox 184 415 705 458">
    <p class='ocr_par' dir='ltr' id='par_1_5' title="bbox 184 415 705 458">
     <span class='ocr_line' id='line_1_5' title="bbox 184 415 705 458; baseline -0.019 -8"><span class='ocrx_word' id='word_1_22' title='bbox 184 419 261 458; x_wconf 80' lang='lat' dir='ltr'>gasti</span> <span class='ocrx_word' id='word_1_23' title='bbox 275 417 447 454; x_wconf 81' lang='lat' dir='ltr'>simpliciter</span> <span class='ocrx_word' id='word_1_24' title='bbox 461 418 489 444; x_wconf 87' lang='lat' dir='ltr'>et</span> <span class='ocrx_word' id='word_1_25' title='bbox 502 415 705 443; x_wconf 85' lang='lat' dir='ltr'>determinate.</span> 
     </span>
    </p>
   </div>
   <div class='ocr_carea' id='block_1_6' title="bbox 219 471 1006 511">
    <p class='ocr_par' dir='ltr' id='par_1_6' title="bbox 219 471 1006 511">
     <span class='ocr_line' id='line_1_6' title="bbox 219 471 1006 511; baseline -0.01 -6"><span class='ocrx_word' id='word_1_26' title='bbox 219 479 247 506; x_wconf 88' lang='grc'>3.</span> <span class='ocrx_word' id='word_1_27' title='bbox 267 475 447 511; x_wconf 69' lang='lat' dir='ltr'>Theophilus.</span> <span class='ocrx_word' id='word_1_28' title='bbox 477 473 551 507; x_wconf 88' lang='lat' dir='ltr'>Quid</span> <span class='ocrx_word' id='word_1_29' title='bbox 573 473 662 508; x_wconf 85' lang='lat' dir='ltr'>igitur</span> <span class='ocrx_word' id='word_1_30' title='bbox 689 471 762 499; x_wconf 89' lang='lat' dir='ltr'>dicis</span> <span class='ocrx_word' id='word_1_31' title='bbox 777 471 813 499; x_wconf 86' lang='lat' dir='ltr'>ad</span> <span class='ocrx_word' id='word_1_32' title='bbox 838 471 912 498; x_wconf 82' lang='lat' dir='ltr'>hanc</span> <span class='ocrx_word' id='word_1_33' title='bbox 935 471 1006 498; x_wconf 86' lang='lat' dir='ltr'>sim-</span> 
     </span>
    </p>
   </div>
   <div class='ocr_carea' id='block_1_7' title="bbox 184 518 519 558">
    <p class='ocr_par' dir='ltr' id='par_1_7' title="bbox 184 518 519 558">
     <span class='ocr_line' id='line_1_7' title="bbox 184 518 519 558; baseline -0.018 -7"><span class='ocrx_word' id='word_1_34' title='bbox 184 521 291 558; x_wconf 87' lang='lat' dir='ltr'>plicem</span> <span class='ocrx_word' id='word_1_35' title='bbox 305 520 495 556; x_wconf 76' lang='lat' dir='ltr'>quaestionem</span> <span class='ocrx_word' id='word_1_36' title='bbox 506 518 519 545; x_wconf 76' lang='lat' dir='ltr'>‘I</span> 
     </span>
    </p>
   </div>
   <div class='ocr_carea' id='block_1_8' title="bbox 221 587 1007 624">
    <p class='ocr_par' dir='ltr' id='par_1_8' title="bbox 221 587 1007 624">
     <span class='ocr_line' id='line_1_8' title="bbox 221 587 1007 624; baseline -0.009 -3"><span class='ocrx_word' id='word_1_37' title='bbox 221 592 365 621; x_wconf 63' lang='lat' dir='ltr'>Hierocles.</span> <span class='ocrx_word' id='word_1_38' title='bbox 382 590 455 624; x_wconf 86' lang='lat' dir='ltr'>Quid</span> <span class='ocrx_word' id='word_1_39' title='bbox 472 589 551 618; x_wconf 81' lang='lat' dir='ltr'>aliud</span> <span class='ocrx_word' id='word_1_40' title='bbox 567 588 624 616; x_wconf 85' lang='lat' dir='ltr'>nisi</span> <span class='ocrx_word' id='word_1_41' title='bbox 639 596 685 616; x_wconf 84' lang='lat' dir='ltr'>me</span> <span class='ocrx_word' id='word_1_42' title='bbox 701 587 830 624; x_wconf 83' lang='lat' dir='ltr'>negare?</span> <span class='ocrx_word' id='word_1_43' title='bbox 844 587 913 615; x_wconf 86' lang='lat' dir='ltr'>Dico</span> <span class='ocrx_word' id='word_1_44' title='bbox 929 587 1007 615; x_wconf 89' lang='lat' dir='ltr'>enim</span> 
     </span>
    </p>
   </div>
   <div class='ocr_carea' id='block_1_9' title="bbox 186 632 1006 672">
    <p class='ocr_par' dir='ltr' id='par_1_9' title="bbox 186 632 1006 672">
     <span class='ocr_line' id='line_1_9' title="bbox 186 632 1006 672; baseline -0.01 -6"><span class='ocrx_word' id='word_1_45' title='bbox 186 638 259 666; x_wconf 86' lang='lat' dir='ltr'>nihil</span> <span class='ocrx_word' id='word_1_46' title='bbox 276 638 326 666; x_wconf 84' lang='lat' dir='ltr'>aut</span> <span class='ocrx_word' id='word_1_47' title='bbox 354 643 526 672; x_wconf 87' lang='lat' dir='ltr'>prosperum</span> <span class='ocrx_word' id='word_1_48' title='bbox 552 636 603 662; x_wconf 85' lang='lat' dir='ltr'>aut</span> <span class='ocrx_word' id='word_1_49' title='bbox 631 633 791 661; x_wconf 77' lang='lat' dir='ltr'>infaustum</span> <span class='ocrx_word' id='word_1_50' title='bbox 820 632 916 660; x_wconf 86' lang='lat' dir='ltr'>inesse</span> <span class='ocrx_word' id='word_1_51' title='bbox 931 632 1006 659; x_wconf 87' lang='lat' dir='ltr'>voci-</span> 
     </span>
    </p>
   </div>
   <div class='ocr_carea' id='block_1_10' title="bbox 185 676 1007 712">
    <p class='ocr_par' dir='ltr' id='par_1_10' title="bbox 185 676 1007 712">
     <span class='ocr_line' id='line_1_10' title="bbox 185 676 1007 712; baseline -0.01 -1"><span class='ocrx_word' id='word_1_52' title='bbox 185 683 252 712; x_wconf 85' lang='lat' dir='ltr'>bus.</span> <span class='ocrx_word' id='word_1_53' title='bbox 279 681 367 709; x_wconf 88' lang='lat' dir='ltr'>Nulla</span> <span class='ocrx_word' id='word_1_54' title='bbox 404 680 483 708; x_wconf 89' lang='lat' dir='ltr'>enim</span> <span class='ocrx_word' id='word_1_55' title='bbox 520 688 574 706; x_wconf 87' lang='lat' dir='ltr'>vox</span> <span class='ocrx_word' id='word_1_56' title='bbox 602 677 836 706; x_wconf 85' lang='lat' dir='ltr'>substantialiter</span> <span class='ocrx_word' id='word_1_57' title='bbox 871 676 1007 711; x_wconf 80' lang='lat' dir='ltr'>exsistit;</span> 
     </span>
    </p>
   </div>
   <div class='ocr_carea' id='block_1_11' title="bbox 183 721 1006 757">
    <p class='ocr_par' dir='ltr' id='par_1_11' title="bbox 183 721 1006 757">
     <span class='ocr_line' id='line_1_11' title="bbox 183 721 1006 757; baseline -0.01 -1"><span class='ocrx_word' id='word_1_58' title='bbox 183 727 307 756; x_wconf 73' lang='lat' dir='ltr'>felicitas</span> <span class='ocrx_word' id='word_1_59' title='bbox 323 727 421 754; x_wconf 82' lang='lat' dir='ltr'>autem</span> <span class='ocrx_word' id='word_1_60' title='bbox 438 726 489 753; x_wconf 83' lang='lat' dir='ltr'>aut</span> <span class='ocrx_word' id='word_1_61' title='bbox 503 723 660 751; x_wconf 81' lang='lat' dir='ltr'>infelicitas</span> <span class='ocrx_word' id='word_1_62' title='bbox 687 721 861 750; x_wconf 79' lang='lat' dir='ltr'>substantiis</span> <span class='ocrx_word' id='word_1_63' title='bbox 884 721 1006 757; x_wconf 87' lang='lat' dir='ltr'>quibus-</span> 
     </span>
    </p>
   </div>
   <div class='ocr_carea' id='block_1_12' title="bbox 182 770 448 800">
    <p class='ocr_par' dir='ltr' id='par_1_12' title="bbox 182 770 448 800">
     <span class='ocr_line' id='line_1_12' title="bbox 182 770 448 800; baseline -0.015 0"><span class='ocrx_word' id='word_1_64' title='bbox 182 772 251 800; x_wconf 83' lang='lat' dir='ltr'>dam</span> <span class='ocrx_word' id='word_1_65' title='bbox 266 770 448 799; x_wconf 77' lang='lat' dir='ltr'>attribuitur.</span> 
     </span>
    </p>
   </div>
   <div class='ocr_carea' id='block_1_13' title="bbox 217 825 930 864">
    <p class='ocr_par' dir='ltr' id='par_1_13' title="bbox 217 825 930 864">
     <span class='ocr_line' id='line_1_13' title="bbox 217 825 930 864; baseline -0.007 -8"><span class='ocrx_word' id='word_1_66' title='bbox 217 828 387 864; x_wconf 71' lang='lat' dir='ltr'>Theophilus.</span> <span class='ocrx_word' id='word_1_67' title='bbox 404 828 496 859; x_wconf 84' lang='lat' dir='ltr'>Quam</span> <span class='ocrx_word' id='word_1_68' title='bbox 509 828 586 854; x_wconf 87' lang='lat' dir='ltr'>recte</span> <span class='ocrx_word' id='word_1_69' title='bbox 601 825 713 857; x_wconf 82' lang='lat' dir='ltr'>dixisti,</span> <span class='ocrx_word' id='word_1_70' title='bbox 731 833 747 852; x_wconf 92' lang='lat'><strong>0</strong></span> <span class='ocrx_word' id='word_1_71' title='bbox 763 825 910 852; x_wconf 79' lang='lat' dir='ltr'>Hierocles</span> <span class='ocrx_word' id='word_1_72' title='bbox 924 825 930 851; x_wconf 83' lang='grc' dir='ltr'>ι</span> 
     </span>
    </p>
   </div>
   <div class='ocr_carea' id='block_1_14' title="bbox 216 882 1007 920">
    <p class='ocr_par' dir='ltr' id='par_1_14' title="bbox 216 882 1007 920">
     <span class='ocr_line' id='line_1_14' title="bbox 216 882 1007 920; baseline -0.006 -6"><span class='ocrx_word' id='word_1_73' title='bbox 216 887 358 914; x_wconf 72' lang='lat' dir='ltr'>Hierocles.</span> <span class='ocrx_word' id='word_1_74' title='bbox 376 885 446 917; x_wconf 85' lang='lat' dir='ltr'>Quis</span> <span class='ocrx_word' id='word_1_75' title='bbox 473 892 569 920; x_wconf 84' lang='lat' dir='ltr'>porro,</span> <span class='ocrx_word' id='word_1_76' title='bbox 592 892 608 910; x_wconf 88' lang='grc' dir='ltr'>ο</span> <span class='ocrx_word' id='word_1_77' title='bbox 633 882 802 919; x_wconf 78' lang='lat' dir='ltr'>Theophila,</span> <span class='ocrx_word' id='word_1_78' title='bbox 834 883 884 909; x_wconf 85' lang='lat' dir='ltr'>tibi</span> <span class='ocrx_word' id='word_1_79' title='bbox 901 891 1007 918; x_wconf 86' lang='lat' dir='ltr'>scopus</span> 
     </span>
    </p>
   </div>
   <div class='ocr_carea' id='block_1_15' title="bbox 571 166 1497 202">
    <p class='ocr_par' dir='ltr' id='par_1_15' title="bbox 571 166 1497 202">
     <span class='ocr_line' id='line_1_15' title="bbox 571 166 1497 202; baseline -0.001 0"><span class='ocrx_word' id='word_1_80' title='bbox 571 167 783 202; x_wconf 81' lang='lat' dir='ltr'>EUSTATHII</span> <span class='ocrx_word' id='word_1_81' title='bbox 804 166 1185 199; x_wconf 81' lang='lat' dir='ltr'>THESSALONICENSIS</span> <span class='ocrx_word' id='word_1_82' title='bbox 1206 168 1497 201; x_wconf 68' lang='lat' dir='ltr'>METROPOLITE</span> 
     </span>
    </p>
   </div>
   <div class='ocr_carea' id='block_1_16' title="bbox 219 233 1048 273">
    <p class='ocr_par' dir='ltr' id='par_1_16' title="bbox 219 233 1048 273">
     <span class='ocr_line' id='line_1_16' title="bbox 219 233 1048 273; baseline -0.017 -1"><span class='ocrx_word' id='word_1_83' title='bbox 219 241 363 272; x_wconf 77' lang='lat' dir='ltr'>Hierocles.</span> <span class='ocrx_word' id='word_1_84' title='bbox 390 241 452 269; x_wconf 85' lang='lat' dir='ltr'>Non</span> <span class='ocrx_word' id='word_1_85' title='bbox 482 238 591 270; x_wconf 86' lang='lat' dir='ltr'>irrisio,</span> <span class='ocrx_word' id='word_1_86' title='bbox 615 245 630 264; x_wconf 89' lang='grc' dir='ltr'>ο</span> <span class='ocrx_word' id='word_1_87' title='bbox 658 233 817 268; x_wconf 88' lang='lat' dir='ltr'>Philothee,</span> <span class='ocrx_word' id='word_1_88' title='bbox 848 233 924 260; x_wconf 86' lang='lat' dir='ltr'>risus</span> <span class='ocrx_word' id='word_1_89' title='bbox 941 233 1003 260; x_wconf 83' lang='lat' dir='ltr'>iste.</span> <span class='ocrx_word' id='word_1_90' title='bbox 1022 241 1048 273; x_wconf 73' lang='grc' dir='ltr'><strong>Α</strong></span> 
     </span>
    </p>
   </div>
   <div class='ocr_carea' id='block_1_17' title="bbox 1827 173 1886 203">
    <p class='ocr_par' dir='ltr' id='par_1_17' title="bbox 1827 173 1886 203">
     <span class='ocr_line' id='line_1_17' title="bbox 1827 173 1886 203; baseline 0 0"><span class='ocrx_word' id='word_1_91' title='bbox 1827 173 1886 203; x_wconf 72' lang='lat'>912</span> 
     </span>
    </p>
   </div>
   <div class='ocr_carea' id='block_1_18' title="bbox 1106 231 1886 275">
    <p class='ocr_par' dir='ltr' id='par_1_18' title="bbox 1106 231 1886 275">
     <span class='ocr_line' id='line_1_18' title="bbox 1106 231 1886 275; baseline 0.006 -15"><span class='ocrx_word' id='word_1_92' title='bbox 1106 231 1248 270; x_wconf 82' lang='grc' dir='ltr'>Ιεροκλῆς.</span> <span class='ocrx_word' id='word_1_93' title='bbox 1272 233 1308 261; x_wconf 75' lang='grc' dir='ltr'>Οὐ</span> <span class='ocrx_word' id='word_1_94' title='bbox 1331 234 1500 273; x_wconf 81' lang='grc' dir='ltr'>κατάγελως,</span> <span class='ocrx_word' id='word_1_95' title='bbox 1526 237 1548 264; x_wconf 88' lang='grc' dir='ltr'>ὧ</span> <span class='ocrx_word' id='word_1_96' title='bbox 1575 235 1696 275; x_wconf 73' lang='grc' dir='ltr'>φιλόθεε,</span> <span class='ocrx_word' id='word_1_97' title='bbox 1718 239 1802 265; x_wconf 79' lang='grc' dir='ltr'>τοῦτο</span> <span class='ocrx_word' id='word_1_98' title='bbox 1827 247 1886 273; x_wconf 83' lang='grc' dir='ltr'>μει-</span> 
     </span>
    </p>
   </div>
   <div class='ocr_carea' id='block_1_19' title="bbox 1061 275 1888 319">
    <p class='ocr_par' dir='ltr' id='par_1_19' title="bbox 1061 275 1888 319">
     <span class='ocr_line' id='line_1_19' title="bbox 1061 275 1888 319; baseline 0.006 -15"><span class='ocrx_word' id='word_1_99' title='bbox 1061 275 1166 314; x_wconf 81' lang='grc' dir='ltr'>δίαμα·</span> <span class='ocrx_word' id='word_1_100' title='bbox 1197 279 1330 317; x_wconf 81' lang='grc' dir='ltr'>πορφύρει</span> <span class='ocrx_word' id='word_1_101' title='bbox 1358 279 1386 307; x_wconf 73' lang='grc' dir='ltr'>δὲ</span> <span class='ocrx_word' id='word_1_102' title='bbox 1415 280 1508 318; x_wconf 77' lang='grc' dir='ltr'>ἱλαρὸν</span> <span class='ocrx_word' id='word_1_103' title='bbox 1538 283 1556 316; x_wconf 82' lang='grc' dir='ltr'>ἡ</span> <span class='ocrx_word' id='word_1_104' title='bbox 1587 280 1648 319; x_wconf 73' lang='grc' dir='ltr'>ὄψις</span> <span class='ocrx_word' id='word_1_105' title='bbox 1678 282 1792 310; x_wconf 77' lang='grc' dir='ltr'>ἐνταῦθα</span> <span class='ocrx_word' id='word_1_106' title='bbox 1821 281 1888 309; x_wconf 80' lang='grc' dir='ltr'>κιτᾶ</span> 
     </span>
    </p>
   </div>
   <div class='ocr_carea' id='block_1_20' title="bbox 1061 322 1887 364">
    <p class='ocr_par' dir='ltr' id='par_1_20' title="bbox 1061 322 1887 364">
     <span class='ocr_line' id='line_1_20' title="bbox 1061 322 1887 364; baseline 0 -10"><span class='ocrx_word' id='word_1_107' title='bbox 1061 323 1152 360; x_wconf 77' lang='grc' dir='ltr'>ψυχῆς</span> <span class='ocrx_word' id='word_1_108' title='bbox 1169 322 1260 361; x_wconf 79' lang='grc' dir='ltr'>φίλιον</span> <span class='ocrx_word' id='word_1_109' title='bbox 1286 325 1455 362; x_wconf 75' lang='grc' dir='ltr'>κατάστημα.</span> <span class='ocrx_word' id='word_1_110' title='bbox 1474 325 1571 364; x_wconf 73' lang='grc' dir='ltr'>Θάρῥει</span> <span class='ocrx_word' id='word_1_111' title='bbox 1587 325 1626 361; x_wconf 55' lang='lat' dir='ltr'>Si,</span> <span class='ocrx_word' id='word_1_112' title='bbox 1643 326 1681 357; x_wconf 84' lang='grc' dir='ltr'>ὡς</span> <span class='ocrx_word' id='word_1_113' title='bbox 1696 326 1844 364; x_wconf 71' lang='grc' dir='ltr'>ἠρώτησας</span> <span class='ocrx_word' id='word_1_114' title='bbox 1857 326 1887 354; x_wconf 78' lang='grc' dir='ltr'>τὸ</span> 
     </span>
    </p>
   </div>
   <div class='ocr_carea' id='block_1_21' title="bbox 1062 366 1593 409">
    <p class='ocr_par' dir='ltr' id='par_1_21' title="bbox 1062 366 1593 409">
     <span class='ocr_line' id='line_1_21' title="bbox 1062 366 1593 409; baseline 0.009 -16"><span class='ocrx_word' id='word_1_115' title='bbox 1062 366 1185 404; x_wconf 79' lang='grc' dir='ltr'>δεύτερον</span> <span class='ocrx_word' id='word_1_116' title='bbox 1204 371 1333 406; x_wconf 81' lang='grc' dir='ltr'>μοναχῶς</span> <span class='ocrx_word' id='word_1_117' title='bbox 1348 380 1378 397; x_wconf 76' lang='grc' dir='ltr'>τε</span> <span class='ocrx_word' id='word_1_118' title='bbox 1392 369 1438 397; x_wconf 77' lang='grc' dir='ltr'>καὶ</span> <span class='ocrx_word' id='word_1_119' title='bbox 1453 370 1593 409; x_wconf 81' lang='grc' dir='ltr'>ἀσφαλῶς.</span> 
     </span>
    </p>
   </div>
   <div class='ocr_carea' id='block_1_22' title="bbox 1096 470 1889 512">
    <p class='ocr_par' dir='ltr' id='par_1_22' title="bbox 1096 470 1889 512">
     <span class='ocr_line' id='line_1_22' title="bbox 1096 470 1889 512; baseline 0.005 -15"><span class='ocrx_word' id='word_1_120' title='bbox 1096 471 1129 507; x_wconf 88' lang='grc' dir='ltr'>γ’.</span> <span class='ocrx_word' id='word_1_121' title='bbox 1155 470 1299 509; x_wconf 78' lang='grc' dir='ltr'>Θεόφιλος.</span> <span class='ocrx_word' id='word_1_122' title='bbox 1327 471 1376 500; x_wconf 78' lang='grc' dir='ltr'>Καὶ</span> <span class='ocrx_word' id='word_1_123' title='bbox 1402 472 1429 500; x_wconf 78' lang='grc' dir='ltr'>τί</span> <span class='ocrx_word' id='word_1_124' title='bbox 1456 471 1489 508; x_wconf 82' lang='grc' dir='ltr'>δὴ</span> <span class='ocrx_word' id='word_1_125' title='bbox 1520 473 1607 511; x_wconf 67' lang='grc' dir='ltr'>λίγεις</span> <span class='ocrx_word' id='word_1_126' title='bbox 1630 474 1699 511; x_wconf 87' lang='grc' dir='ltr'>πρὸς</span> <span class='ocrx_word' id='word_1_127' title='bbox 1723 473 1754 500; x_wconf 85' lang='grc' dir='ltr'>τὸ</span> <span class='ocrx_word' id='word_1_128' title='bbox 1777 472 1889 512; x_wconf 74' lang='grc' dir='ltr'>ἀσχιδὶς</span> 
     </span>
    </p>
   </div>
   <div class='ocr_carea' id='block_1_23' title="bbox 1060 514 1273 551">
    <p class='ocr_par' dir='ltr' id='par_1_23' title="bbox 1060 514 1273 551">
     <span class='ocr_line' id='line_1_23' title="bbox 1060 514 1273 551; baseline 0.005 -10"><span class='ocrx_word' id='word_1_129' title='bbox 1060 515 1141 542; x_wconf 84' lang='grc' dir='ltr'>τοῦτο</span> <span class='ocrx_word' id='word_1_130' title='bbox 1155 514 1250 551; x_wconf 83' lang='grc' dir='ltr'><strong>πύσμα</strong></span> <span class='ocrx_word' id='word_1_131' title='bbox 1266 526 1273 550; x_wconf 83' lang='grc'><strong>;</strong></span> 
     </span>
    </p>
   </div>
   <div class='ocr_carea' id='block_1_24' title="bbox 1097 585 1888 627">
    <p class='ocr_par' dir='ltr' id='par_1_24' title="bbox 1097 585 1888 627">
     <span class='ocr_line' id='line_1_24' title="bbox 1097 585 1888 627; baseline 0.006 -15"><span class='ocrx_word' id='word_1_132' title='bbox 1097 585 1252 622; x_wconf 81' lang='grc' dir='ltr'>Ἱεροκλῆς.</span> <span class='ocrx_word' id='word_1_133' title='bbox 1281 587 1311 614; x_wconf 91' lang='grc' dir='ltr'>Τί</span> <span class='ocrx_word' id='word_1_134' title='bbox 1339 597 1405 615; x_wconf 80' lang='grc' dir='ltr'>ποτε</span> <span class='ocrx_word' id='word_1_135' title='bbox 1433 586 1514 623; x_wconf 74' lang='grc' dir='ltr'>ἄλλο,</span> <span class='ocrx_word' id='word_1_136' title='bbox 1544 588 1562 623; x_wconf 79' lang='grc' dir='ltr'><strong>ἢ</strong></span> <span class='ocrx_word' id='word_1_137' title='bbox 1591 588 1741 627; x_wconf 81' lang='grc' dir='ltr'>ἀποφάσκω</span> <span class='ocrx_word' id='word_1_138' title='bbox 1770 599 1778 624; x_wconf 82' lang='lat'><strong>;</strong></span> <span class='ocrx_word' id='word_1_139' title='bbox 1809 589 1888 625; x_wconf 78' lang='grc' dir='ltr'>Φημὶ</span> 
     </span>
    </p>
   </div>
   <div class='ocr_carea' id='block_1_25' title="bbox 1062 630 1888 671">
    <p class='ocr_par' dir='ltr' id='par_1_25' title="bbox 1062 630 1888 671">
     <span class='ocr_line' id='line_1_25' title="bbox 1062 630 1888 671; baseline 0.006 -15"><span class='ocrx_word' id='word_1_140' title='bbox 1062 630 1113 667; x_wconf 64' lang='grc' dir='ltr'>γὰρ</span> <span class='ocrx_word' id='word_1_141' title='bbox 1129 653 1136 665; x_wconf 82' lang='grc'><strong><em>,</em></strong></span> <span class='ocrx_word' id='word_1_142' title='bbox 1176 631 1246 667; x_wconf 79' lang='grc' dir='ltr'>μήτε</span> <span class='ocrx_word' id='word_1_143' title='bbox 1273 631 1423 670; x_wconf 81' lang='grc' dir='ltr'>εὐτυχίαν,</span> <span class='ocrx_word' id='word_1_144' title='bbox 1453 634 1524 669; x_wconf 87' lang='grc' dir='ltr'>μήτε</span> <span class='ocrx_word' id='word_1_145' title='bbox 1551 632 1696 671; x_wconf 75' lang='grc' dir='ltr'>δυστυχίαν</span> <span class='ocrx_word' id='word_1_146' title='bbox 1715 655 1722 667; x_wconf 85' lang='grc'><em>,</em></span> <span class='ocrx_word' id='word_1_147' title='bbox 1753 633 1888 669; x_wconf 67' lang='grc' dir='ltr'>ἐπαληθίι</span> 
     </span>
    </p>
   </div>
   <div class='ocr_carea' id='block_1_26' title="bbox 1063 675 1890 716">
    <p class='ocr_par' dir='ltr' id='par_1_26' title="bbox 1063 675 1890 716">
     <span class='ocr_line' id='line_1_26' title="bbox 1063 675 1890 716; baseline 0.006 -15"><span class='ocrx_word' id='word_1_148' title='bbox 1063 675 1151 709; x_wconf 83' lang='grc' dir='ltr'>ζεσθαι</span> <span class='ocrx_word' id='word_1_149' title='bbox 1179 678 1236 707; x_wconf 84' lang='grc' dir='ltr'>ταῖς</span> <span class='ocrx_word' id='word_1_150' title='bbox 1273 680 1385 714; x_wconf 82' lang='grc' dir='ltr'>φωναῖς.</span> <span class='ocrx_word' id='word_1_151' title='bbox 1426 679 1508 713; x_wconf 82' lang='grc' dir='ltr'>Φωνὴ</span> <span class='ocrx_word' id='word_1_152' title='bbox 1541 678 1589 714; x_wconf 81' lang='grc' dir='ltr'>μὶν</span> <span class='ocrx_word' id='word_1_153' title='bbox 1618 678 1668 716; x_wconf 74' lang='grc' dir='ltr'>γὰρ</span> <span class='ocrx_word' id='word_1_154' title='bbox 1699 677 1815 715; x_wconf 76' lang='grc' dir='ltr'>οὐδεμία</span> <span class='ocrx_word' id='word_1_155' title='bbox 1844 678 1890 706; x_wconf 81' lang='grc' dir='ltr'>οὖ-</span> 
     </span>
    </p>
   </div>
   <div class='ocr_carea' id='block_1_27' title="bbox 1063 719 1887 762">
    <p class='ocr_par' dir='ltr' id='par_1_27' title="bbox 1063 719 1887 762">
     <span class='ocr_line' id='line_1_27' title="bbox 1063 719 1887 762; baseline 0.005 -15"><span class='ocrx_word' id='word_1_156' title='bbox 1063 719 1183 755; x_wconf 85' lang='grc' dir='ltr'>σίωται,</span> <span class='ocrx_word' id='word_1_157' title='bbox 1213 720 1334 759; x_wconf 78' lang='grc' dir='ltr'>εὐτυχεῖν</span> <span class='ocrx_word' id='word_1_158' title='bbox 1365 721 1395 749; x_wconf 78' lang='grc' dir='ltr'>δὶ</span> <span class='ocrx_word' id='word_1_159' title='bbox 1426 723 1472 750; x_wconf 84' lang='grc' dir='ltr'>καὶ</span> <span class='ocrx_word' id='word_1_160' title='bbox 1508 722 1650 762; x_wconf 72' lang='grc' dir='ltr'>δυστυχεῖν</span> <span class='ocrx_word' id='word_1_161' title='bbox 1686 723 1791 755; x_wconf 71' lang='grc' dir='ltr'>οὐσίαις</span> <span class='ocrx_word' id='word_1_162' title='bbox 1818 724 1887 751; x_wconf 82' lang='grc' dir='ltr'>τισὶν</span> 
     </span>
    </p>
   </div>
   <div class='ocr_carea' id='block_1_28' title="bbox 1062 763 1225 802">
    <p class='ocr_par' dir='ltr' id='par_1_28' title="bbox 1062 763 1225 802">
     <span class='ocr_line' id='line_1_28' title="bbox 1062 763 1225 802; baseline 0.012 -11"><span class='ocrx_word' id='word_1_163' title='bbox 1062 763 1225 802; x_wconf 72' lang='grc' dir='ltr'>ἐπιλέγεται,</span> 
     </span>
    </p>
   </div>
   <div class='ocr_carea' id='block_1_29' title="bbox 1098 822 1694 865">
    <p class='ocr_par' dir='ltr' id='par_1_29' title="bbox 1098 822 1694 865">
     <span class='ocr_line' id='line_1_29' title="bbox 1098 822 1694 865; baseline 0.007 -15"><span class='ocrx_word' id='word_1_164' title='bbox 1098 822 1241 861; x_wconf 83' lang='grc' dir='ltr'>Θεόφιλος.</span> <span class='ocrx_word' id='word_1_165' title='bbox 1257 824 1301 856; x_wconf 77' lang='grc' dir='ltr'>Ὠς</span> <span class='ocrx_word' id='word_1_166' title='bbox 1316 823 1344 851; x_wconf 82' lang='grc' dir='ltr'>εὖ</span> <span class='ocrx_word' id='word_1_167' title='bbox 1359 835 1389 862; x_wconf 79' lang='grc' dir='ltr'>γε</span> <span class='ocrx_word' id='word_1_168' title='bbox 1402 825 1488 859; x_wconf 81' lang='grc' dir='ltr'>εἴπας,</span> <span class='ocrx_word' id='word_1_169' title='bbox 1504 825 1526 852; x_wconf 89' lang='grc' dir='ltr'>ὦ</span> <span class='ocrx_word' id='word_1_170' title='bbox 1540 825 1694 865; x_wconf 83' lang='grc' dir='ltr'>Ίερόκλεις.</span> 
     </span>
    </p>
   </div>
   <div class='ocr_carea' id='block_1_30' title="bbox 1097 881 1888 922">
    <p class='ocr_par' dir='ltr' id='par_1_30' title="bbox 1097 881 1888 922">
     <span class='ocr_line' id='line_1_30' title="bbox 1097 881 1888 922; baseline 0.006 -15"><span class='ocrx_word' id='word_1_171' title='bbox 1097 881 1245 918; x_wconf 72' lang='grc' dir='ltr'>Ἱεροκλῆς,</span> <span class='ocrx_word' id='word_1_172' title='bbox 1257 882 1301 913; x_wconf 85' lang='grc' dir='ltr'>Τίς</span> <span class='ocrx_word' id='word_1_173' title='bbox 1317 881 1359 916; x_wconf 82' lang='grc' dir='ltr'>δὴ.</span> <span class='ocrx_word' id='word_1_174' title='bbox 1374 883 1396 909; x_wconf 82' lang='grc' dir='ltr'>ὦ</span> <span class='ocrx_word' id='word_1_175' title='bbox 1409 882 1534 922; x_wconf 83' lang='grc' dir='ltr'>Θεόφιλε,</span> <span class='ocrx_word' id='word_1_176' title='bbox 1547 884 1562 911; x_wconf 83' lang='grc' dir='ltr'><strong><em>ὸ</em></strong></span> <span class='ocrx_word' id='word_1_177' title='bbox 1578 884 1677 915; x_wconf 87' lang='grc' dir='ltr'>σκοπός</span> <span class='ocrx_word' id='word_1_178' title='bbox 1690 895 1734 912; x_wconf 88' lang='grc' dir='ltr'>σοι</span> <span class='ocrx_word' id='word_1_179' title='bbox 1748 887 1798 912; x_wconf 75' lang='grc' dir='ltr'>τοῦ</span> <span class='ocrx_word' id='word_1_180' title='bbox 1815 884 1888 912; x_wconf 67' lang='grc' dir='ltr'>οὕτω</span> 
     </span>
    </p>
   </div>
   <div class='ocr_carea' id='block_1_31' title="bbox 183 923 1007 966">
    <p class='ocr_par' dir='ltr' id='par_1_31' title="bbox 183 927 1007 966">
     <span class='ocr_line' id='line_1_31' title="bbox 183 927 1007 966; baseline -0.006 -8"><span class='ocrx_word' id='word_1_181' title='bbox 183 933 228 958; x_wconf 85' lang='lat' dir='ltr'>est</span> <span class='ocrx_word' id='word_1_182' title='bbox 243 931 313 958; x_wconf 81' lang='lat' dir='ltr'>talia</span> <span class='ocrx_word' id='word_1_183' title='bbox 328 929 509 966; x_wconf 79' lang='lat' dir='ltr'>problemata</span> <span class='ocrx_word' id='word_1_184' title='bbox 534 927 705 964; x_wconf 86' lang='lat' dir='ltr'>proponenti</span> <span class='ocrx_word' id='word_1_185' title='bbox 723 929 734 954; x_wconf 74' lang='grc' dir='ltr'><strong><em>Ρ</em></strong></span> <span class='ocrx_word' id='word_1_186' title='bbox 758 927 819 954; x_wconf 89' lang='lat' dir='ltr'>Non</span> <span class='ocrx_word' id='word_1_187' title='bbox 843 927 920 953; x_wconf 86' lang='lat' dir='ltr'>enim</span> <span class='ocrx_word' id='word_1_188' title='bbox 937 935 1007 954; x_wconf 86' lang='lat' dir='ltr'>sane</span> 
     </span>
    </p>
   </div>
   <div class='ocr_carea' id='block_1_32' title="bbox 1070 923 1888 966">
    <p class='ocr_par' dir='ltr' id='par_1_32' title="bbox 1070 923 1888 966">
     <span class='ocr_line' id='line_1_32' title="bbox 1070 923 1888 966; baseline 0.007 -15"><span class='ocrx_word' id='word_1_189' title='bbox 1070 923 1337 962; x_wconf 73' lang='grc' dir='ltr'>τροϐληματίσασθαι</span> <span class='ocrx_word' id='word_1_190' title='bbox 1354 936 1359 956; x_wconf 88' lang='lat'>:</span> <span class='ocrx_word' id='word_1_191' title='bbox 1377 927 1416 956; x_wconf 84' lang='grc' dir='ltr'>Οὐ</span> <span class='ocrx_word' id='word_1_192' title='bbox 1441 928 1492 966; x_wconf 78' lang='grc' dir='ltr'>γὰρ</span> <span class='ocrx_word' id='word_1_193' title='bbox 1522 927 1610 964; x_wconf 75' lang='grc' dir='ltr'>δήπου</span> <span class='ocrx_word' id='word_1_194' title='bbox 1639 928 1788 964; x_wconf 84' lang='grc' dir='ltr'>τηνάλλως</span> <span class='ocrx_word' id='word_1_195' title='bbox 1818 929 1888 957; x_wconf 62' lang='grc' dir='ltr'>οὕτω</span> 
     </span>
    </p>
   </div>
   <div class='ocr_carea' id='block_1_33' title="bbox 181 973 566 1010">
    <p class='ocr_par' dir='ltr' id='par_1_33' title="bbox 181 973 566 1010">
     <span class='ocr_line' id='line_1_33' title="bbox 181 973 566 1010; baseline -0.013 -7"><span class='ocrx_word' id='word_1_196' title='bbox 181 975 291 1003; x_wconf 83' lang='lat' dir='ltr'>frustra</span> <span class='ocrx_word' id='word_1_197' title='bbox 306 975 360 1002; x_wconf 86' lang='lat' dir='ltr'>hoc</span> <span class='ocrx_word' id='word_1_198' title='bbox 376 973 566 1010; x_wconf 78' lang='lat' dir='ltr'>proposuisti.</span> 
     </span>
    </p>
   </div>
   <div class='ocr_carea' id='block_1_34' title="bbox 220 1033 1009 1073">
    <p class='ocr_par' dir='ltr' id='par_1_34' title="bbox 220 1033 1009 1073">
     <span class='ocr_line' id='line_1_34' title="bbox 220 1033 1009 1073; baseline -0.006 -8"><span class='ocrx_word' id='word_1_199' title='bbox 220 1037 390 1073; x_wconf 73' lang='lat' dir='ltr'>Theophilus.</span> <span class='ocrx_word' id='word_1_200' title='bbox 416 1036 556 1072; x_wconf 81' lang='lat' dir='ltr'>Detegam</span> <span class='ocrx_word' id='word_1_201' title='bbox 586 1034 635 1062; x_wconf 84' lang='lat' dir='ltr'>tibi</span> <span class='ocrx_word' id='word_1_202' title='bbox 667 1033 920 1070; x_wconf 87' lang='lat' dir='ltr'>reprehensionem</span> <span class='ocrx_word' id='word_1_203' title='bbox 950 1042 1009 1069; x_wconf 81' lang='lat' dir='ltr'>qua</span> 
     </span>
    </p>
   </div>
   <div class='ocr_carea' id='block_1_35' title="bbox 186 1078 1009 1120">
    <p class='ocr_par' dir='ltr' id='par_1_35' title="bbox 186 1078 1009 1120">
     <span class='ocr_line' id='line_1_35' title="bbox 186 1078 1009 1120; baseline -0.007 -9"><span class='ocrx_word' id='word_1_204' title='bbox 186 1083 330 1120; x_wconf 83' lang='lat' dir='ltr'>quosdam</span> <span class='ocrx_word' id='word_1_205' title='bbox 357 1081 458 1109; x_wconf 83' lang='lat' dir='ltr'>incuso</span> <span class='ocrx_word' id='word_1_206' title='bbox 488 1080 522 1107; x_wconf 90' lang='lat' dir='ltr'>de</span> <span class='ocrx_word' id='word_1_207' title='bbox 552 1079 743 1108; x_wconf 86' lang='lat' dir='ltr'>admitteudis</span> <span class='ocrx_word' id='word_1_208' title='bbox 772 1078 815 1106; x_wconf 88' lang='lat' dir='ltr'>vel</span> <span class='ocrx_word' id='word_1_209' title='bbox 845 1078 1009 1114; x_wconf 87' lang='lat' dir='ltr'>rejiciendis</span> 
     </span>
    </p>
   </div>
   <div class='ocr_carea' id='block_1_36' title="bbox 188 1127 368 1156">
    <p class='ocr_par' dir='ltr' id='par_1_36' title="bbox 188 1127 368 1156">
     <span class='ocr_line' id='line_1_36' title="bbox 188 1127 368 1156; baseline -0.017 0"><span class='ocrx_word' id='word_1_210' title='bbox 188 1127 368 1156; x_wconf 88' lang='lat' dir='ltr'>nominibus.</span> 
     </span>
    </p>
   </div>
   <div class='ocr_carea' id='block_1_37' title="bbox 222 1181 645 1219">
    <p class='ocr_par' dir='ltr' id='par_1_37' title="bbox 222 1181 645 1219">
     <span class='ocr_line' id='line_1_37' title="bbox 222 1181 645 1219; baseline -0.009 -6"><span class='ocrx_word' id='word_1_211' title='bbox 222 1185 372 1213; x_wconf 78' lang='lat' dir='ltr'>Hierocles.</span> <span class='ocrx_word' id='word_1_212' title='bbox 388 1184 428 1212; x_wconf 86' lang='lat' dir='ltr'>De</span> <span class='ocrx_word' id='word_1_213' title='bbox 444 1181 645 1219; x_wconf 80' lang='lat' dir='ltr'>quibusnam?</span> 
     </span>
    </p>
   </div>
   <div class='ocr_carea' id='block_1_38' title="bbox 223 1239 1009 1278">
    <p class='ocr_par' dir='ltr' id='par_1_38' title="bbox 223 1239 1009 1278">
     <span class='ocr_line' id='line_1_38' title="bbox 223 1239 1009 1278; baseline -0.006 -7"><span class='ocrx_word' id='word_1_214' title='bbox 223 1244 248 1271; x_wconf 74' lang='grc'>4.</span> <span class='ocrx_word' id='word_1_215' title='bbox 280 1243 451 1278; x_wconf 71' lang='lat' dir='ltr'>Theophilus.</span> <span class='ocrx_word' id='word_1_216' title='bbox 482 1241 565 1268; x_wconf 84' lang='lat' dir='ltr'>Circa</span> <span class='ocrx_word' id='word_1_217' title='bbox 600 1240 685 1276; x_wconf 88' lang='lat' dir='ltr'>plura</span> <span class='ocrx_word' id='word_1_218' title='bbox 713 1239 771 1267; x_wconf 87' lang='lat' dir='ltr'>alia</span> <span class='ocrx_word' id='word_1_219' title='bbox 800 1239 928 1271; x_wconf 77' lang='lat' dir='ltr'>nomine,</span> <span class='ocrx_word' id='word_1_220' title='bbox 959 1240 1009 1267; x_wconf 89' lang='lat' dir='ltr'>sed</span> 
     </span>
    </p>
   </div>
   <div class='ocr_carea' id='block_1_39' title="bbox 187 1283 1011 1324">
    <p class='ocr_par' dir='ltr' id='par_1_39' title="bbox 187 1283 1011 1324">
     <span class='ocr_line' id='line_1_39' title="bbox 187 1283 1011 1324; baseline -0.005 -9"><span class='ocrx_word' id='word_1_221' title='bbox 187 1287 348 1324; x_wconf 56' lang='lat' dir='ltr'>praesertim</span> <span class='ocrx_word' id='word_1_222' title='bbox 383 1287 460 1314; x_wconf 81' lang='lat' dir='ltr'>circa</span> <span class='ocrx_word' id='word_1_223' title='bbox 489 1293 602 1313; x_wconf 87' lang='lat' dir='ltr'>voces:</span> <span class='ocrx_word' id='word_1_224' title='bbox 637 1292 712 1312; x_wconf 75' lang='lat' dir='ltr'>sacer</span> <span class='ocrx_word' id='word_1_225' title='bbox 745 1287 773 1311; x_wconf 89' lang='lat' dir='ltr'>et</span> <span class='ocrx_word' id='word_1_226' title='bbox 811 1284 864 1311; x_wconf 73' lang='lat' dir='ltr'>Deo</span> <span class='ocrx_word' id='word_1_227' title='bbox 897 1283 1011 1311; x_wconf 76' lang='lat' dir='ltr'>dilectus</span> 
     </span>
    </p>
   </div>
   <div class='ocr_carea' id='block_1_40' title="bbox 185 1328 1009 1370">
    <p class='ocr_par' dir='ltr' id='par_1_40' title="bbox 185 1328 1009 1370">
     <span class='ocr_line' id='line_1_40' title="bbox 185 1328 1009 1370; baseline -0.004 -12"><span class='ocrx_word' id='word_1_228' title='bbox 185 1332 281 1370; x_wconf 79' lang='grc' dir='ltr'>(ἱεροῦ,</span> <span class='ocrx_word' id='word_1_229' title='bbox 304 1329 475 1368; x_wconf 74' lang='grc' dir='ltr'>Θεοφιλιιῦς).</span> <span class='ocrx_word' id='word_1_230' title='bbox 504 1329 594 1356; x_wconf 80' lang='lat' dir='ltr'>Valde</span> <span class='ocrx_word' id='word_1_231' title='bbox 618 1329 694 1356; x_wconf 88' lang='lat' dir='ltr'>enim</span> <span class='ocrx_word' id='word_1_232' title='bbox 721 1329 831 1364; x_wconf 78' lang='lat' dir='ltr'>placuit</span> <span class='ocrx_word' id='word_1_233' title='bbox 860 1328 1009 1356; x_wconf 87' lang='lat' dir='ltr'>nonnullis</span> 
     </span>
    </p>
   </div>
   <div class='ocr_carea' id='block_1_41' title="bbox 184 1371 1008 1412">
    <p class='ocr_par' dir='ltr' id='par_1_41' title="bbox 184 1371 1008 1412">
     <span class='ocr_line' id='line_1_41' title="bbox 184 1371 1008 1412; baseline -0.006 -8"><span class='ocrx_word' id='word_1_234' title='bbox 184 1376 331 1412; x_wconf 81' lang='lat' dir='ltr'>episcopis</span> <span class='ocrx_word' id='word_1_235' title='bbox 359 1378 387 1402; x_wconf 88' lang='lat' dir='ltr'>et</span> <span class='ocrx_word' id='word_1_236' title='bbox 403 1374 468 1402; x_wconf 82' lang='lat' dir='ltr'>aliis</span> <span class='ocrx_word' id='word_1_237' title='bbox 497 1381 595 1401; x_wconf 88' lang='lat' dir='ltr'>vocem</span> <span class='ocrx_word' id='word_1_238' title='bbox 626 1371 696 1409; x_wconf 81' lang='grc' dir='ltr'>ἱερόν</span> <span class='ocrx_word' id='word_1_239' title='bbox 726 1375 754 1400; x_wconf 89' lang='lat' dir='ltr'>et</span> <span class='ocrx_word' id='word_1_240' title='bbox 778 1373 842 1407; x_wconf 85' lang='lat' dir='ltr'>ejus</span> <span class='ocrx_word' id='word_1_241' title='bbox 868 1372 1008 1400; x_wconf 87' lang='lat' dir='ltr'>excellen-</span> 
     </span>
    </p>
   </div>
   <div class='ocr_carea' id='block_1_42' title="bbox 183 1417 1008 1451">
    <p class='ocr_par' dir='ltr' id='par_1_42' title="bbox 183 1417 1008 1451">
     <span class='ocr_line' id='line_1_42' title="bbox 183 1417 1008 1451; baseline -0.004 -4"><span class='ocrx_word' id='word_1_242' title='bbox 183 1420 255 1447; x_wconf 83' lang='lat' dir='ltr'>tiam</span> <span class='ocrx_word' id='word_1_243' title='bbox 273 1420 380 1447; x_wconf 89' lang='lat' dir='ltr'>mirum</span> <span class='ocrx_word' id='word_1_244' title='bbox 409 1419 439 1446; x_wconf 93' lang='lat' dir='ltr'>in</span> <span class='ocrx_word' id='word_1_245' title='bbox 463 1419 583 1445; x_wconf 88' lang='lat' dir='ltr'>modum</span> <span class='ocrx_word' id='word_1_246' title='bbox 609 1417 756 1451; x_wconf 74' lang='lat' dir='ltr'>extollere,</span> <span class='ocrx_word' id='word_1_247' title='bbox 786 1425 884 1444; x_wconf 88' lang='lat' dir='ltr'>vocem</span> <span class='ocrx_word' id='word_1_248' title='bbox 910 1420 1008 1444; x_wconf 82' lang='lat' dir='ltr'>autem</span> 
     </span>
    </p>
   </div>
   <div class='ocr_carea' id='block_1_43' title="bbox 184 1461 1007 1502">
    <p class='ocr_par' dir='ltr' id='par_1_43' title="bbox 184 1461 1007 1502">
     <span class='ocr_line' id='line_1_43' title="bbox 184 1461 1007 1502; baseline -0.002 -12"><span class='ocrx_word' id='word_1_249' title='bbox 184 1463 314 1502; x_wconf 78' lang='grc' dir='ltr'>Θιοφιλὲς</span> <span class='ocrx_word' id='word_1_250' title='bbox 330 1466 359 1491; x_wconf 86' lang='lat' dir='ltr'>et</span> <span class='ocrx_word' id='word_1_251' title='bbox 373 1464 436 1499; x_wconf 82' lang='lat' dir='ltr'>ejus</span> <span class='ocrx_word' id='word_1_252' title='bbox 461 1462 661 1490; x_wconf 83' lang='lat' dir='ltr'>extensioncm</span> <span class='ocrx_word' id='word_1_253' title='bbox 688 1461 807 1488; x_wconf 86' lang='lat' dir='ltr'>omnino</span> <span class='ocrx_word' id='word_1_254' title='bbox 834 1461 1007 1497; x_wconf 87' lang='lat' dir='ltr'>deprimere.</span> 
     </span>
    </p>
   </div>
   <div class='ocr_carea' id='block_1_44' title="bbox 185 1506 1007 1544">
    <p class='ocr_par' dir='ltr' id='par_1_44' title="bbox 185 1506 1007 1544">
     <span class='ocr_line' id='line_1_44' title="bbox 185 1506 1007 1544; baseline -0.005 -8"><span class='ocrx_word' id='word_1_255' title='bbox 185 1509 337 1536; x_wconf 83' lang='lat' dir='ltr'>Enimvero</span> <span class='ocrx_word' id='word_1_256' title='bbox 353 1508 376 1536; x_wconf 88' lang='lat' dir='ltr'>si</span> <span class='ocrx_word' id='word_1_257' title='bbox 403 1508 468 1544; x_wconf 84' lang='lat' dir='ltr'>quis</span> <span class='ocrx_word' id='word_1_258' title='bbox 484 1515 514 1535; x_wconf 85' lang='lat' dir='ltr'>se</span> <span class='ocrx_word' id='word_1_259' title='bbox 543 1507 734 1535; x_wconf 85' lang='lat' dir='ltr'>sacerrimum</span> <span class='ocrx_word' id='word_1_260' title='bbox 760 1506 815 1533; x_wconf 89' lang='lat' dir='ltr'>dici</span> <span class='ocrx_word' id='word_1_261' title='bbox 846 1506 954 1538; x_wconf 82' lang='lat' dir='ltr'>audiat,</span> <span class='ocrx_word' id='word_1_262' title='bbox 978 1506 1007 1533; x_wconf 90' lang='lat' dir='ltr'>in</span> 
     </span>
    </p>
   </div>
   <div class='ocr_carea' id='block_1_45' title="bbox 184 1551 1007 1588">
    <p class='ocr_par' dir='ltr' id='par_1_45' title="bbox 184 1551 1007 1588">
     <span class='ocr_line' id='line_1_45' title="bbox 184 1551 1007 1588; baseline -0.006 -7"><span class='ocrx_word' id='word_1_263' title='bbox 184 1554 289 1581; x_wconf 77' lang='lat' dir='ltr'>cmlum</span> <span class='ocrx_word' id='word_1_264' title='bbox 306 1554 373 1581; x_wconf 80' lang='lat' dir='ltr'>ferri</span> <span class='ocrx_word' id='word_1_265' title='bbox 402 1553 457 1580; x_wconf 89' lang='lat' dir='ltr'>sibi</span> <span class='ocrx_word' id='word_1_266' title='bbox 488 1553 613 1584; x_wconf 84' lang='lat' dir='ltr'>videtur,</span> <span class='ocrx_word' id='word_1_267' title='bbox 640 1551 663 1578; x_wconf 89' lang='lat' dir='ltr'>si</span> <span class='ocrx_word' id='word_1_268' title='bbox 693 1559 758 1578; x_wconf 89' lang='lat' dir='ltr'>vero</span> <span class='ocrx_word' id='word_1_269' title='bbox 786 1551 893 1578; x_wconf 84' lang='lat' dir='ltr'>dicitur</span> <span class='ocrx_word' id='word_1_270' title='bbox 912 1553 1007 1588; x_wconf 79' lang='grc' dir='ltr'>Θεοφι-</span> 
     </span>
    </p>
   </div>
   <div class='ocr_carea' id='block_1_46' title="bbox 185 1593 1007 1632">
    <p class='ocr_par' dir='ltr' id='par_1_46' title="bbox 185 1593 1007 1632">
     <span class='ocr_line' id='line_1_46' title="bbox 185 1593 1007 1632; baseline -0.002 -8"><span class='ocrx_word' id='word_1_271' title='bbox 185 1596 242 1628; x_wconf 80' lang='grc' dir='ltr'>λὶς.</span> <span class='ocrx_word' id='word_1_272' title='bbox 261 1599 315 1625; x_wconf 86' lang='lat' dir='ltr'>Deo</span> <span class='ocrx_word' id='word_1_273' title='bbox 336 1597 470 1631; x_wconf 83' lang='lat' dir='ltr'>dilectus,</span> <span class='ocrx_word' id='word_1_274' title='bbox 498 1596 559 1624; x_wconf 82' lang='lat' dir='ltr'>sive</span> <span class='ocrx_word' id='word_1_275' title='bbox 587 1593 810 1632; x_wconf 75' lang='grc' dir='ltr'>Θεοφιλέστατος,</span> <span class='ocrx_word' id='word_1_276' title='bbox 840 1597 897 1622; x_wconf 88' lang='lat' dir='ltr'>Deo</span> <span class='ocrx_word' id='word_1_277' title='bbox 916 1595 1007 1622; x_wconf 84' lang='lat' dir='ltr'>dilec—</span> 
     </span>
    </p>
   </div>
   <div class='ocr_carea' id='block_1_47' title="bbox 184 1639 1006 1676">
    <p class='ocr_par' dir='ltr' id='par_1_47' title="bbox 184 1639 1006 1676">
     <span class='ocr_line' id='line_1_47' title="bbox 184 1639 1006 1676; baseline -0.005 -6"><span class='ocrx_word' id='word_1_278' title='bbox 184 1642 330 1674; x_wconf 85' lang='lat' dir='ltr'>tissimus,</span> <span class='ocrx_word' id='word_1_279' title='bbox 352 1650 410 1669; x_wconf 91' lang='lat' dir='ltr'>non</span> <span class='ocrx_word' id='word_1_280' title='bbox 436 1641 538 1668; x_wconf 90' lang='lat' dir='ltr'>dubito</span> <span class='ocrx_word' id='word_1_281' title='bbox 568 1641 638 1676; x_wconf 90' lang='lat' dir='ltr'>quin</span> <span class='ocrx_word' id='word_1_282' title='bbox 669 1640 780 1675; x_wconf 88' lang='lat' dir='ltr'>pudore</span> <span class='ocrx_word' id='word_1_283' title='bbox 808 1639 1006 1672; x_wconf 66' lang='lat' dir='ltr'>suffundatur,</span> 
     </span>
    </p>
   </div>
   <div class='ocr_carea' id='block_1_48' title="bbox 183 1684 1007 1722">
    <p class='ocr_par' dir='ltr' id='par_1_48' title="bbox 183 1684 1007 1722">
     <span class='ocr_line' id='line_1_48' title="bbox 183 1684 1007 1722; baseline -0.004 -8"><span class='ocrx_word' id='word_1_284' title='bbox 183 1686 267 1722; x_wconf 89' lang='lat' dir='ltr'>quasi</span> <span class='ocrx_word' id='word_1_285' title='bbox 291 1686 398 1721; x_wconf 81' lang='lat' dir='ltr'>insigni</span> <span class='ocrx_word' id='word_1_286' title='bbox 427 1689 546 1720; x_wconf 81' lang='lat' dir='ltr'>accepta</span> <span class='ocrx_word' id='word_1_287' title='bbox 575 1684 764 1712; x_wconf 85' lang='lat' dir='ltr'>contumelia.</span> <span class='ocrx_word' id='word_1_288' title='bbox 798 1685 921 1719; x_wconf 81' lang='lat' dir='ltr'>Ideoque</span> <span class='ocrx_word' id='word_1_289' title='bbox 944 1684 1007 1720; x_wconf 84' lang='lat' dir='ltr'>ipse</span> 
     </span>
    </p>
   </div>
   <div class='ocr_carea' id='block_1_49' title="bbox 180 1728 1006 1767">
    <p class='ocr_par' dir='ltr' id='par_1_49' title="bbox 180 1728 1006 1767">
     <span class='ocr_line' id='line_1_49' title="bbox 180 1728 1006 1767; baseline -0.002 -9"><span class='ocrx_word' id='word_1_290' title='bbox 180 1738 279 1758; x_wconf 84' lang='lat' dir='ltr'>vocem</span> <span class='ocrx_word' id='word_1_291' title='bbox 296 1729 427 1767; x_wconf 80' lang='grc' dir='ltr'>Θεοφιλός</span> <span class='ocrx_word' id='word_1_292' title='bbox 447 1729 590 1765; x_wconf 85' lang='lat' dir='ltr'>expellere</span> <span class='ocrx_word' id='word_1_293' title='bbox 616 1728 727 1760; x_wconf 88' lang='lat' dir='ltr'>volens,</span> <span class='ocrx_word' id='word_1_294' title='bbox 752 1728 817 1762; x_wconf 83' lang='lat' dir='ltr'>ejus</span> <span class='ocrx_word' id='word_1_295' title='bbox 831 1728 893 1755; x_wconf 91' lang='lat' dir='ltr'>loco</span> <span class='ocrx_word' id='word_1_296' title='bbox 908 1737 1006 1756; x_wconf 87' lang='lat' dir='ltr'>vocem</span> 
     </span>
    </p>
   </div>
   <div class='ocr_carea' id='block_1_50' title="bbox 180 1772 1007 1811">
    <p class='ocr_par' dir='ltr' id='par_1_50' title="bbox 180 1772 1007 1811">
     <span class='ocr_line' id='line_1_50' title="bbox 180 1772 1007 1811; baseline 0 -11"><span class='ocrx_word' id='word_1_297' title='bbox 180 1774 252 1811; x_wconf 75' lang='grc' dir='ltr'>ἱερὸν</span> <span class='ocrx_word' id='word_1_298' title='bbox 268 1775 383 1802; x_wconf 86' lang='lat' dir='ltr'>civitate</span> <span class='ocrx_word' id='word_1_299' title='bbox 413 1774 489 1801; x_wconf 88' lang='lat' dir='ltr'>dono</span> <span class='ocrx_word' id='word_1_300' title='bbox 518 1776 546 1800; x_wconf 85' lang='lat' dir='ltr'>et</span> <span class='ocrx_word' id='word_1_301' title='bbox 576 1774 649 1800; x_wconf 87' lang='lat' dir='ltr'>bene</span> <span class='ocrx_word' id='word_1_302' title='bbox 673 1779 758 1807; x_wconf 77' lang='lat' dir='ltr'>agere</span> <span class='ocrx_word' id='word_1_303' title='bbox 788 1775 877 1807; x_wconf 85' lang='lat' dir='ltr'>puto;</span> <span class='ocrx_word' id='word_1_304' title='bbox 903 1775 931 1799; x_wconf 88' lang='lat' dir='ltr'>et</span> <span class='ocrx_word' id='word_1_305' title='bbox 945 1772 1007 1808; x_wconf 85' lang='lat' dir='ltr'>ipse</span> 
     </span>
    </p>
   </div>
   <div class='ocr_carea' id='block_1_51' title="bbox 181 1816 1007 1853">
    <p class='ocr_par' dir='ltr' id='par_1_51' title="bbox 181 1816 1007 1853">
     <span class='ocr_line' id='line_1_51' title="bbox 181 1816 1007 1853; baseline -0.002 -7"><span class='ocrx_word' id='word_1_306' title='bbox 181 1819 299 1853; x_wconf 87' lang='lat' dir='ltr'>quidem</span> <span class='ocrx_word' id='word_1_307' title='bbox 312 1818 465 1849; x_wconf 84' lang='lat' dir='ltr'>erubesco,</span> <span class='ocrx_word' id='word_1_308' title='bbox 482 1818 505 1844; x_wconf 89' lang='lat' dir='ltr'>si</span> <span class='ocrx_word' id='word_1_309' title='bbox 522 1816 687 1852; x_wconf 87' lang='lat' dir='ltr'>Theophili,</span> <span class='ocrx_word' id='word_1_310' title='bbox 708 1825 764 1843; x_wconf 88' lang='lat' dir='ltr'>non</span> <span class='ocrx_word' id='word_1_311' title='bbox 793 1819 889 1843; x_wconf 89' lang='lat' dir='ltr'>autem</span> <span class='ocrx_word' id='word_1_312' title='bbox 908 1817 1007 1844; x_wconf 88' lang='lat' dir='ltr'>Hiero—</span> 
     </span>
    </p>
   </div>
   <div class='ocr_carea' id='block_1_52' title="bbox 180 1860 1006 1897">
    <p class='ocr_par' dir='ltr' id='par_1_52' title="bbox 180 1860 1006 1897">
     <span class='ocr_line' id='line_1_52' title="bbox 180 1860 1006 1897; baseline 0 -9"><span class='ocrx_word' id='word_1_313' title='bbox 180 1862 252 1896; x_wconf 86' lang='lat' dir='ltr'>thei,</span> <span class='ocrx_word' id='word_1_314' title='bbox 268 1862 329 1890; x_wconf 83' lang='lat' dir='ltr'>sive</span> <span class='ocrx_word' id='word_1_315' title='bbox 352 1861 403 1888; x_wconf 87' lang='lat' dir='ltr'>tali</span> <span class='ocrx_word' id='word_1_316' title='bbox 434 1861 490 1888; x_wconf 85' lang='lat' dir='ltr'>nlio</span> <span class='ocrx_word' id='word_1_317' title='bbox 517 1861 633 1888; x_wconf 85' lang='lat' dir='ltr'>nomine</span> <span class='ocrx_word' id='word_1_318' title='bbox 659 1860 789 1896; x_wconf 84' lang='lat' dir='ltr'>appeller</span> <span class='ocrx_word' id='word_1_319' title='bbox 813 1861 889 1896; x_wconf 89' lang='lat' dir='ltr'>quod</span> <span class='ocrx_word' id='word_1_320' title='bbox 910 1869 927 1888; x_wconf 72' lang='grc' dir='ltr'>ει</span> <span class='ocrx_word' id='word_1_321' title='bbox 942 1861 1006 1897; x_wconf 90' lang='lat' dir='ltr'>plu-</span> 
     </span>
    </p>
   </div>
   <div class='ocr_carea' id='block_1_53' title="bbox 182 1904 1004 1940">
    <p class='ocr_par' dir='ltr' id='par_1_53' title="bbox 182 1904 1004 1940">
     <span class='ocr_line' id='line_1_53' title="bbox 182 1904 1004 1940; baseline 0 -8"><span class='ocrx_word' id='word_1_322' title='bbox 182 1906 264 1933; x_wconf 89' lang='lat' dir='ltr'>ribus</span> <span class='ocrx_word' id='word_1_323' title='bbox 279 1905 456 1939; x_wconf 81' lang='lat' dir='ltr'>admittitur,</span> <span class='ocrx_word' id='word_1_324' title='bbox 481 1904 591 1940; x_wconf 83' lang='lat' dir='ltr'>tibique</span> <span class='ocrx_word' id='word_1_325' title='bbox 615 1905 729 1932; x_wconf 89' lang='lat' dir='ltr'>invideo</span> <span class='ocrx_word' id='word_1_326' title='bbox 752 1907 868 1940; x_wconf 85' lang='lat' dir='ltr'>propter</span> <span class='ocrx_word' id='word_1_327' title='bbox 884 1905 1004 1940; x_wconf 80' lang='lat' dir='ltr'>gloriam</span> 
     </span>
    </p>
   </div>
   <div class='ocr_carea' id='block_1_54' title="bbox 184 1948 1007 1985">
    <p class='ocr_par' dir='ltr' id='par_1_54' title="bbox 184 1948 1007 1985">
     <span class='ocr_line' id='line_1_54' title="bbox 184 1948 1007 1985; baseline 0 -8"><span class='ocrx_word' id='word_1_328' title='bbox 184 1950 311 1977; x_wconf 88' lang='lat' dir='ltr'>nominis</span> <span class='ocrx_word' id='word_1_329' title='bbox 340 1948 415 1985; x_wconf 75' lang='grc' dir='ltr'>ἱεροὒ</span> <span class='ocrx_word' id='word_1_330' title='bbox 444 1949 520 1984; x_wconf 88' lang='lat' dir='ltr'>quod</span> <span class='ocrx_word' id='word_1_331' title='bbox 551 1949 639 1984; x_wconf 83' lang='lat' dir='ltr'>geris,</span> <span class='ocrx_word' id='word_1_332' title='bbox 670 1951 698 1976; x_wconf 87' lang='lat' dir='ltr'>et</span> <span class='ocrx_word' id='word_1_333' title='bbox 719 1949 785 1976; x_wconf 88' lang='lat' dir='ltr'>illos</span> <span class='ocrx_word' id='word_1_334' title='bbox 811 1949 912 1977; x_wconf 86' lang='lat' dir='ltr'>beatos</span> <span class='ocrx_word' id='word_1_335' title='bbox 935 1958 1007 1985; x_wconf 68' lang='lat' dir='ltr'>prea-</span> 
     </span>
    </p>
   </div>
   <div class='ocr_carea' id='block_1_55' title="bbox 183 1993 1008 2030">
    <p class='ocr_par' dir='ltr' id='par_1_55' title="bbox 183 1993 1008 2030">
     <span class='ocr_line' id='line_1_55' title="bbox 183 1993 1008 2030; baseline 0.001 -9"><span class='ocrx_word' id='word_1_336' title='bbox 183 1994 248 2022; x_wconf 86' lang='lat' dir='ltr'>dico</span> <span class='ocrx_word' id='word_1_337' title='bbox 260 1993 309 2030; x_wconf 90' lang='lat' dir='ltr'>qui</span> <span class='ocrx_word' id='word_1_338' title='bbox 321 1996 348 2021; x_wconf 85' lang='lat' dir='ltr'>te</span> <span class='ocrx_word' id='word_1_339' title='bbox 358 1994 679 2030; x_wconf 84' lang='lat' dir='ltr'>genuerunt,quoniam</span> <span class='ocrx_word' id='word_1_340' title='bbox 692 1993 742 2021; x_wconf 79' lang='lat' dir='ltr'>tali</span> <span class='ocrx_word' id='word_1_341' title='bbox 754 1996 780 2021; x_wconf 91' lang='lat' dir='ltr'>te</span> <span class='ocrx_word' id='word_1_342' title='bbox 790 1993 1008 2022; x_wconf 82' lang='lat' dir='ltr'>celebraverunt</span> 
     </span>
    </p>
   </div>
   <div class='ocr_carea' id='block_1_56' title="bbox 183 2039 1007 2076">
    <p class='ocr_par' dir='ltr' id='par_1_56' title="bbox 183 2039 1007 2076">
     <span class='ocr_line' id='line_1_56' title="bbox 183 2039 1007 2076; baseline -0.001 -9"><span class='ocrx_word' id='word_1_343' title='bbox 183 2039 388 2076; x_wconf 79' lang='lat' dir='ltr'>appellatione.</span> <span class='ocrx_word' id='word_1_344' title='bbox 407 2040 494 2066; x_wconf 89' lang='lat' dir='ltr'>Porro</span> <span class='ocrx_word' id='word_1_345' title='bbox 520 2046 618 2074; x_wconf 64' lang='lat' dir='ltr'>quero</span> <span class='ocrx_word' id='word_1_346' title='bbox 643 2041 712 2070; x_wconf 84' lang='lat' dir='ltr'>ate,</span> <span class='ocrx_word' id='word_1_347' title='bbox 738 2039 788 2074; x_wconf 78' lang='lat' dir='ltr'>qui</span> <span class='ocrx_word' id='word_1_348' title='bbox 813 2041 925 2066; x_wconf 85' lang='lat' dir='ltr'>tantum</span> <span class='ocrx_word' id='word_1_349' title='bbox 943 2047 1007 2066; x_wconf 82' lang='lat' dir='ltr'>sor-</span> 
     </span>
    </p>
   </div>
   <div class='ocr_carea' id='block_1_57' title="bbox 183 2083 1006 2119">
    <p class='ocr_par' dir='ltr' id='par_1_57' title="bbox 183 2083 1006 2119">
     <span class='ocr_line' id='line_1_57' title="bbox 183 2083 1006 2119; baseline -0.002 -7"><span class='ocrx_word' id='word_1_350' title='bbox 183 2084 255 2112; x_wconf 85' lang='lat' dir='ltr'>titus</span> <span class='ocrx_word' id='word_1_351' title='bbox 271 2092 302 2112; x_wconf 87' lang='lat' dir='ltr'>es</span> <span class='ocrx_word' id='word_1_352' title='bbox 316 2091 435 2118; x_wconf 82' lang='lat' dir='ltr'>nomen,</span> <span class='ocrx_word' id='word_1_353' title='bbox 461 2083 532 2119; x_wconf 89' lang='lat' dir='ltr'>quid</span> <span class='ocrx_word' id='word_1_354' title='bbox 548 2083 665 2111; x_wconf 78' lang='lat' dir='ltr'>tandem</span> <span class='ocrx_word' id='word_1_355' title='bbox 682 2091 734 2119; x_wconf 81' lang='lat' dir='ltr'>ego</span> <span class='ocrx_word' id='word_1_356' title='bbox 763 2083 870 2111; x_wconf 87' lang='lat' dir='ltr'>sentire</span> <span class='ocrx_word' id='word_1_357' title='bbox 886 2084 1006 2111; x_wconf 85' lang='lat' dir='ltr'>debeam</span> 
     </span>
    </p>
   </div>
   <div class='ocr_carea' id='block_1_58' title="bbox 183 2128 1006 2163">
    <p class='ocr_par' dir='ltr' id='par_1_58' title="bbox 183 2128 1006 2163">
     <span class='ocr_line' id='line_1_58' title="bbox 183 2128 1006 2163; baseline -0.002 -6"><span class='ocrx_word' id='word_1_358' title='bbox 183 2129 218 2157; x_wconf 87' lang='lat' dir='ltr'>de</span> <span class='ocrx_word' id='word_1_359' title='bbox 234 2128 403 2156; x_wconf 88' lang='lat' dir='ltr'>nominibus</span> <span class='ocrx_word' id='word_1_360' title='bbox 433 2128 502 2156; x_wconf 88' lang='lat' dir='ltr'>illis.</span> <span class='ocrx_word' id='word_1_361' title='bbox 520 2130 602 2155; x_wconf 78' lang='lat' dir='ltr'>Forte</span> <span class='ocrx_word' id='word_1_362' title='bbox 630 2128 708 2155; x_wconf 87' lang='lat' dir='ltr'>enim</span> <span class='ocrx_word' id='word_1_363' title='bbox 735 2136 793 2155; x_wconf 90' lang='lat' dir='ltr'>una</span> <span class='ocrx_word' id='word_1_364' title='bbox 815 2136 849 2156; x_wconf 86' lang='lat' dir='ltr'>ex</span> <span class='ocrx_word' id='word_1_365' title='bbox 879 2128 1006 2163; x_wconf 85' lang='lat' dir='ltr'>appella-</span> 
     </span>
    </p>
   </div>
   <div class='ocr_carea' id='block_1_59' title="bbox 181 2172 1006 2208">
    <p class='ocr_par' dir='ltr' id='par_1_59' title="bbox 181 2172 1006 2208">
     <span class='ocr_line' id='line_1_59' title="bbox 181 2172 1006 2208; baseline -0.002 -7"><span class='ocrx_word' id='word_1_366' title='bbox 181 2173 322 2207; x_wconf 84' lang='lat' dir='ltr'>tionibus,</span> <span class='ocrx_word' id='word_1_367' title='bbox 339 2173 449 2201; x_wconf 85' lang='lat' dir='ltr'>scilicet</span> <span class='ocrx_word' id='word_1_368' title='bbox 474 2181 508 2200; x_wconf 88' lang='lat' dir='ltr'>ea</span> <span class='ocrx_word' id='word_1_369' title='bbox 531 2181 594 2208; x_wconf 75' lang='lat' dir='ltr'>quas</span> <span class='ocrx_word' id='word_1_370' title='bbox 617 2181 730 2200; x_wconf 86' lang='lat' dir='ltr'>sacrum</span> <span class='ocrx_word' id='word_1_371' title='bbox 754 2174 849 2207; x_wconf 86' lang='lat' dir='ltr'>sonat,</span> <span class='ocrx_word' id='word_1_372' title='bbox 880 2172 946 2199; x_wconf 84' lang='lat' dir='ltr'>lelix</span> <span class='ocrx_word' id='word_1_373' title='bbox 961 2174 1006 2200; x_wconf 88' lang='lat' dir='ltr'>est</span> 
     </span>
    </p>
   </div>
   <div class='ocr_carea' id='block_1_60' title="bbox 181 2217 1006 2254">
    <p class='ocr_par' dir='ltr' id='par_1_60' title="bbox 181 2217 1006 2254">
     <span class='ocr_line' id='line_1_60' title="bbox 181 2217 1006 2254; baseline -0.004 -8"><span class='ocrx_word' id='word_1_374' title='bbox 181 2219 393 2254; x_wconf 81' lang='lat' dir='ltr'>proptereaque</span> <span class='ocrx_word' id='word_1_375' title='bbox 422 2219 550 2252; x_wconf 79' lang='lat' dir='ltr'>emetur,</span> <span class='ocrx_word' id='word_1_376' title='bbox 574 2219 601 2245; x_wconf 89' lang='lat' dir='ltr'>et</span> <span class='ocrx_word' id='word_1_377' title='bbox 630 2217 898 2252; x_wconf 84' lang='lat' dir='ltr'>concupiscentiam</span> <span class='ocrx_word' id='word_1_378' title='bbox 916 2218 1006 2252; x_wconf 87' lang='lat' dir='ltr'>majo-</span> 
     </span>
    </p>
   </div>
   <div class='ocr_carea' id='block_1_61' title="bbox 181 2261 1005 2296">
    <p class='ocr_par' dir='ltr' id='par_1_61' title="bbox 181 2261 1005 2296">
     <span class='ocr_line' id='line_1_61' title="bbox 181 2261 1005 2296; baseline -0.002 -6"><span class='ocrx_word' id='word_1_379' title='bbox 181 2271 242 2290; x_wconf 88' lang='lat' dir='ltr'>rem</span> <span class='ocrx_word' id='word_1_380' title='bbox 257 2262 370 2295; x_wconf 78' lang='lat' dir='ltr'>allicit;</span> <span class='ocrx_word' id='word_1_381' title='bbox 396 2261 489 2289; x_wconf 83' lang='lat' dir='ltr'>altera</span> <span class='ocrx_word' id='word_1_382' title='bbox 518 2264 625 2293; x_wconf 80' lang='lat' dir='ltr'>autem,</span> <span class='ocrx_word' id='word_1_383' title='bbox 656 2261 722 2288; x_wconf 86' lang='lat' dir='ltr'>licet</span> <span class='ocrx_word' id='word_1_384' title='bbox 750 2261 902 2296; x_wconf 85' lang='lat' dir='ltr'>splendide</span> <span class='ocrx_word' id='word_1_385' title='bbox 927 2269 1005 2288; x_wconf 89' lang='lat' dir='ltr'>com-</span> 
     </span>
    </p>
   </div>
   <div class='ocr_carea' id='block_1_62' title="bbox 1062 968 1232 1008">
    <p class='ocr_par' dir='ltr' id='par_1_62' title="bbox 1062 968 1232 1008">
     <span class='ocr_line' id='line_1_62' title="bbox 1062 968 1232 1008; baseline 0.012 -12"><span class='ocrx_word' id='word_1_386' title='bbox 1062 968 1232 1008; x_wconf 73' lang='grc' dir='ltr'>προῦτεινας.</span> 
     </span>
    </p>
   </div>
   <div class='ocr_carea' id='block_1_63' title="bbox 1098 1032 1888 1073">
    <p class='ocr_par' dir='ltr' id='par_1_63' title="bbox 1098 1032 1888 1073">
     <span class='ocr_line' id='line_1_63' title="bbox 1098 1032 1888 1073; baseline 0.005 -14"><span class='ocrx_word' id='word_1_387' title='bbox 1098 1032 1255 1070; x_wconf 80' lang='grc' dir='ltr'>Θεόφιλος.</span> <span class='ocrx_word' id='word_1_388' title='bbox 1286 1033 1466 1072; x_wconf 82' lang='grc' dir='ltr'>Ἀνακαλύψω</span> <span class='ocrx_word' id='word_1_389' title='bbox 1506 1045 1547 1062; x_wconf 87' lang='grc' dir='ltr'>σοι</span> <span class='ocrx_word' id='word_1_390' title='bbox 1585 1035 1688 1073; x_wconf 75' lang='grc' dir='ltr'>μέμψιν</span> <span class='ocrx_word' id='word_1_391' title='bbox 1727 1036 1798 1073; x_wconf 79' lang='grc' dir='ltr'>ἐμὴν</span> <span class='ocrx_word' id='word_1_392' title='bbox 1821 1060 1828 1072; x_wconf 77' lang='grc'>,</span> <span class='ocrx_word' id='word_1_393' title='bbox 1858 1037 1888 1071; x_wconf 77' lang='grc' dir='ltr'>ἢν</span> 
     </span>
    </p>
   </div>
   <div class='ocr_carea' id='block_1_64' title="bbox 1065 1076 1890 1149">
    <p class='ocr_par' dir='ltr' id='par_1_64' title="bbox 1065 1076 1890 1149">
     <span class='ocr_line' id='line_1_64' title="bbox 1065 1076 1890 1119; baseline 0.006 -16"><span class='ocrx_word' id='word_1_394' title='bbox 1065 1076 1210 1115; x_wconf 68' lang='grc' dir='ltr'>μέμφομαί</span> <span class='ocrx_word' id='word_1_395' title='bbox 1246 1087 1320 1109; x_wconf 87' lang='grc' dir='ltr'>τινας</span> <span class='ocrx_word' id='word_1_396' title='bbox 1354 1077 1398 1106; x_wconf 77' lang='grc' dir='ltr'>ἕπὶ</span> <span class='ocrx_word' id='word_1_397' title='bbox 1436 1078 1577 1116; x_wconf 83' lang='grc' dir='ltr'>ὀνομάτων</span> <span class='ocrx_word' id='word_1_398' title='bbox 1617 1079 1718 1119; x_wconf 64' lang='grc' dir='ltr'>ἐκλογῇ</span> <span class='ocrx_word' id='word_1_399' title='bbox 1752 1081 1800 1109; x_wconf 84' lang='grc' dir='ltr'>καὶ</span> <span class='ocrx_word' id='word_1_400' title='bbox 1840 1081 1890 1108; x_wconf 78' lang='grc' dir='ltr'>ἀπ-</span> 
     </span>
     <span class='ocr_line' id='line_1_65' title="bbox 1065 1121 1177 1149; baseline 0.009 -1"><span class='ocrx_word' id='word_1_401' title='bbox 1065 1121 1177 1149; x_wconf 77' lang='grc' dir='ltr'>εκλογῆ.</span> 
     </span>
    </p>
   </div>
   <div class='ocr_carea' id='block_1_65' title="bbox 1064 1131 1177 1158">
    <p class='ocr_par' dir='ltr' id='par_1_65' title="bbox 1064 1131 1177 1158">
     <span class='ocr_line' id='line_1_66' title="bbox 1064 1131 1177 1158; baseline 0.018 -10"><span class='ocrx_word' id='word_1_402' title='bbox 1064 1131 1177 1158; x_wconf 76' lang='grc' dir='ltr'>εκΛογῃ.</span> 
     </span>
    </p>
   </div>
   <div class='ocr_carea' id='block_1_66' title="bbox 1099 1178 1464 1218">
    <p class='ocr_par' dir='ltr' id='par_1_66' title="bbox 1099 1178 1464 1218">
     <span class='ocr_line' id='line_1_67' title="bbox 1099 1178 1464 1218; baseline 0.003 -11"><span class='ocrx_word' id='word_1_403' title='bbox 1099 1178 1250 1217; x_wconf 78' lang='grc' dir='ltr'>Ἱεροκλῆς.</span> <span class='ocrx_word' id='word_1_404' title='bbox 1267 1181 1338 1216; x_wconf 76' lang='grc' dir='ltr'>Ποίᾳ</span> <span class='ocrx_word' id='word_1_405' title='bbox 1353 1180 1440 1218; x_wconf 71' lang='grc' dir='ltr'>ἐκείνῃ</span> <span class='ocrx_word' id='word_1_406' title='bbox 1456 1191 1464 1216; x_wconf 86' lang='grc'>;</span> 
     </span>
    </p>
   </div>
   <div class='ocr_carea' id='block_1_67' title="bbox 1078 1236 1891 1277">
    <p class='ocr_par' dir='ltr' id='par_1_67' title="bbox 1078 1236 1891 1277">
     <span class='ocr_line' id='line_1_68' title="bbox 1078 1236 1891 1277; baseline 0.007 -13"><span class='ocrx_word' id='word_1_407' title='bbox 1078 1236 1130 1276; x_wconf 37' lang='grc' dir='ltr'>,δκ</span> <span class='ocrx_word' id='word_1_408' title='bbox 1147 1237 1289 1276; x_wconf 82' lang='grc' dir='ltr'>Θεόφιλος.</span> <span class='ocrx_word' id='word_1_409' title='bbox 1315 1238 1437 1267; x_wconf 77' lang='grc' dir='ltr'>Πολλαῖε</span> <span class='ocrx_word' id='word_1_410' title='bbox 1464 1240 1511 1276; x_wconf 75' lang='grc' dir='ltr'>μὲν</span> <span class='ocrx_word' id='word_1_411' title='bbox 1537 1241 1582 1268; x_wconf 78' lang='grc' dir='ltr'>καὶ</span> <span class='ocrx_word' id='word_1_412' title='bbox 1604 1239 1714 1277; x_wconf 74' lang='grc' dir='ltr'>ἄλλαις,</span> <span class='ocrx_word' id='word_1_413' title='bbox 1730 1241 1759 1269; x_wconf 84' lang='grc' dir='ltr'>ἐν</span> <span class='ocrx_word' id='word_1_414' title='bbox 1786 1241 1816 1270; x_wconf 69' lang='grc' dir='ltr'>δὲ</span> <span class='ocrx_word' id='word_1_415' title='bbox 1830 1246 1891 1274; x_wconf 80' lang='grc' dir='ltr'>ταῖς</span> 
     </span>
    </p>
   </div>
   <div class='ocr_carea' id='block_1_68' title="bbox 1063 1282 1893 1324">
    <p class='ocr_par' dir='ltr' id='par_1_68' title="bbox 1063 1282 1893 1324">
     <span class='ocr_line' id='line_1_69' title="bbox 1063 1282 1893 1324; baseline 0.007 -15"><span class='ocrx_word' id='word_1_416' title='bbox 1063 1282 1107 1309; x_wconf 74' lang='grc' dir='ltr'>καὶ</span> <span class='ocrx_word' id='word_1_417' title='bbox 1129 1284 1163 1319; x_wconf 78' lang='grc' dir='ltr'>τῇ</span> <span class='ocrx_word' id='word_1_418' title='bbox 1189 1285 1237 1310; x_wconf 80' lang='grc' dir='ltr'>τοῦ</span> <span class='ocrx_word' id='word_1_419' title='bbox 1268 1283 1341 1320; x_wconf 78' lang='grc' dir='ltr'>ἱεροῦ</span> <span class='ocrx_word' id='word_1_420' title='bbox 1366 1284 1410 1311; x_wconf 84' lang='grc' dir='ltr'>καὶ</span> <span class='ocrx_word' id='word_1_421' title='bbox 1438 1286 1487 1312; x_wconf 75' lang='grc' dir='ltr'>τοῦ</span> <span class='ocrx_word' id='word_1_422' title='bbox 1517 1284 1670 1324; x_wconf 75' lang='grc' dir='ltr'>θεοφιλοῦς.</span> <span class='ocrx_word' id='word_1_423' title='bbox 1700 1286 1893 1324; x_wconf 80' lang='grc' dir='ltr'>Εὐηρὲο-τηται</span> 
     </span>
    </p>
   </div>
   <div class='ocr_carea' id='block_1_69' title="bbox 1063 1325 1892 1368">
    <p class='ocr_par' dir='ltr' id='par_1_69' title="bbox 1063 1325 1892 1368">
     <span class='ocr_line' id='line_1_70' title="bbox 1063 1325 1892 1368; baseline 0.008 -15"><span class='ocrx_word' id='word_1_424' title='bbox 1063 1327 1114 1364; x_wconf 68' lang='grc' dir='ltr'>γὰρ</span> <span class='ocrx_word' id='word_1_425' title='bbox 1144 1325 1284 1365; x_wconf 63' lang='grc' dir='ltr'>διαφόροις</span> <span class='ocrx_word' id='word_1_426' title='bbox 1322 1327 1482 1361; x_wconf 75' lang='grc' dir='ltr'>ἐπισκόποις</span> <span class='ocrx_word' id='word_1_427' title='bbox 1506 1339 1535 1357; x_wconf 87' lang='grc' dir='ltr'>τε</span> <span class='ocrx_word' id='word_1_428' title='bbox 1564 1330 1608 1357; x_wconf 82' lang='grc' dir='ltr'>καὶ</span> <span class='ocrx_word' id='word_1_429' title='bbox 1643 1329 1754 1362; x_wconf 83' lang='grc' dir='ltr'>λοιποῖς</span> <span class='ocrx_word' id='word_1_430' title='bbox 1783 1332 1816 1359; x_wconf 89' lang='grc' dir='ltr'>τό</span> <span class='ocrx_word' id='word_1_431' title='bbox 1843 1333 1892 1368; x_wconf 78' lang='grc' dir='ltr'>μὶν</span> 
     </span>
    </p>
   </div>
   <div class='ocr_carea' id='block_1_70' title="bbox 1063 1369 1892 1412">
    <p class='ocr_par' dir='ltr' id='par_1_70' title="bbox 1063 1369 1892 1412">
     <span class='ocr_line' id='line_1_71' title="bbox 1063 1369 1892 1412; baseline 0.007 -14"><span class='ocrx_word' id='word_1_432' title='bbox 1063 1371 1135 1408; x_wconf 76' lang='grc' dir='ltr'>ἱερὸν</span> <span class='ocrx_word' id='word_1_433' title='bbox 1166 1369 1252 1407; x_wconf 70' lang='grc' dir='ltr'>ὄνομα</span> <span class='ocrx_word' id='word_1_434' title='bbox 1274 1372 1320 1400; x_wconf 80' lang='grc' dir='ltr'>καὶ</span> <span class='ocrx_word' id='word_1_435' title='bbox 1342 1373 1391 1407; x_wconf 88' lang='grc' dir='ltr'>τήν</span> <span class='ocrx_word' id='word_1_436' title='bbox 1421 1373 1503 1401; x_wconf 77' lang='grc' dir='ltr'>αὐτοῦ</span> <span class='ocrx_word' id='word_1_437' title='bbox 1542 1374 1681 1411; x_wconf 60' lang='grc' dir='ltr'>ὑπέρθεσιν</span> <span class='ocrx_word' id='word_1_438' title='bbox 1713 1376 1783 1412; x_wconf 72' lang='grc' dir='ltr'>ὑψοῦ</span> <span class='ocrx_word' id='word_1_439' title='bbox 1813 1376 1892 1404; x_wconf 83' lang='grc' dir='ltr'>καθί-</span> 
     </span>
    </p>
   </div>
   <div class='ocr_carea' id='block_1_71' title="bbox 1064 1415 1892 1453">
    <p class='ocr_par' dir='ltr' id='par_1_71' title="bbox 1064 1415 1892 1453">
     <span class='ocr_line' id='line_1_72' title="bbox 1064 1415 1892 1453; baseline 0.007 -11"><span class='ocrx_word' id='word_1_440' title='bbox 1064 1418 1128 1450; x_wconf 78' lang='grc' dir='ltr'>ζειν,</span> <span class='ocrx_word' id='word_1_441' title='bbox 1157 1416 1188 1443; x_wconf 85' lang='grc' dir='ltr'>τὸ</span> <span class='ocrx_word' id='word_1_442' title='bbox 1218 1415 1246 1444; x_wconf 77' lang='grc' dir='ltr'>δὲ</span> <span class='ocrx_word' id='word_1_443' title='bbox 1272 1416 1397 1452; x_wconf 72' lang='grc' dir='ltr'>Θεοφιλὶς</span> <span class='ocrx_word' id='word_1_444' title='bbox 1426 1418 1471 1445; x_wconf 80' lang='grc' dir='ltr'>καὶ</span> <span class='ocrx_word' id='word_1_445' title='bbox 1499 1418 1548 1453; x_wconf 84' lang='grc' dir='ltr'>τήν</span> <span class='ocrx_word' id='word_1_446' title='bbox 1574 1419 1655 1446; x_wconf 77' lang='grc' dir='ltr'>αὐτοῦ</span> <span class='ocrx_word' id='word_1_447' title='bbox 1679 1418 1803 1448; x_wconf 68' lang='grc' dir='ltr'>ἐπίτασιν</span> <span class='ocrx_word' id='word_1_448' title='bbox 1824 1421 1892 1448; x_wconf 86' lang='grc' dir='ltr'>ὑπο-</span> 
     </span>
    </p>
   </div>
   <div class='ocr_carea' id='block_1_72' title="bbox 1063 1457 1894 1503">
    <p class='ocr_par' dir='ltr' id='par_1_72' title="bbox 1063 1457 1894 1503">
     <span class='ocr_line' id='line_1_73' title="bbox 1063 1457 1894 1503; baseline 0.008 -17"><span class='ocrx_word' id='word_1_449' title='bbox 1063 1457 1179 1497; x_wconf 78' lang='grc' dir='ltr'>ϐάομιον</span> <span class='ocrx_word' id='word_1_450' title='bbox 1201 1462 1271 1488; x_wconf 84' lang='grc' dir='ltr'>πάνυ</span> <span class='ocrx_word' id='word_1_451' title='bbox 1291 1471 1316 1488; x_wconf 89' lang='grc' dir='ltr'>τι</span> <span class='ocrx_word' id='word_1_452' title='bbox 1340 1463 1478 1498; x_wconf 78' lang='grc' dir='ltr'>καθιοτᾷν.</span> <span class='ocrx_word' id='word_1_453' title='bbox 1506 1463 1616 1500; x_wconf 80' lang='grc' dir='ltr'>Ἀμὲλει</span> <span class='ocrx_word' id='word_1_454' title='bbox 1639 1474 1683 1491; x_wconf 85' lang='grc' dir='ltr'>τοι</span> <span class='ocrx_word' id='word_1_455' title='bbox 1708 1465 1753 1492; x_wconf 87' lang='grc' dir='ltr'>καί</span> <span class='ocrx_word' id='word_1_456' title='bbox 1778 1466 1894 1503; x_wconf 72' lang='grc' dir='ltr'>ἱερώτα-</span> 
     </span>
    </p>
   </div>
   <div class='ocr_carea' id='block_1_73' title="bbox 1061 1505 1892 1548">
    <p class='ocr_par' dir='ltr' id='par_1_73' title="bbox 1061 1505 1892 1548">
     <span class='ocr_line' id='line_1_74' title="bbox 1061 1505 1892 1548; baseline 0.008 -18"><span class='ocrx_word' id='word_1_457' title='bbox 1061 1514 1108 1535; x_wconf 83' lang='grc' dir='ltr'>τος</span> <span class='ocrx_word' id='word_1_458' title='bbox 1140 1505 1187 1540; x_wconf 79' lang='grc' dir='ltr'>μὲν</span> <span class='ocrx_word' id='word_1_459' title='bbox 1216 1515 1258 1536; x_wconf 86' lang='grc' dir='ltr'>τις</span> <span class='ocrx_word' id='word_1_460' title='bbox 1295 1505 1420 1540; x_wconf 64' lang='grc' dir='ltr'>ἀκούσας,</span> <span class='ocrx_word' id='word_1_461' title='bbox 1450 1506 1574 1544; x_wconf 80' lang='grc' dir='ltr'>οὐράνιος</span> <span class='ocrx_word' id='word_1_462' title='bbox 1604 1508 1670 1535; x_wconf 73' lang='grc' dir='ltr'>εἶναι</span> <span class='ocrx_word' id='word_1_463' title='bbox 1701 1509 1892 1548; x_wconf 77' lang='grc' dir='ltr'>φαντάζεται’</span> 
     </span>
    </p>
   </div>
   <div class='ocr_carea' id='block_1_74' title="bbox 1063 1548 1892 1589">
    <p class='ocr_par' dir='ltr' id='par_1_74' title="bbox 1063 1548 1892 1589">
     <span class='ocr_line' id='line_1_75' title="bbox 1063 1548 1892 1589; baseline 0.008 -14"><span class='ocrx_word' id='word_1_464' title='bbox 1063 1548 1193 1588; x_wconf 76' lang='grc' dir='ltr'>θεοφιλὴς</span> <span class='ocrx_word' id='word_1_465' title='bbox 1224 1548 1262 1586; x_wconf 72' lang='grc' dir='ltr'>δὲ,</span> <span class='ocrx_word' id='word_1_466' title='bbox 1293 1549 1346 1577; x_wconf 55' lang='grc' dir='ltr'>εἴτε</span> <span class='ocrx_word' id='word_1_467' title='bbox 1375 1550 1603 1589; x_wconf 70' lang='grc' dir='ltr'>θεοφιλέστατος,</span> <span class='ocrx_word' id='word_1_468' title='bbox 1634 1551 1696 1580; x_wconf 85' lang='grc' dir='ltr'>ἀλλ’</span> <span class='ocrx_word' id='word_1_469' title='bbox 1726 1553 1810 1585; x_wconf 81' lang='grc' dir='ltr'>αὐτὸς</span> <span class='ocrx_word' id='word_1_470' title='bbox 1841 1554 1892 1582; x_wconf 73' lang='grc' dir='ltr'>οὐκ</span> 
     </span>
    </p>
   </div>
   <div class='ocr_carea' id='block_1_75' title="bbox 1063 1593 1894 1636">
    <p class='ocr_par' dir='ltr' id='par_1_75' title="bbox 1063 1593 1894 1636">
     <span class='ocr_line' id='line_1_76' title="bbox 1063 1593 1894 1636; baseline 0.01 -17"><span class='ocrx_word' id='word_1_471' title='bbox 1063 1593 1138 1628; x_wconf 77' lang='grc' dir='ltr'>οἶμαι</span> <span class='ocrx_word' id='word_1_472' title='bbox 1168 1593 1205 1624; x_wconf 85' lang='grc' dir='ltr'>ὡς</span> <span class='ocrx_word' id='word_1_473' title='bbox 1231 1593 1295 1632; x_wconf 79' lang='grc' dir='ltr'>οὐχὶ</span> <span class='ocrx_word' id='word_1_474' title='bbox 1310 1595 1355 1622; x_wconf 77' lang='grc' dir='ltr'>καὶ</span> <span class='ocrx_word' id='word_1_475' title='bbox 1381 1595 1586 1634; x_wconf 74' lang='grc' dir='ltr'>ἐγκαλύπτεται,</span> <span class='ocrx_word' id='word_1_476' title='bbox 1613 1598 1659 1624; x_wconf 79' lang='grc' dir='ltr'>οἷά</span> <span class='ocrx_word' id='word_1_477' title='bbox 1673 1596 1894 1636; x_wconf 78' lang='grc' dir='ltr'>περιυϐριζόμε-</span> 
     </span>
    </p>
   </div>
   <div class='ocr_carea' id='block_1_76' title="bbox 1062 1639 1894 1678">
    <p class='ocr_par' dir='ltr' id='par_1_76' title="bbox 1062 1639 1894 1678">
     <span class='ocr_line' id='line_1_77' title="bbox 1062 1639 1894 1678; baseline 0.008 -14"><span class='ocrx_word' id='word_1_478' title='bbox 1062 1648 1124 1668; x_wconf 74' lang='lat' dir='ltr'>voc.</span> <span class='ocrx_word' id='word_1_479' title='bbox 1155 1639 1202 1665; x_wconf 85' lang='grc' dir='ltr'>Διὸ</span> <span class='ocrx_word' id='word_1_480' title='bbox 1231 1639 1273 1666; x_wconf 77' lang='grc' dir='ltr'>καὶ</span> <span class='ocrx_word' id='word_1_481' title='bbox 1305 1639 1385 1670; x_wconf 82' lang='grc' dir='ltr'>αὐτὸς</span> <span class='ocrx_word' id='word_1_482' title='bbox 1416 1639 1472 1677; x_wconf 82' lang='grc' dir='ltr'>ἐγὼ</span> <span class='ocrx_word' id='word_1_483' title='bbox 1501 1640 1697 1678; x_wconf 80' lang='grc' dir='ltr'>ὲξοστρακίυειν</span> <span class='ocrx_word' id='word_1_484' title='bbox 1727 1642 1832 1674; x_wconf 73' lang='grc' dir='ltr'>ἐθέλων</span> <span class='ocrx_word' id='word_1_485' title='bbox 1861 1645 1894 1672; x_wconf 73' lang='grc' dir='ltr'>τὸ</span> 
     </span>
    </p>
   </div>
   <div class='ocr_carea' id='block_1_77' title="bbox 1063 1681 1893 1724">
    <p class='ocr_par' dir='ltr' id='par_1_77' title="bbox 1063 1681 1893 1724">
     <span class='ocr_line' id='line_1_78' title="bbox 1063 1681 1893 1724; baseline 0.01 -16"><span class='ocrx_word' id='word_1_486' title='bbox 1063 1681 1198 1720; x_wconf 70' lang='grc' dir='ltr'>θεοφιλὲς,</span> <span class='ocrx_word' id='word_1_487' title='bbox 1218 1686 1411 1720; x_wconf 74' lang='grc' dir='ltr'>πολιτογρασῶ</span> <span class='ocrx_word' id='word_1_488' title='bbox 1435 1685 1491 1712; x_wconf 80' lang='grc' dir='ltr'>ἀντ’</span> <span class='ocrx_word' id='word_1_489' title='bbox 1515 1685 1598 1713; x_wconf 80' lang='grc' dir='ltr'>αὐτοῦ</span> <span class='ocrx_word' id='word_1_490' title='bbox 1622 1686 1653 1714; x_wconf 87' lang='grc' dir='ltr'>τὸ</span> <span class='ocrx_word' id='word_1_491' title='bbox 1677 1687 1760 1724; x_wconf 77' lang='grc' dir='ltr'>ἱερὸν,</span> <span class='ocrx_word' id='word_1_492' title='bbox 1777 1689 1823 1715; x_wconf 77' lang='grc' dir='ltr'>καὶ</span> <span class='ocrx_word' id='word_1_493' title='bbox 1843 1687 1893 1716; x_wconf 80' lang='grc' dir='ltr'>λο-</span> 
     </span>
    </p>
   </div>
   <div class='ocr_carea' id='block_1_78' title="bbox 1061 1726 1892 1768">
    <p class='ocr_par' dir='ltr' id='par_1_78' title="bbox 1061 1726 1892 1768">
     <span class='ocr_line' id='line_1_79' title="bbox 1061 1726 1892 1768; baseline 0.01 -16"><span class='ocrx_word' id='word_1_494' title='bbox 1061 1726 1171 1764; x_wconf 84' lang='grc' dir='ltr'>γίζομαι</span> <span class='ocrx_word' id='word_1_495' title='bbox 1202 1727 1299 1765; x_wconf 84' lang='grc' dir='ltr'>ἀγαθόν</span> <span class='ocrx_word' id='word_1_496' title='bbox 1337 1738 1363 1754; x_wconf 87' lang='grc' dir='ltr'>τι</span> <span class='ocrx_word' id='word_1_497' title='bbox 1391 1731 1502 1756; x_wconf 82' lang='grc' dir='ltr'>ποιεῖν·</span> <span class='ocrx_word' id='word_1_498' title='bbox 1529 1730 1573 1757; x_wconf 88' lang='grc' dir='ltr'>καί</span> <span class='ocrx_word' id='word_1_499' title='bbox 1610 1741 1663 1758; x_wconf 76' lang='grc' dir='ltr'>που</span> <span class='ocrx_word' id='word_1_500' title='bbox 1697 1731 1742 1758; x_wconf 86' lang='grc' dir='ltr'>καὶ</span> <span class='ocrx_word' id='word_1_501' title='bbox 1771 1731 1892 1768; x_wconf 64' lang='grc' dir='ltr'>ἐμαυτὸν</span> 
     </span>
    </p>
   </div>
   <div class='ocr_carea' id='block_1_79' title="bbox 1062 1770 1892 1814">
    <p class='ocr_par' dir='ltr' id='par_1_79' title="bbox 1062 1770 1892 1814">
     <span class='ocr_line' id='line_1_80' title="bbox 1062 1770 1892 1814; baseline 0.008 -17"><span class='ocrx_word' id='word_1_502' title='bbox 1062 1770 1239 1808; x_wconf 79' lang='grc' dir='ltr'>αἶ’σχύνομαι,</span> <span class='ocrx_word' id='word_1_503' title='bbox 1257 1771 1282 1798; x_wconf 70' lang='grc' dir='ltr'>εἴ</span> <span class='ocrx_word' id='word_1_504' title='bbox 1295 1773 1436 1809; x_wconf 85' lang='grc' dir='ltr'>καλοίμην</span> <span class='ocrx_word' id='word_1_505' title='bbox 1461 1774 1599 1812; x_wconf 79' lang='grc' dir='ltr'>θεόφιλος,</span> <span class='ocrx_word' id='word_1_506' title='bbox 1621 1775 1652 1802; x_wconf 85' lang='grc' dir='ltr'>οὐ</span> <span class='ocrx_word' id='word_1_507' title='bbox 1679 1777 1733 1812; x_wconf 82' lang='grc' dir='ltr'>μὴν</span> <span class='ocrx_word' id='word_1_508' title='bbox 1758 1777 1892 1814; x_wconf 73' lang='grc' dir='ltr'>ἱερόθεος,</span> 
     </span>
    </p>
   </div>
   <div class='ocr_carea' id='block_1_80' title="bbox 1061 1814 1892 1856">
    <p class='ocr_par' dir='ltr' id='par_1_80' title="bbox 1061 1814 1892 1856">
     <span class='ocr_line' id='line_1_81' title="bbox 1061 1814 1892 1856; baseline 0.011 -15"><span class='ocrx_word' id='word_1_509' title='bbox 1061 1814 1121 1849; x_wconf 75' lang='grc' dir='ltr'>ἤτι</span> <span class='ocrx_word' id='word_1_510' title='bbox 1145 1817 1267 1843; x_wconf 76' lang='grc' dir='ltr'>τοιοῦτον</span> <span class='ocrx_word' id='word_1_511' title='bbox 1298 1815 1367 1844; x_wconf 68' lang='grc' dir='ltr'>ἄλλο</span> <span class='ocrx_word' id='word_1_512' title='bbox 1397 1817 1581 1856; x_wconf 68' lang='grc' dir='ltr'>ἐξειλεγμένον</span> <span class='ocrx_word' id='word_1_513' title='bbox 1610 1823 1668 1851; x_wconf 83' lang='grc' dir='ltr'>τοῖς</span> <span class='ocrx_word' id='word_1_514' title='bbox 1693 1820 1818 1849; x_wconf 77' lang='grc' dir='ltr'>πλείοσι·</span> <span class='ocrx_word' id='word_1_515' title='bbox 1845 1823 1892 1850; x_wconf 67' lang='grc' dir='ltr'>καὶ</span> 
     </span>
    </p>
   </div>
   <div class='ocr_carea' id='block_1_81' title="bbox 1063 1858 1892 1904">
    <p class='ocr_par' dir='ltr' id='par_1_81' title="bbox 1063 1858 1892 1904">
     <span class='ocr_line' id='line_1_82' title="bbox 1063 1858 1892 1904; baseline 0.01 -18"><span class='ocrx_word' id='word_1_516' title='bbox 1063 1860 1091 1886; x_wconf 67' lang='grc' dir='ltr'>σὲ</span> <span class='ocrx_word' id='word_1_517' title='bbox 1112 1858 1140 1886; x_wconf 80' lang='grc' dir='ltr'>δὲ</span> <span class='ocrx_word' id='word_1_518' title='bbox 1157 1860 1233 1895; x_wconf 79' lang='grc' dir='ltr'>ζηλῶ</span> <span class='ocrx_word' id='word_1_519' title='bbox 1248 1863 1296 1887; x_wconf 81' lang='grc' dir='ltr'>τοῦ</span> <span class='ocrx_word' id='word_1_520' title='bbox 1317 1862 1391 1898; x_wconf 75' lang='grc' dir='ltr'>ἱεροῦ</span> <span class='ocrx_word' id='word_1_521' title='bbox 1413 1861 1523 1898; x_wconf 77' lang='grc' dir='ltr'>κλέους,</span> <span class='ocrx_word' id='word_1_522' title='bbox 1543 1864 1558 1891; x_wconf 77' lang='grc' dir='ltr'>ὃ</span> <span class='ocrx_word' id='word_1_523' title='bbox 1573 1864 1756 1904; x_wconf 69' lang='grc' dir='ltr'>προγράφεταί</span> <span class='ocrx_word' id='word_1_524' title='bbox 1773 1876 1829 1900; x_wconf 87' lang='grc' dir='ltr'>σοι,</span> <span class='ocrx_word' id='word_1_525' title='bbox 1844 1867 1892 1894; x_wconf 78' lang='grc' dir='ltr'>καὶ</span> 
     </span>
    </p>
   </div>
   <div class='ocr_carea' id='block_1_82' title="bbox 1064 1904 1891 1949">
    <p class='ocr_par' dir='ltr' id='par_1_82' title="bbox 1064 1904 1891 1949">
     <span class='ocr_line' id='line_1_83' title="bbox 1064 1904 1891 1949; baseline 0.011 -19"><span class='ocrx_word' id='word_1_526' title='bbox 1064 1904 1205 1949; x_wconf 51' lang='grc' dir='ltr'>μακαρίζοι</span> <span class='ocrx_word' id='word_1_527' title='bbox 1233 1904 1296 1936; x_wconf 83' lang='grc' dir='ltr'>τοὺς</span> <span class='ocrx_word' id='word_1_528' title='bbox 1320 1906 1507 1943; x_wconf 74' lang='grc' dir='ltr'>γειναμένους,</span> <span class='ocrx_word' id='word_1_529' title='bbox 1537 1908 1577 1935; x_wconf 74' lang='grc' dir='ltr'>ὅτι</span> <span class='ocrx_word' id='word_1_530' title='bbox 1604 1919 1633 1936; x_wconf 85' lang='grc' dir='ltr'>σε</span> <span class='ocrx_word' id='word_1_531' title='bbox 1650 1909 1763 1947; x_wconf 75' lang='grc' dir='ltr'>τοιαύτῃ</span> <span class='ocrx_word' id='word_1_532' title='bbox 1793 1921 1891 1949; x_wconf 75' lang='grc' dir='ltr'>παρω-</span> 
     </span>
    </p>
   </div>
   <div class='ocr_carea' id='block_1_83' title="bbox 1061 1947 1891 1992">
    <p class='ocr_par' dir='ltr' id='par_1_83' title="bbox 1061 1947 1891 1992">
     <span class='ocr_line' id='line_1_84' title="bbox 1061 1947 1891 1992; baseline 0.011 -18"><span class='ocrx_word' id='word_1_533' title='bbox 1061 1949 1146 1984; x_wconf 79' lang='grc' dir='ltr'>νυμίᾳ</span> <span class='ocrx_word' id='word_1_534' title='bbox 1169 1947 1303 1976; x_wconf 79' lang='grc' dir='ltr'>ἐκλὲϊσαν.</span> <span class='ocrx_word' id='word_1_535' title='bbox 1330 1950 1501 1988; x_wconf 81' lang='grc' dir='ltr'>Πυνθάνομαι</span> <span class='ocrx_word' id='word_1_536' title='bbox 1527 1951 1559 1988; x_wconf 80' lang='grc' dir='ltr'>δή</span> <span class='ocrx_word' id='word_1_537' title='bbox 1578 1963 1636 1988; x_wconf 82' lang='grc' dir='ltr'>σου,</span> <span class='ocrx_word' id='word_1_538' title='bbox 1657 1954 1679 1981; x_wconf 82' lang='grc' dir='ltr'><strong>ὥ</strong></span> <span class='ocrx_word' id='word_1_539' title='bbox 1705 1947 1891 1992; x_wconf 75' lang='grc' dir='ltr'>κληρονομή-</span> 
     </span>
    </p>
   </div>
   <div class='ocr_carea' id='block_1_84' title="bbox 1062 1992 1891 2039">
    <p class='ocr_par' dir='ltr' id='par_1_84' title="bbox 1062 1992 1891 2039">
     <span class='ocr_line' id='line_1_85' title="bbox 1062 1992 1891 2039; baseline 0.011 -20"><span class='ocrx_word' id='word_1_540' title='bbox 1062 2003 1108 2024; x_wconf 85' lang='grc' dir='ltr'>σας</span> <span class='ocrx_word' id='word_1_541' title='bbox 1135 1992 1270 2030; x_wconf 83' lang='grc' dir='ltr'>ὀνόματος</span> <span class='ocrx_word' id='word_1_542' title='bbox 1290 1993 1449 2032; x_wconf 75' lang='grc' dir='ltr'>τηλικοῦδε,</span> <span class='ocrx_word' id='word_1_543' title='bbox 1477 1996 1503 2023; x_wconf 81' lang='grc' dir='ltr'>τί</span> <span class='ocrx_word' id='word_1_544' title='bbox 1526 2007 1592 2025; x_wconf 84' lang='grc' dir='ltr'>ποτε</span> <span class='ocrx_word' id='word_1_545' title='bbox 1616 1999 1788 2035; x_wconf 69' lang='grc' dir='ltr'>καταρτίσει(</span> <span class='ocrx_word' id='word_1_546' title='bbox 1820 2010 1891 2039; x_wconf 74' lang='grc' dir='ltr'>φρο-</span> 
     </span>
    </p>
   </div>
   <div class='ocr_carea' id='block_1_85' title="bbox 1061 2038 1891 2083">
    <p class='ocr_par' dir='ltr' id='par_1_85' title="bbox 1061 2038 1891 2083">
     <span class='ocr_line' id='line_1_86' title="bbox 1061 2038 1891 2083; baseline 0.012 -20"><span class='ocrx_word' id='word_1_547' title='bbox 1061 2039 1116 2083; x_wconf 60' lang='grc' dir='ltr'>νεῖν</span> <span class='ocrx_word' id='word_1_548' title='bbox 1143 2048 1176 2073; x_wconf 82' lang='grc' dir='ltr'>με</span> <span class='ocrx_word' id='word_1_549' title='bbox 1205 2038 1267 2083; x_wconf 77' lang='grc' dir='ltr'>περὶ</span> <span class='ocrx_word' id='word_1_550' title='bbox 1295 2038 1398 2067; x_wconf 82' lang='grc' dir='ltr'>τούτων</span> <span class='ocrx_word' id='word_1_551' title='bbox 1424 2042 1478 2068; x_wconf 81' lang='grc' dir='ltr'>τῶν</span> <span class='ocrx_word' id='word_1_552' title='bbox 1509 2041 1811 2078; x_wconf 77' lang='grc' dir='ltr'>ὀνομάτων;Μήποτι</span> <span class='ocrx_word' id='word_1_553' title='bbox 1827 2038 1891 2083; x_wconf 70' lang='grc' dir='ltr'>γὰρ</span> 
     </span>
    </p>
   </div>
   <div class='ocr_carea' id='block_1_86' title="bbox 1062 2081 1893 2126">
    <p class='ocr_par' dir='ltr' id='par_1_86' title="bbox 1062 2081 1893 2126">
     <span class='ocr_line' id='line_1_87' title="bbox 1062 2081 1893 2126; baseline 0.011 -18"><span class='ocrx_word' id='word_1_554' title='bbox 1062 2081 1233 2126; x_wconf 18' lang='grc' dir='ltr'>εὐτυχεῐνμὶν</span> <span class='ocrx_word' id='word_1_555' title='bbox 1261 2082 1359 2120; x_wconf 78' lang='grc' dir='ltr'>θατιρα</span> <span class='ocrx_word' id='word_1_556' title='bbox 1383 2083 1455 2119; x_wconf 76' lang='grc' dir='ltr'>λέξις</span> <span class='ocrx_word' id='word_1_557' title='bbox 1479 2086 1496 2120; x_wconf 83' lang='grc' dir='ltr'>ἡ</span> <span class='ocrx_word' id='word_1_558' title='bbox 1519 2086 1588 2114; x_wconf 81' lang='grc' dir='ltr'>κατὰ</span> <span class='ocrx_word' id='word_1_559' title='bbox 1610 2087 1658 2114; x_wconf 84' lang='grc' dir='ltr'>τὸν</span> <span class='ocrx_word' id='word_1_560' title='bbox 1682 2087 1768 2126; x_wconf 75' lang='grc' dir='ltr'>ἱερὸν,</span> <span class='ocrx_word' id='word_1_561' title='bbox 1784 2089 1830 2116; x_wconf 85' lang='grc' dir='ltr'>καὶ</span> <span class='ocrx_word' id='word_1_562' title='bbox 1845 2081 1893 2117; x_wconf 69' lang='grc' dir='ltr'>διῆ</span> 
     </span>
    </p>
   </div>
   <div class='ocr_carea' id='block_1_87' title="bbox 1060 2125 1889 2169">
    <p class='ocr_par' dir='ltr' id='par_1_87' title="bbox 1060 2125 1889 2169">
     <span class='ocr_line' id='line_1_88' title="bbox 1060 2125 1889 2169; baseline 0.012 -17"><span class='ocrx_word' id='word_1_563' title='bbox 1060 2128 1141 2153; x_wconf 79' lang='grc' dir='ltr'>τοῦτο</span> <span class='ocrx_word' id='word_1_564' title='bbox 1170 2125 1260 2164; x_wconf 85' lang='grc' dir='ltr'>ἐρᾶται</span> <span class='ocrx_word' id='word_1_565' title='bbox 1289 2127 1332 2155; x_wconf 86' lang='grc' dir='ltr'>καὶ</span> <span class='ocrx_word' id='word_1_566' title='bbox 1359 2127 1503 2166; x_wconf 83' lang='grc' dir='ltr'>ἐπιθυμίαν</span> <span class='ocrx_word' id='word_1_567' title='bbox 1529 2130 1671 2169; x_wconf 67' lang='grc' dir='ltr'>ἂφὲλκεται</span> <span class='ocrx_word' id='word_1_568' title='bbox 1699 2131 1841 2161; x_wconf 76' lang='grc' dir='ltr'>πλείονα·</span> <span class='ocrx_word' id='word_1_569' title='bbox 1871 2135 1889 2169; x_wconf 76' lang='grc' dir='ltr'><strong>ἡ</strong></span> 
     </span>
    </p>
   </div>
   <div class='ocr_carea' id='block_1_88' title="bbox 1062 2169 1892 2213">
    <p class='ocr_par' dir='ltr' id='par_1_88' title="bbox 1062 2169 1892 2213">
     <span class='ocr_line' id='line_1_89' title="bbox 1062 2169 1892 2213; baseline 0.011 -16"><span class='ocrx_word' id='word_1_570' title='bbox 1062 2169 1091 2198; x_wconf 76' lang='grc' dir='ltr'>δὲ</span> <span class='ocrx_word' id='word_1_571' title='bbox 1106 2170 1203 2205; x_wconf 82' lang='grc' dir='ltr'>λοιπὴ,</span> <span class='ocrx_word' id='word_1_572' title='bbox 1232 2172 1276 2198; x_wconf 86' lang='grc' dir='ltr'>καὶ</span> <span class='ocrx_word' id='word_1_573' title='bbox 1304 2174 1390 2200; x_wconf 78' lang='grc' dir='ltr'>ταῦτα</span> <span class='ocrx_word' id='word_1_574' title='bbox 1415 2172 1550 2212; x_wconf 84' lang='grc' dir='ltr'>λαμπρῶς</span> <span class='ocrx_word' id='word_1_575' title='bbox 1567 2174 1733 2213; x_wconf 68' lang='grc' dir='ltr'>ἐσταλμένη,</span> <span class='ocrx_word' id='word_1_576' title='bbox 1750 2178 1798 2205; x_wconf 79' lang='grc' dir='ltr'>καὶ</span> <span class='ocrx_word' id='word_1_577' title='bbox 1824 2181 1892 2206; x_wconf 77' lang='grc' dir='ltr'>Θεοῦ</span> 
     </span>
    </p>
   </div>
   <div class='ocr_carea' id='block_1_89' title="bbox 1061 2215 1890 2259">
    <p class='ocr_par' dir='ltr' id='par_1_89' title="bbox 1061 2215 1890 2259">
     <span class='ocr_line' id='line_1_90' title="bbox 1061 2215 1890 2259; baseline 0.012 -18"><span class='ocrx_word' id='word_1_578' title='bbox 1061 2215 1152 2259; x_wconf 70' lang='grc' dir='ltr'>φιλίαν</span> <span class='ocrx_word' id='word_1_579' title='bbox 1167 2215 1346 2254; x_wconf 70' lang='grc' dir='ltr'>ἀγγέλλουσα,</span> <span class='ocrx_word' id='word_1_580' title='bbox 1364 2218 1415 2245; x_wconf 85' lang='grc' dir='ltr'>οὐκ</span> <span class='ocrx_word' id='word_1_581' title='bbox 1430 2217 1582 2256; x_wconf 82' lang='grc' dir='ltr'>ἐπισύρεται</span> <span class='ocrx_word' id='word_1_582' title='bbox 1599 2219 1708 2259; x_wconf 76' lang='grc' dir='ltr'>φίλους,</span> <span class='ocrx_word' id='word_1_583' title='bbox 1735 2221 1812 2250; x_wconf 73' lang='grc' dir='ltr'>ἀλλὰ</span> <span class='ocrx_word' id='word_1_584' title='bbox 1836 2233 1890 2250; x_wconf 83' lang='grc' dir='ltr'>πα-</span> 
     </span>
    </p>
   </div>
   <div class='ocr_carea' id='block_1_90' title="bbox 1063 2257 1888 2305">
    <p class='ocr_par' dir='ltr' id='par_1_90' title="bbox 1063 2257 1888 2305">
     <span class='ocr_line' id='line_1_91' title="bbox 1063 2257 1888 2305; baseline 0.012 -20"><span class='ocrx_word' id='word_1_585' title='bbox 1063 2257 1224 2296; x_wconf 76' lang='grc' dir='ltr'>ραϐλέπεται</span> <span class='ocrx_word' id='word_1_586' title='bbox 1241 2261 1278 2292; x_wconf 85' lang='grc' dir='ltr'>ὡς</span> <span class='ocrx_word' id='word_1_587' title='bbox 1307 2263 1352 2288; x_wconf 78' lang='grc' dir='ltr'>οἱα</span> <span class='ocrx_word' id='word_1_588' title='bbox 1379 2262 1423 2290; x_wconf 78' lang='grc' dir='ltr'>καί</span> <span class='ocrx_word' id='word_1_589' title='bbox 1447 2273 1489 2294; x_wconf 88' lang='grc' dir='ltr'>τις</span> <span class='ocrx_word' id='word_1_590' title='bbox 1513 2257 1729 2302; x_wconf 78' lang='grc' dir='ltr'>δυσπρόσοπτος.</span> <span class='ocrx_word' id='word_1_591' title='bbox 1747 2267 1819 2305; x_wconf 87' lang='grc' dir='ltr'>Ἐγὼ</span> <span class='ocrx_word' id='word_1_592' title='bbox 1842 2268 1888 2304; x_wconf 70' lang='grc' dir='ltr'>μὶν</span> 
     </span>
    </p>
   </div>
   <div class='ocr_carea' id='block_1_91' title="bbox 179 2305 1007 2348">
    <p class='ocr_par' dir='ltr' id='par_1_91' title="bbox 179 2305 1005 2343">
     <span class='ocr_line' id='line_1_92' title="bbox 179 2305 1005 2343; baseline -0.004 -8"><span class='ocrx_word' id='word_1_593' title='bbox 179 2309 286 2343; x_wconf 82' lang='lat' dir='ltr'>posita,</span> <span class='ocrx_word' id='word_1_594' title='bbox 303 2309 330 2334; x_wconf 88' lang='lat' dir='ltr'>et</span> <span class='ocrx_word' id='word_1_595' title='bbox 345 2306 394 2334; x_wconf 86' lang='lat' dir='ltr'>Dei</span> <span class='ocrx_word' id='word_1_596' title='bbox 412 2306 573 2333; x_wconf 86' lang='lat' dir='ltr'>amicitiam</span> <span class='ocrx_word' id='word_1_597' title='bbox 602 2305 793 2340; x_wconf 82' lang='lat' dir='ltr'>annuntians,</span> <span class='ocrx_word' id='word_1_598' title='bbox 810 2313 866 2333; x_wconf 91' lang='lat' dir='ltr'>non</span> <span class='ocrx_word' id='word_1_599' title='bbox 892 2308 958 2340; x_wconf 88' lang='lat' dir='ltr'>post</span> <span class='ocrx_word' id='word_1_600' title='bbox 974 2313 1005 2332; x_wconf 88' lang='lat' dir='ltr'>se</span> 
     </span>
    </p>
   </div>
   <div class='ocr_carea' id='block_1_92' title="bbox 1070 2305 1889 2348">
    <p class='ocr_par' dir='ltr' id='par_1_92' title="bbox 1070 2305 1889 2348">
     <span class='ocr_line' id='line_1_93' title="bbox 1070 2305 1889 2348; baseline 0.011 -18"><span class='ocrx_word' id='word_1_601' title='bbox 1070 2305 1141 2340; x_wconf 61' lang='grc' dir='ltr'>ἧμαι</span> <span class='ocrx_word' id='word_1_602' title='bbox 1163 2305 1230 2332; x_wconf 83' lang='grc' dir='ltr'>πάνυ</span> <span class='ocrx_word' id='word_1_603' title='bbox 1255 2305 1327 2333; x_wconf 80' lang='grc' dir='ltr'>πολὺ</span> <span class='ocrx_word' id='word_1_604' title='bbox 1353 2307 1514 2345; x_wconf 79' lang='grc' dir='ltr'>σεμνότερον</span> <span class='ocrx_word' id='word_1_605' title='bbox 1543 2310 1610 2336; x_wconf 83' lang='grc' dir='ltr'>εἶναι</span> <span class='ocrx_word' id='word_1_606' title='bbox 1639 2310 1685 2337; x_wconf 82' lang='grc' dir='ltr'>καὶ</span> <span class='ocrx_word' id='word_1_607' title='bbox 1712 2310 1830 2348; x_wconf 82' lang='grc' dir='ltr'>κόσμιον</span> <span class='ocrx_word' id='word_1_608' title='bbox 1856 2313 1889 2339; x_wconf 82' lang='grc' dir='ltr'>τὸ</span> 
     </span>
    </p>
   </div>
   <div class='ocr_carea' id='block_1_93' title="bbox 180 2349 1007 2385">
    <p class='ocr_par' dir='ltr' id='par_1_93' title="bbox 180 2349 1007 2385">
     <span class='ocr_line' id='line_1_94' title="bbox 180 2349 1007 2385; baseline -0.001 -7"><span class='ocrx_word' id='word_1_609' title='bbox 180 2351 270 2378; x_wconf 86' lang='lat' dir='ltr'>trahit</span> <span class='ocrx_word' id='word_1_610' title='bbox 285 2351 406 2384; x_wconf 87' lang='lat' dir='ltr'>amicos,</span> <span class='ocrx_word' id='word_1_611' title='bbox 423 2351 473 2378; x_wconf 87' lang='lat' dir='ltr'>sed</span> <span class='ocrx_word' id='word_1_612' title='bbox 490 2350 697 2384; x_wconf 83' lang='lat' dir='ltr'>contemnitur,</span> <span class='ocrx_word' id='word_1_613' title='bbox 710 2352 851 2385; x_wconf 81' lang='lat' dir='ltr'>tanquam</span> <span class='ocrx_word' id='word_1_614' title='bbox 868 2349 1007 2377; x_wconf 82' lang='lat' dir='ltr'>deformis</span> 
     </span>
    </p>
   </div>
   <div class='ocr_carea' id='block_1_94' title="bbox 181 2395 1006 2432">
    <p class='ocr_par' dir='ltr' id='par_1_94' title="bbox 181 2395 1006 2432">
     <span class='ocr_line' id='line_1_95' title="bbox 181 2395 1006 2432; baseline 0 -9"><span class='ocrx_word' id='word_1_615' title='bbox 181 2396 298 2432; x_wconf 79' lang='lat' dir='ltr'>aliquis.</span> <span class='ocrx_word' id='word_1_616' title='bbox 316 2397 374 2432; x_wconf 78' lang='lat' dir='ltr'>Ego</span> <span class='ocrx_word' id='word_1_617' title='bbox 403 2405 468 2424; x_wconf 91' lang='lat' dir='ltr'>vero</span> <span class='ocrx_word' id='word_1_618' title='bbox 485 2404 588 2424; x_wconf 86' lang='lat' dir='ltr'>censeo</span> <span class='ocrx_word' id='word_1_619' title='bbox 619 2395 710 2423; x_wconf 88' lang='lat' dir='ltr'>multo</span> <span class='ocrx_word' id='word_1_620' title='bbox 741 2396 835 2431; x_wconf 79' lang='lat' dir='ltr'>magis</span> <span class='ocrx_word' id='word_1_621' title='bbox 864 2403 1006 2423; x_wconf 83' lang='lat' dir='ltr'>veneran-</span> 
     </span>
    </p>
   </div>
   <div class='ocr_carea' id='block_1_95' title="bbox 181 2437 1006 2475">
    <p class='ocr_par' dir='ltr' id='par_1_95' title="bbox 181 2437 1006 2475">
     <span class='ocr_line' id='line_1_96' title="bbox 181 2437 1006 2475; baseline -0.001 -7"><span class='ocrx_word' id='word_1_622' title='bbox 181 2441 250 2468; x_wconf 88' lang='lat' dir='ltr'>dum</span> <span class='ocrx_word' id='word_1_623' title='bbox 262 2443 290 2468; x_wconf 88' lang='lat' dir='ltr'>et</span> <span class='ocrx_word' id='word_1_624' title='bbox 300 2440 438 2468; x_wconf 79' lang='lat' dir='ltr'>decorum</span> <span class='ocrx_word' id='word_1_625' title='bbox 452 2449 516 2469; x_wconf 87' lang='lat' dir='ltr'>esse</span> <span class='ocrx_word' id='word_1_626' title='bbox 531 2441 580 2468; x_wconf 84' lang='lat' dir='ltr'>Dei</span> <span class='ocrx_word' id='word_1_627' title='bbox 598 2441 683 2468; x_wconf 83' lang='lat' dir='ltr'>amici</span> <span class='ocrx_word' id='word_1_628' title='bbox 699 2437 908 2475; x_wconf 44' lang='lat' dir='ltr'>nomen&#39;quam</span> <span class='ocrx_word' id='word_1_629' title='bbox 920 2440 1006 2474; x_wconf 84' lang='lat' dir='ltr'>sacri,</span> 
     </span>
    </p>
   </div>
   <div class='ocr_carea' id='block_1_96' title="bbox 1062 2347 1887 2394">
    <p class='ocr_par' dir='ltr' id='par_1_96' title="bbox 1062 2347 1887 2394">
     <span class='ocr_line' id='line_1_97' title="bbox 1062 2347 1887 2394; baseline 0.011 -19"><span class='ocrx_word' id='word_1_630' title='bbox 1062 2347 1187 2394; x_wconf 51' lang='grc' dir='ltr'>βεοιριλξς</span> <span class='ocrx_word' id='word_1_631' title='bbox 1201 2349 1234 2376; x_wconf 89' lang='grc' dir='ltr'>τά</span> <span class='ocrx_word' id='word_1_632' title='bbox 1261 2360 1291 2388; x_wconf 84' lang='grc' dir='ltr'>γε</span> <span class='ocrx_word' id='word_1_633' title='bbox 1319 2351 1358 2382; x_wconf 83' lang='grc' dir='ltr'>είς</span> <span class='ocrx_word' id='word_1_634' title='bbox 1386 2355 1513 2390; x_wconf 78' lang='grc' dir='ltr'>προφανῆ</span> <span class='ocrx_word' id='word_1_635' title='bbox 1537 2354 1633 2391; x_wconf 80' lang='grc' dir='ltr'>φράσιν</span> <span class='ocrx_word' id='word_1_636' title='bbox 1660 2353 1732 2392; x_wconf 79' lang='grc' dir='ltr'>ἤπερ</span> <span class='ocrx_word' id='word_1_637' title='bbox 1748 2356 1781 2383; x_wconf 80' lang='grc' dir='ltr'>τὸ</span> <span class='ocrx_word' id='word_1_638' title='bbox 1804 2357 1887 2394; x_wconf 75' lang='grc' dir='ltr'>ἱερὸν·</span> 
     </span>
    </p>
   </div>
   <div class='ocr_carea' id='block_1_97' title="bbox 1062 2392 1888 2436">
    <p class='ocr_par' dir='ltr' id='par_1_97' title="bbox 1062 2392 1888 2436">
     <span class='ocr_line' id='line_1_98' title="bbox 1062 2392 1888 2436; baseline 0.011 -16"><span class='ocrx_word' id='word_1_639' title='bbox 1062 2392 1147 2420; x_wconf 75' lang='grc' dir='ltr'>ὶθὲλω</span> <span class='ocrx_word' id='word_1_640' title='bbox 1163 2392 1191 2421; x_wconf 74' lang='grc' dir='ltr'>δὲ</span> <span class='ocrx_word' id='word_1_641' title='bbox 1204 2394 1248 2421; x_wconf 82' lang='grc' dir='ltr'>καὶ</span> <span class='ocrx_word' id='word_1_642' title='bbox 1273 2396 1324 2429; x_wconf 80' lang='grc' dir='ltr'>τὴν</span> <span class='ocrx_word' id='word_1_643' title='bbox 1340 2397 1390 2430; x_wconf 82' lang='grc' dir='ltr'>σὴν</span> <span class='ocrx_word' id='word_1_644' title='bbox 1413 2398 1503 2436; x_wconf 80' lang='grc' dir='ltr'>ψῆφον</span> <span class='ocrx_word' id='word_1_645' title='bbox 1528 2403 1769 2435; x_wconf 76' lang='grc' dir='ltr'>προσεπιτιθῆναι,</span> <span class='ocrx_word' id='word_1_646' title='bbox 1792 2401 1820 2428; x_wconf 81' lang='grc' dir='ltr'>εἴ</span> <span class='ocrx_word' id='word_1_647' title='bbox 1831 2392 1888 2432; x_wconf 78' lang='grc' dir='ltr'>πως</span> 
     </span>
    </p>
   </div>
   <div class='ocr_carea' id='block_1_98' title="bbox 1063 2437 1611 2479">
    <p class='ocr_par' dir='ltr' id='par_1_98' title="bbox 1063 2437 1611 2479">
     <span class='ocr_line' id='line_1_99' title="bbox 1063 2437 1611 2479; baseline 0.009 -14"><span class='ocrx_word' id='word_1_648' title='bbox 1063 2437 1134 2465; x_wconf 77' lang='grc' dir='ltr'>οὕτω</span> <span class='ocrx_word' id='word_1_649' title='bbox 1147 2439 1271 2476; x_wconf 84' lang='grc' dir='ltr'>κωρώσω</span> <span class='ocrx_word' id='word_1_650' title='bbox 1281 2439 1379 2476; x_wconf 76' lang='grc' dir='ltr'>κράτος</span> <span class='ocrx_word' id='word_1_651' title='bbox 1395 2442 1436 2472; x_wconf 85' lang='grc' dir='ltr'>οἷς</span> <span class='ocrx_word' id='word_1_652' title='bbox 1451 2440 1611 2479; x_wconf 85' lang='grc' dir='ltr'>λογίζομαι.</span> 
     </span>
    </p>
   </div>
   <div class='ocr_carea' id='block_1_99' title="bbox 182 2484 1891 2527">
    <p class='ocr_par' dir='ltr' id='par_1_99' title="bbox 182 2484 1891 2527">
     <span class='ocr_line' id='line_1_100' title="bbox 182 2484 1891 2527; baseline 0.004 -14"><span class='ocrx_word' id='word_1_653' title='bbox 182 2484 286 2513; x_wconf 81' lang='lat' dir='ltr'>saltem</span> <span class='ocrx_word' id='word_1_654' title='bbox 316 2485 412 2520; x_wconf 88' lang='lat' dir='ltr'>quoad</span> <span class='ocrx_word' id='word_1_655' title='bbox 442 2488 572 2521; x_wconf 82' lang='lat' dir='ltr'>apertam</span> <span class='ocrx_word' id='word_1_656' title='bbox 598 2485 782 2513; x_wconf 86' lang='lat' dir='ltr'>locutionem.</span> <span class='ocrx_word' id='word_1_657' title='bbox 809 2485 881 2512; x_wconf 92' lang='lat' dir='ltr'>Volo</span> <span class='ocrx_word' id='word_1_658' title='bbox 905 2487 1003 2512; x_wconf 85' lang='lat' dir='ltr'>autem</span> <span class='ocrx_word' id='word_1_659' title='bbox 1032 2486 1060 2512; x_wconf 87' lang='lat' dir='ltr'>et</span> <span class='ocrx_word' id='word_1_660' title='bbox 1086 2486 1170 2512; x_wconf 90' lang='lat' dir='ltr'>tuum</span> <span class='ocrx_word' id='word_1_661' title='bbox 1200 2485 1360 2520; x_wconf 80' lang='lat' dir='ltr'>superaddi</span> <span class='ocrx_word' id='word_1_662' title='bbox 1389 2485 1574 2522; x_wconf 72' lang='lat' dir='ltr'>suffragium,</span> <span class='ocrx_word' id='word_1_663' title='bbox 1595 2490 1628 2516; x_wconf 89' lang='lat' dir='ltr'>ut</span> <span class='ocrx_word' id='word_1_664' title='bbox 1655 2489 1696 2517; x_wconf 79' lang='lat' dir='ltr'>ita</span> <span class='ocrx_word' id='word_1_665' title='bbox 1724 2498 1891 2527; x_wconf 78' lang='lat' dir='ltr'>consequar</span> 
     </span>
    </p>
   </div>
   <div class='ocr_carea' id='block_1_100' title="bbox 180 2529 534 2557">
    <p class='ocr_par' dir='ltr' id='par_1_100' title="bbox 180 2529 534 2557">
     <span class='ocr_line' id='line_1_101' title="bbox 180 2529 534 2557; baseline 0 -1"><span class='ocrx_word' id='word_1_666' title='bbox 180 2529 270 2557; x_wconf 90' lang='lat' dir='ltr'>robur</span> <span class='ocrx_word' id='word_1_667' title='bbox 286 2537 355 2556; x_wconf 70' lang='lat' dir='ltr'>mete</span> <span class='ocrx_word' id='word_1_668' title='bbox 372 2530 534 2557; x_wconf 67' lang='lat' dir='ltr'>sententiis.</span> 
     </span>
    </p>
   </div>
   <div class='ocr_carea' id='block_1_101' title="bbox 214 2587 1002 2622">
    <p class='ocr_par' dir='ltr' id='par_1_101' title="bbox 214 2587 1002 2622">
     <span class='ocr_line' id='line_1_102' title="bbox 214 2587 1002 2622; baseline -0.003 -7"><span class='ocrx_word' id='word_1_669' title='bbox 214 2588 241 2615; x_wconf 90' lang='lat'>5.</span> <span class='ocrx_word' id='word_1_670' title='bbox 288 2587 436 2616; x_wconf 77' lang='lat' dir='ltr'>Hierocles.</span> <span class='ocrx_word' id='word_1_671' title='bbox 480 2587 601 2615; x_wconf 89' lang='lat' dir='ltr'>Penetro</span> <span class='ocrx_word' id='word_1_672' title='bbox 644 2587 672 2614; x_wconf 89' lang='lat' dir='ltr'>in</span> <span class='ocrx_word' id='word_1_673' title='bbox 716 2587 892 2622; x_wconf 87' lang='lat' dir='ltr'>profundum</span> <span class='ocrx_word' id='word_1_674' title='bbox 927 2587 1002 2615; x_wconf 82' lang='lat' dir='ltr'>sacri</span> 
     </span>
    </p>
   </div>
   <div class='ocr_carea' id='block_1_102' title="bbox 177 2631 1002 2669">
    <p class='ocr_par' dir='ltr' id='par_1_102' title="bbox 177 2631 1002 2669">
     <span class='ocr_line' id='line_1_103' title="bbox 177 2631 1002 2669; baseline -0.001 -10"><span class='ocrx_word' id='word_1_675' title='bbox 177 2632 285 2669; x_wconf 74' lang='grc' dir='ltr'>(ἱεροῦ),</span> <span class='ocrx_word' id='word_1_676' title='bbox 303 2634 331 2660; x_wconf 89' lang='lat' dir='ltr'>et</span> <span class='ocrx_word' id='word_1_677' title='bbox 346 2631 489 2668; x_wconf 86' lang='lat' dir='ltr'>perspicio</span> <span class='ocrx_word' id='word_1_678' title='bbox 514 2631 655 2666; x_wconf 88' lang='lat' dir='ltr'>quiddam</span> <span class='ocrx_word' id='word_1_679' title='bbox 672 2631 748 2666; x_wconf 89' lang='lat' dir='ltr'>quod</span> <span class='ocrx_word' id='word_1_680' title='bbox 775 2639 831 2658; x_wconf 90' lang='lat' dir='ltr'>non</span> <span class='ocrx_word' id='word_1_681' title='bbox 855 2631 884 2658; x_wconf 90' lang='lat' dir='ltr'>in</span> <span class='ocrx_word' id='word_1_682' title='bbox 902 2639 1002 2667; x_wconf 85' lang='lat' dir='ltr'>super-</span> 
     </span>
    </p>
   </div>
   <div class='ocr_carea' id='block_1_103' title="bbox 175 2676 1003 2712">
    <p class='ocr_par' dir='ltr' id='par_1_103' title="bbox 175 2676 1003 2712">
     <span class='ocr_line' id='line_1_104' title="bbox 175 2676 1003 2712; baseline -0.001 -8"><span class='ocrx_word' id='word_1_683' title='bbox 175 2677 239 2706; x_wconf 82' lang='lat' dir='ltr'>ficie</span> <span class='ocrx_word' id='word_1_684' title='bbox 253 2676 390 2712; x_wconf 87' lang='lat' dir='ltr'>volvitur,</span> <span class='ocrx_word' id='word_1_685' title='bbox 422 2676 472 2704; x_wconf 90' lang='lat' dir='ltr'>sed</span> <span class='ocrx_word' id='word_1_686' title='bbox 500 2676 577 2711; x_wconf 90' lang='lat' dir='ltr'>quod</span> <span class='ocrx_word' id='word_1_687' title='bbox 609 2683 732 2703; x_wconf 80' lang='lat' dir='ltr'>acumen</span> <span class='ocrx_word' id='word_1_688' title='bbox 763 2678 897 2711; x_wconf 81' lang='lat' dir='ltr'>aspectus</span> <span class='ocrx_word' id='word_1_689' title='bbox 915 2684 1003 2712; x_wconf 84' lang='lat' dir='ltr'>expo-</span> 
     </span>
    </p>
   </div>
   <div class='ocr_carea' id='block_1_104' title="bbox 174 2722 277 2750">
    <p class='ocr_par' dir='ltr' id='par_1_104' title="bbox 174 2722 277 2750">
     <span class='ocr_line' id='line_1_105' title="bbox 174 2722 277 2750; baseline 0 0"><span class='ocrx_word' id='word_1_690' title='bbox 174 2722 277 2750; x_wconf 80' lang='lat' dir='ltr'>stulet.</span> 
     </span>
    </p>
   </div>
   <div class='ocr_carea' id='block_1_105' title="bbox 212 2773 671 2812">
    <p class='ocr_par' dir='ltr' id='par_1_105' title="bbox 212 2773 671 2812">
     <span class='ocr_line' id='line_1_106' title="bbox 212 2773 671 2812; baseline -0.007 -8"><span class='ocrx_word' id='word_1_691' title='bbox 212 2775 390 2812; x_wconf 78' lang='lat' dir='ltr'>Theophilus,</span> <span class='ocrx_word' id='word_1_692' title='bbox 404 2774 549 2807; x_wconf 88' lang='lat' dir='ltr'>Quidnam</span> <span class='ocrx_word' id='word_1_693' title='bbox 567 2774 645 2801; x_wconf 84' lang='lat' dir='ltr'>istud</span> <span class='ocrx_word' id='word_1_694' title='bbox 657 2773 671 2801; x_wconf 75' lang='grc'><strong>7</strong></span> 
     </span>
    </p>
   </div>
   <div class='ocr_carea' id='block_1_106' title="bbox 211 2831 1003 2870">
    <p class='ocr_par' dir='ltr' id='par_1_106' title="bbox 211 2831 1003 2870">
     <span class='ocr_line' id='line_1_107' title="bbox 211 2831 1003 2870; baseline 0 -10"><span class='ocrx_word' id='word_1_695' title='bbox 211 2834 361 2863; x_wconf 78' lang='lat' dir='ltr'>Hierocles.</span> <span class='ocrx_word' id='word_1_696' title='bbox 378 2834 446 2870; x_wconf 85' lang='lat' dir='ltr'>Hoc,</span> <span class='ocrx_word' id='word_1_697' title='bbox 459 2841 476 2861; x_wconf 91' lang='grc' dir='ltr'>ο</span> <span class='ocrx_word' id='word_1_698' title='bbox 491 2832 662 2869; x_wconf 88' lang='lat' dir='ltr'>Theophile.</span> <span class='ocrx_word' id='word_1_699' title='bbox 683 2831 818 2868; x_wconf 87' lang='lat' dir='ltr'>Nomina,</span> <span class='ocrx_word' id='word_1_700' title='bbox 835 2840 886 2861; x_wconf 89' lang='lat' dir='ltr'>seu</span> <span class='ocrx_word' id='word_1_701' title='bbox 900 2833 1003 2861; x_wconf 90' lang='lat' dir='ltr'>dictio-</span> 
     </span>
    </p>
   </div>
   <div class='ocr_carea' id='block_1_107' title="bbox 1094 2586 1888 2628">
    <p class='ocr_par' dir='ltr' id='par_1_107' title="bbox 1094 2586 1888 2628">
     <span class='ocr_line' id='line_1_108' title="bbox 1094 2586 1888 2628; baseline 0.008 -15"><span class='ocrx_word' id='word_1_702' title='bbox 1094 2587 1121 2614; x_wconf 86' lang='grc' dir='ltr'>ε’.</span> <span class='ocrx_word' id='word_1_703' title='bbox 1139 2586 1291 2624; x_wconf 75' lang='grc' dir='ltr'>Ἰιροκλῆς.</span> <span class='ocrx_word' id='word_1_704' title='bbox 1308 2588 1368 2616; x_wconf 87' lang='grc' dir='ltr'>Ὅτι</span> <span class='ocrx_word' id='word_1_705' title='bbox 1393 2588 1556 2617; x_wconf 81' lang='grc' dir='ltr'>κατακύπτω</span> <span class='ocrx_word' id='word_1_706' title='bbox 1579 2589 1617 2621; x_wconf 77' lang='grc' dir='ltr'>εἷς</span> <span class='ocrx_word' id='word_1_707' title='bbox 1632 2590 1664 2618; x_wconf 79' lang='grc' dir='ltr'>τὸ</span> <span class='ocrx_word' id='word_1_708' title='bbox 1682 2591 1768 2628; x_wconf 78' lang='grc' dir='ltr'>βάθος</span> <span class='ocrx_word' id='word_1_709' title='bbox 1787 2594 1835 2619; x_wconf 77' lang='grc' dir='ltr'>τοῦ</span> <span class='ocrx_word' id='word_1_710' title='bbox 1850 2592 1888 2619; x_wconf 76' lang='grc' dir='ltr'>ἱε-</span> 
     </span>
    </p>
   </div>
   <div class='ocr_carea' id='block_1_108' title="bbox 1059 2629 1888 2674">
    <p class='ocr_par' dir='ltr' id='par_1_108' title="bbox 1059 2629 1888 2674">
     <span class='ocr_line' id='line_1_109' title="bbox 1059 2629 1888 2674; baseline 0.008 -17"><span class='ocrx_word' id='word_1_711' title='bbox 1059 2633 1117 2668; x_wconf 81' lang='grc' dir='ltr'>ροῦ,</span> <span class='ocrx_word' id='word_1_712' title='bbox 1133 2631 1178 2658; x_wconf 84' lang='grc' dir='ltr'>καὶ</span> <span class='ocrx_word' id='word_1_713' title='bbox 1203 2629 1340 2669; x_wconf 81' lang='grc' dir='ltr'>διορῶμαί</span> <span class='ocrx_word' id='word_1_714' title='bbox 1354 2642 1380 2660; x_wconf 86' lang='grc' dir='ltr'>τι</span> <span class='ocrx_word' id='word_1_715' title='bbox 1397 2632 1446 2660; x_wconf 77' lang='grc' dir='ltr'>οὐκ</span> <span class='ocrx_word' id='word_1_716' title='bbox 1469 2632 1605 2670; x_wconf 84' lang='grc' dir='ltr'>ἐπιπολῆς</span> <span class='ocrx_word' id='word_1_717' title='bbox 1631 2635 1794 2674; x_wconf 74' lang='grc' dir='ltr'>φερόμενον,</span> <span class='ocrx_word' id='word_1_718' title='bbox 1822 2635 1888 2664; x_wconf 83' lang='grc' dir='ltr'>ἀλλ’</span> 
     </span>
    </p>
   </div>
   <div class='ocr_carea' id='block_1_109' title="bbox 1058 2674 1550 2715">
    <p class='ocr_par' dir='ltr' id='par_1_109' title="bbox 1058 2674 1550 2715">
     <span class='ocr_line' id='line_1_110' title="bbox 1058 2674 1550 2715; baseline 0.008 -13"><span class='ocrx_word' id='word_1_719' title='bbox 1058 2676 1115 2703; x_wconf 83' lang='grc' dir='ltr'>οἷον</span> <span class='ocrx_word' id='word_1_720' title='bbox 1133 2674 1232 2703; x_wconf 73' lang='grc' dir='ltr'>ἰθέλειν</span> <span class='ocrx_word' id='word_1_721' title='bbox 1250 2675 1366 2712; x_wconf 80' lang='grc' dir='ltr'>ὀξύτητα</span> <span class='ocrx_word' id='word_1_722' title='bbox 1379 2676 1550 2715; x_wconf 73' lang='grc' dir='ltr'>βλέμματος.</span> 
     </span>
    </p>
   </div>
   <div class='ocr_carea' id='block_1_110' title="bbox 1093 2772 1484 2810">
    <p class='ocr_par' dir='ltr' id='par_1_110' title="bbox 1093 2772 1484 2810">
     <span class='ocr_line' id='line_1_111' title="bbox 1093 2772 1484 2810; baseline 0.008 -10"><span class='ocrx_word' id='word_1_723' title='bbox 1093 2772 1236 2810; x_wconf 79' lang='grc' dir='ltr'>Θεόφιλος.</span> <span class='ocrx_word' id='word_1_724' title='bbox 1254 2772 1336 2801; x_wconf 86' lang='grc' dir='ltr'>Ποίαν</span> <span class='ocrx_word' id='word_1_725' title='bbox 1351 2772 1385 2810; x_wconf 82' lang='grc' dir='ltr'>δή</span> <span class='ocrx_word' id='word_1_726' title='bbox 1400 2785 1460 2803; x_wconf 84' lang='grc' dir='ltr'>τινα</span> <span class='ocrx_word' id='word_1_727' title='bbox 1477 2785 1484 2810; x_wconf 85' lang='grc'>;</span> 
     </span>
    </p>
   </div>
   <div class='ocr_carea' id='block_1_111' title="bbox 1093 2832 1887 2876">
    <p class='ocr_par' dir='ltr' id='par_1_111' title="bbox 1093 2832 1887 2876">
     <span class='ocr_line' id='line_1_112' title="bbox 1093 2832 1887 2876; baseline 0.006 -16"><span class='ocrx_word' id='word_1_728' title='bbox 1093 2833 1144 2870; x_wconf 81' lang='grc' dir='ltr'>Ἱερ</span> <span class='ocrx_word' id='word_1_729' title='bbox 1164 2832 1243 2868; x_wconf 77' lang='grc' dir='ltr'>κλῆς.</span> <span class='ocrx_word' id='word_1_730' title='bbox 1273 2833 1420 2869; x_wconf 80' lang='grc' dir='ltr'>Τοιαύτην,</span> <span class='ocrx_word' id='word_1_731' title='bbox 1450 2835 1473 2861; x_wconf 85' lang='grc' dir='ltr'><strong>ὦ</strong></span> <span class='ocrx_word' id='word_1_732' title='bbox 1502 2834 1626 2876; x_wconf 73' lang='grc' dir='ltr'>Θεόφιλε.</span> <span class='ocrx_word' id='word_1_733' title='bbox 1659 2835 1808 2874; x_wconf 77' lang='grc' dir='ltr'>Ὀνόματα,</span> <span class='ocrx_word' id='word_1_734' title='bbox 1836 2836 1887 2865; x_wconf 77' lang='grc' dir='ltr'>εἴτ’</span> 
     </span>
    </p>
   </div>
  </div>
