2002 3158
133 191 191 222 913

597 189 792 221 DIALOGUS
814 189 1064 221 THEOPHILUS
1086 189 1136 220 ET
1159 189 1386 220 HIEROCLES.

1783 192 1842 222 9M

134 255 178 284 οὗν
207 254 294 290 λέξεις
329 254 415 291 τινὰς,
444 254 581 294 ἀφωσίουν
618 254 858 293 ἁποπληρωτικῶς
897 256 956 286 τοῖς

1013 265 1065 285 nes
1080 257 1220 292 quasdam
1235 255 1380 285 exclusive
1408 256 1514 286 divinis
1538 257 1624 285 rebus
1650 257 1765 294 antiqui
1793 259 1840 286 de-

135 300 216 332 θιιοις
228 300 385 337 πράγμασιν
399 300 425 327 οἱ
440 299 565 328 παλαιοί.

171 343 318 383 Θεόφιλος.
334 346 405 372 Ποῖα
419 343 518 380 δκιῖνα,
535 344 557 371 ὦ
571 342 716 382 Ἰερόκλεις
728 354 734 379 ;

168 390 200 422 ς’.
241 388 393 427 Ἱεροκλῆς.
431 390 476 420 Ὠς
516 388 590 424 μάλα
631 390 732 427 μυρία⁸
760 390 828 427 πρὸς
867 388 896 416 δὲ
927 389 958 416 τὸ

131 434 244 465 haud);
268 433 294 470 ἐξ
322 433 466 471 ὅλιγίστων
491 433 627 472 ιναγαγιῖν
647 444 676 462 σε
698 433 834 472 βούλομαι
864 434 901 465 εἰς
925 434 958 461 τὰ

129 478 191 508 δλα.
207 479 294 507 Μυεῖν
325 477 423 506 ἐκεῖνοι
455 476 546 510 ἔθεσαν
572 478 603 506 οὐ
630 479 662 506 τὸ
687 477 780 510 ἅπλῶς
810 477 956 512 διδάσκειν,

133 521 206 551 ἀλλὰ
233 522 265 550 τὸ
299 522 325 550 ἐν
352 522 502 561 ἀποῤῥήτῳ
529 522 719 559 παραδιδόναι,
740 523 756 550 ἃ
784 526 843 559 Θεῷ
872 522 958 550 οἰκεῖα

131 567 176 595 καὶ
205 569 265 598 τοῖς
292 567 352 595 κατ’
380 566 459 595 αὐτὸν
490 567 663 602 ινθεάζουσι·
685 567 730 595 καὶ
761 567 861 604 μύστας
888 567 957 594 ὠνό-

132 614 230 648 μαζον,
256 611 331 643 ὅσοις
366 611 499 649 ὶξιγὲνετο
536 614 649 640 τοιαῦτα
692 614 786 648 μαθεῖν
830 610 956 639 διδασκά-

128 655 186 692 λια,
208 656 247 683 ὧν
274 657 317 683 καὶ
346 655 538 694 ἐκφερομένων
570 656 609 688 εἰς
637 656 719 688 ἀκοὰς
746 653 893 694 βεϐήλους,
909 657 955 688 θά-

126 711 208 731 νατος
233 700 403 740 ἆπεψήφιοτο
423 703 482 732 τοῖς
506 700 686 736 ἑκλαλήσασι.
709 701 748 729 Τό
766 711 796 728 τε
821 700 854 735 δὴ
881 703 956 737 μυεῖν

128 745 223 783 εὐαγὶς
251 745 297 779 ἦν,
312 745 357 772 καὶ
386 745 418 772 τὸ
446 745 546 779 τελεῖν,
563 745 606 772 καὶ
633 747 651 780 ἠ
677 746 735 773 κατ’
757 745 822 772 αὐτὸ
847 745 955 780 τελετὴ,

123 790 170 817 καὶ
199 791 232 817 τὸ
262 789 378 825 εὐάζιιν,
394 790 417 826 ᾧ
447 793 612 828 συνομαρτιῖ
639 791 684 817 καὶ
712 791 726 817 6
750 789 840 822 Εὕϊος·
859 789 956 827 εὐάγη-

123 844 172 861 τον
201 833 232 861 δὶ
258 834 305 862 καὶ
332 834 365 862 τὸ
387 834 612 868 ἄποπτιύειν,καῖ
627 834 658 861 τὸ
683 835 766 869 θύειν,
782 835 827 862 καὶ
852 834 883 862 τὸ
911 833 954 861 εὕ-

125 879 237 917 χεσθαι,
257 878 302 906 καὶ
332 879 347 906 6
362 878 481 916 ἀρητὴρ,
496 879 541 906 καὶ
569 880 587 913 ἠ
612 878 700 918 ὀμφὴ,
715 878 760 906 καὶ
785 880 803 913 ἡ
832 876 954 915 κλῃδὼν,

123 923 169 969 καὶ
185 925 203 958 ἠ
231 923 308 969 ὅσσα,
323 922 390 969 ἢῌδὲ
412 933 479 969 τξοτι
501 922 626 969 [οη-ἤδη
648 923 746 960 ποτὲῖ]
766 923 810 950 καὶ
833 923 865 969 τὸ
884 922 956 969 γόλο-
969 937 993 969 Β

422 966 436 978 τ

125 967 229 1002 λύζειν.
261 968 292 995 Τί
329 967 386 1002 οὖν,
417 967 440 995 ὦ
473 967 605 1006 Θεόφιλε;
637 968 761 1003 ζητήσεις
798 967 843 995 καὶ
881 967 953 995 ἄλλα

123 1014 240 1040 τοιαῦτα
253 1013 449 1050 παρατεθῆναι,
467 1012 485 1047 ἢ
500 1012 652 1050 ἀρκούντως
673 1011 786 1050 ἐνήγαγέ
805 1022 834 1040 σε
858 1013 950 1048 ταῦτα,

125 1057 164 1088 sic
179 1056 248 1096 ὅπερ
263 1057 348 1095 ἐχρῆν
364 1067 372 1092 ;

161 1147 191 1181 ζ’.
209 1146 355 1186 Θεόφιλος.
372 1143 481 1183 Ἕὸαψα
506 1146 544 1178 εὶς
564 1157 596 1174 το
619 1147 720 1183 νόημα,
736 1146 776 1185 ἐφ’
798 1146 860 1174 ὅσον
886 1145 950 1180 ἔδει,

121 1191 168 1218 καὶ
183 1191 234 1218 οὐκ
259 1191 345 1223 ἐθέλω
367 1189 456 1219 πλείω
481 1193 592 1218 τοιαῦτα
617 1192 793 1228 συνείρεσθαι.
810 1191 898 1219 Ἀλλᾶ
925 1191 951 1219 τί

123 1246 172 1272 μοι
195 1235 264 1264 αὐτὰ
287 1236 355 1272 πρὸς
379 1236 429 1270 τὴν
455 1237 504 1263 τοῦ
529 1236 604 1272 ἱεροῦ
625 1234 727 1264 ἔννοιαν
743 1236 788 1263 καὶ
812 1237 861 1271 τήν
892 1237 951 1264 κατ’

122 1281 190 1309 αὐτὸ
207 1282 280 1314 θείαν
297 1281 451 1318 σεμνότητα
463 1291 470 1317 ;

157 1333 311 1372 Ἱεροκλῆς.
341 1334 412 1364 Αὖτό
440 1345 482 1362 σοι
507 1337 598 1369 10510,
624 1335 646 1362 ὦ
674 1334 799 1374 Θεόφιλε,
830 1337 843 1363 6
869 1335 949 1374 λόγος

122 1380 182 1414 ἥκει
195 1378 342 1415 δηλώσων,
359 1378 400 1407 ὅτι
416 1380 486 1408 Θεῖον
503 1377 590 1416 ὄνομα
605 1380 649 1407 καὶ
675 1381 802 1416 μυστικὸν
824 1381 878 1419 οὐχ
898 1382 950 1415 ἧτ-

122 1424 168 1452 τόν
182 1435 209 1452 τι
224 1426 277 1452 τῶν
295 1423 388 1452 ἄλλων
401 1425 444 1452 καὶ
463 1425 477 1452 ὁ
490 1424 562 1463 ἱερὸς
581 1425 626 1452 καὶ
643 1425 691 1452 ὅσα
719 1425 810 1462 τούτῳ
841 1426 946 1453 σύστοι-

123 1479 171 1507 χα,
195 1469 228 1496 τὸ
259 1469 391 1507 ἱερᾶσθαι,
415 1469 448 1496 τὸ
472 1469 627 1507 ἱερατεύειν,
655 1469 687 1497 16
716 1471 825 1508 ἱερεῖον,
848 1470 893 1498 καὶ
923 1470 950 1498 εἶ’

123 1524 147 1542 τι
164 1513 236 1542 ἄλλο
253 1516 393 1552 συμφωνεῖ
407 1513 524 1545 τούτοις.

159 1566 305 1607 Θεόφιλος.
320 1567 395 1606 Ταχῦ
407 1566 492 1602 οὗν,ὧ
504 1567 661 1606 Ἱερόκλεις,
671 1567 820 1603 ἀναπτύξας
835 1569 945 1606 πέραινε

121 1612 169 1640 τὸν
183 1615 233 1640 τοῦ
249 1611 335 1650 λόγου
351 1613 462 1642 σκοπόν.
473 1612 545 1650 Ἐγὼ
560 1613 612 1651 γὰρ
629 1611 754 1652 σφαδάζω
770 1612 947 1652 ἀμφαγνοῶν,
963 1619 985 1654 ρ

122 1657 197 1689 ὅπως
241 1657 272 1685 ἃν
310 1658 494 1695 καταστήσῃς,
519 1657 534 1684 ’ὀ
571 1657 697 1695 προὲθου,
725 1657 769 1685 καὶ
803 1657 853 1685 οὐκ
890 1657 947 1696 ἔχω

123 1700 271 1740 διαϐλέψαι
285 1702 380 1740 τρανὶς
397 1702 435 1734 εἰς
449 1702 480 1730 τὸ
492 1701 583 1734 τέλος.

157 1793 192 1827 η’,
210 1791 361 1830 Ἱεροκλῆς.
391 1791 498 1826 Ἄκουε,
528 1790 550 1818 ὦ
579 1790 702 1830 Θεόφιλε.
733 1791 784 1819 Δύο
811 1794 894 1820 ταῦτα
920 1792 945 1820 ἐν

120 1840 181 1868 τοῖς
210 1835 296 1864 πάλαι
325 1836 392 1863 ποτὶ
419 1836 505 1873 σεμνὰ
532 1835 719 1876 ἐπιφθὲγματα
755 1836 947 1874 παραδέδοται,

121 1881 210 1920 γοργὰ
234 1890 264 1908 τε
289 1881 334 1908 καὶ
363 1881 469 1913 καθαθά
496 1881 545 1916 τὴν
562 1881 716 1918 ἀπήχησιν,
731 1881 814 1909 εἶκαὶ
843 1881 946 1917 ἄλλως,

123 1926 155 1954 οὗ
185 1925 330 1963 λάμποντα
358 1925 427 1963 πρὸς
454 1926 611 1965 σαφήνειαν,
626 1926 658 1953 τὸ
675 1926 702 1953 ’ἰε
730 1926 820 1954 καὶτὸ
841 1926 880 1962 ἰή.
898 1927 948 1955 Καὶ

122 1971 154 2000 τὸ
184 1971 233 2008 μὲν
254 1969 281 1998 ’ίε
305 1969 380 1998 δοκιῖ
415 1970 657 2008 παρακεκεύεσθαιι,
681 1971 749 1998 καθοὶ
773 1981 825 1998 που
849 1970 893 1998 καὶ
919 1972 949 1998 τὸ

121 2015 210 2055 ἄγρει,
226 2016 272 2043 καὶ
295 2016 326 2043 τὸ
351 2016 426 2053 φερε,
441 2016 486 2043 καὶ
506 2015 537 2043 τὸ
563 2014 618 2054 ἄγε·
635 2015 680 2043 καὶ
699 2013 769 2043 ἔστιν
795 2015 876 2043 αὐτοῦ
900 2026 948 2050 ση-

122 2061 208 2098 μασία
219 2061 251 2088 τὸ
267 2061 368 2097 πέμπε.
381 2061 428 2088 Διὸ
455 2060 499 2087 καὶ
529 2059 630 2091 δασέως
653 2062 831 2098 προσπνεῖται
856 2061 873 2094 ἡ
901 2063 950 2094 τῆς

123 2105 224 2141 λέξεως
250 2106 385 2144 ἄρχουσα.
400 2105 435 2132 Τὸ
461 2104 489 2133 δὲ
514 2105 542 2140 ἷή
568 2105 600 2132 οὐ
623 2105 747 2132 τοιοῦτόν
764 2103 818 2132 ἔστι
832 2105 888 2132 κατ’
905 2104 950 2132 οὖ-

121 2149 178 2178 δεν·
196 2148 259 2178 οὔτε
281 2150 333 2188 γὰρ
357 2149 495 2188 κέλευσμά
516 2161 540 2177 τι
567 2149 703 2189 ἐμφαίνει,
717 2147 781 2177 οὐδὲ⁵
807 2149 860 2186 μὴν
887 2147 951 2176 δασὺ

121 2197 230 2232 mnium
263 2192 333 2233 ἔχει.
361 2194 550 2224 Ἐπιλαλεῖται
582 2195 640 2222 κατ’
676 2193 881 2231 ἐνθουσιασμόν.
902 2194 951 2221 Καὶ

122 2242 170 2268 τοῦ
202 2240 250 2276 μὶν
281 2240 392 2278 πρώτου
420 2239 554 2275 ὑπόδειξις
581 2239 608 2267 ἐν
628 2242 668 2276 τῷ
686 2238 723 2274 ἵε,
740 2242 799 2272 παῖ,
815 2239 881 2277 ὅπερ
897 2239 952 2266 ἐστὶ

123 2285 226 2322 πέμπε,
241 2284 259 2319 ἢ
277 2283 358 2323 βέλος
374 2283 503 2320 δηλονότι
526 2283 678 2322 ἐπίκουρον,
696 2284 713 2319 ἢ
738 2283 808 2312 ἄλΛο
833 2294 858 2311 τι
888 2285 952 2322 βοη-

126 2330 249 2365 θητιχόν·
268 2329 313 2368 ἀφ’
328 2328 410 2366 οὗπερ
433 2329 464 2357 οὐ
492 2329 574 2366 μόνον
587 2330 665 2360 ’Ήϊος
684 2330 698 2356 ὁ
723 2329 809 2360 οὕτως
837 2329 897 2362 ἱεὶς,
914 2328 949 2356 εί-

124 2377 184 2402 πιῖν
214 2373 243 2402 δὲ
266 2375 373 2409 ταυτὸν,
388 2374 476 2413 ἀφιεὶς
501 2374 568 2412 πρὸς
591 2374 728 2411 βοήθειαν,
747 2375 783 2405 ὡς
813 2372 888 2411 εἰειιερ
917 2373 949 2408 ἦν

124 2420 211 2455 Ὶήϊος
226 2418 252 2447 ἐν
283 2417 391 2457 τετράδι
419 2417 577 2446 συλλαϐῶν·
595 2417 669 2446 ἀλλὰ
697 2419 741 2446 καὶ
763 2417 855 2452 ἵλαος,
872 2419 885 2445 6
901 2417 952 2449 ἱεὶς

125 2463 235 2500 δηλαδὴ
254 2463 367 2501 βλέμμα
383 2464 529 2502 θειότερον.
545 2465 601 2492 Τοῦ
617 2463 680 2501 ὁρᾷν
695 2463 746 2501 γὰρ
764 2463 801 2494 εἰς
826 2463 855 2490 τὸ
879 2461 952 2489 λάειν

125 2508 362 2546 μετιιλημμένου,
388 2508 431 2544 ιῖἠ
455 2508 484 2536 ἃν
505 2507 598 2545 ἵλαος,
623 2508 762 2546 πρώτιστα
785 2508 832 2545 μὲν
848 2507 923 2544 Θεὸς,
938 2507 951 2534 6

123 2554 306 2592 παντίφορος,
322 2553 352 2585 ὂς
379 2553 425 2581 καὶ
453 2552 547 2588 ἱλήκοι
562 2555 620 2584 τοῖς
646 2563 675 2580 τε
696 2552 781 2588 ἀξίοις
805 2552 849 2580 καὶ
873 2553 951 2588 ἡμῖν,

124 2599 181 2626 εἶτα
195 2598 242 2626 καὶ
266 2599 280 2625 6
306 2598 373 2635 πρὸς
400 2599 464 2626 Θεὸν
491 2597 653 2636 διορατικῶς
674 2597 885 2633 ἐκτυπούμενος.
900 2597 951 2624 Καὶ

125 2643 196 2670 οὕτω
225 2644 272 2679 μὲν
289 2643 317 2670 ὲν
344 2641 446 2680 ἰδαφίω
461 2643 570 2680 ἀρχαίῳ
584 2642 614 2670 τὸ
636 2641 663 2669 ἰι
686 2642 808 2678 κείμενον
836 2639 950 2676 παραδέ-

125 2686 239 2716 δεικται.
260 2689 313 2714 Τοῦ
340 2685 369 2714 δὶ
394 2687 421 2722 ἰή
451 2686 619 2725 πλατυτέρας
645 2685 730 2722 οὔσης
756 2686 782 2714 ἐν
811 2688 871 2716 τοῖς
900 2695 950 2712 παι

126 2732 216 2763 λαιοῖς
242 2734 395 2771 προφορᾶς,
415 2731 565 2770 πρόχειρος
587 2733 604 2767 ἡ
631 2730 656 2759 ἐν
678 2734 717 2768 τῷ
737 2731 777 2767 ἰὴ,
803 2730 900 2765 παιὼν,
920 2729 950 2757 οὖ

127 2775 250 2812 δήλωσις
275 2775 467 2813 μεταληπτικὴ
487 2777 518 2804 τὸ
537 2777 560 2804 ὦ
579 2777 738 2815 θεραπευτᾶ,
760 2773 788 2803 εἷ’
807 2786 848 2806 τις
875 2774 949 2806 ἐνθυ-

968 2308 990 2341 D

129 2824 221 2858 μοῖτο,
244 2823 349 2848 παιῶνα
371 2823 467 2848 τοῦτον
487 2820 610 2859 λέγεσθαι
634 2821 680 2848 τὸν
714 2821 842 2858 ἰατρικῶς
872 2820 949 2857 019a-

129 2866 244 2894 πιῦοντα
260 2874 267 2881 ”
297 2865 341 2893 καὶ
369 2864 456 2894 ἔοικεν
487 2865 556 2893 ΐοισιν
594 2866 774 2903 ὑπεσχῆσθαι,
800 2864 817 2900 ἢ
846 2865 948 2903 προκὰ-

1014 303 1167 330 vovebant.

1049 347 1219 382 Theophilus.
1240 349 1380 380 Quaenam
1392 348 1462 374 sunt
1476 347 1550 381 istas,
1567 355 1582 374 ο
1594 347 1740 375 Hierocles
1750 348 1764 375 ?

1048 392 1074 418 6.
1091 392 1238 419 Hierocles.
1266 393 1358 427 Prope
1383 391 1515 418 infinitae.
1544 392 1626 419 Nunc
1664 395 1760 420 autem
1800 401 1835 420 ex

1014 436 1202 472 paucissimis
1217 437 1252 463 ad
1272 436 1372 463 omnia
1400 436 1545 464 adducere
1574 438 1602 463 te
1627 436 1701 464 volo.
1730 437 1834 464 Gonni-

1012 488 1078 508 vere
1092 480 1296 516 oculis(puaiv)
1321 481 1361 508 illi
1392 480 1528 508 dixerunt
1548 489 1604 508 non
1634 481 1736 509 docere
1763 481 1835 509 sim-

1013 525 1135 562 pliciter,
1159 526 1208 553 sed
1239 526 1267 552 in
1284 527 1397 553 secreto
1420 525 1544 559 tradere,
1575 533 1639 560 quas
1668 525 1725 553 Deo
1767 529 1836 553 sunt

1013 571 1133 607 propria
1145 571 1220 598 etiis
1233 570 1282 605 qui
1299 570 1334 597 ab
1351 569 1401 597 illo
1417 570 1554 597 alﬂantur
1572 579 1578 603 ;
1595 573 1624 597 et
1645 572 1757 606 mystas
1785 578 1834 597 vo-

1012 616 1117 643 cabant
1131 615 1357 650 quibuscunque
1377 615 1539 650 contigerat
1563 614 1632 642 talia
1647 615 1760 642 discere
1789 615 1838 642 do-

1012 662 1148 688 cumenta
1160 669 1166 693 ;
1179 668 1241 695 ques
1255 659 1279 686 si
1295 660 1329 686 ad
1346 660 1482 695 profanas
1499 667 1583 686 aures
1599 658 1697 686 delata
1725 661 1834 695 essent,

1012 714 1067 732 nox
1089 705 1299 732 decernebatur
1323 704 1463 731 adversus
1489 711 1539 730 eos
1565 703 1615 738 qui
1643 703 1831 731 revelassent.

1010 749 1168 777 Connivere
1183 749 1276 777 oculis
1290 748 1390 784 (μυεῖν)
1408 755 1523 775 sacrum
1539 747 1594 774 fuit
1609 747 1685 775 sicut
1700 750 1727 775 et
1751 747 1832 775 initi-

1011 801 1059 820 are
1083 795 1112 820 et
1140 792 1275 820 initiatio.
1301 794 1330 819 et
1366 791 1493 819 clamare
1521 791 1597 818 Evan
1627 791 1656 818 in
1688 791 1829 819 honorem

1011 837 1125 873 Bacchi,
1142 837 1219 865 unde
1232 839 1261 864 et
1272 837 1369 864 Evius.
1385 837 1507 864 Sacrum
1523 843 1640 871 quoque
1655 835 1711 862 fuit
1737 836 1830 871 inspi-

1009 891 1073 911 cere
1088 882 1135 918 (ad
1147 890 1245 909 sacras
1273 881 1450 917 spectandas
1480 880 1593 908 admitti
1621 879 1832 915 caeremonias),

1009 930 1038 955 et
1053 927 1228 961 sacriﬁcare,
1244 928 1272 954 et
1288 926 1410 962 precari,
1425 928 1454 952 et
1468 925 1616 959 sacerdos,
1633 927 1662 952 et
1678 924 1830 952 oraculum

1009 971 1108 1010 (ὀμφή)
1124 974 1152 999 et
1171 971 1328 1006 augurium
1355 967 1486 1005 (κλῃδών)
1516 971 1544 996 et
1568 969 1743 1004 praesagium
1774 967 1831 1004 (δσ-

1007 1018 1050 1052 σα)
1066 1018 1095 1044 at
1110 1016 1269 1051 aliquando
1284 1014 1445 1042 vociferari.
1463 1013 1537 1046 Quid
1561 1013 1664 1049 igitur,
1693 1021 1709 1041 ο
1737 1014 1830 1040 Theo-

1007 1061 1107 1097 phila?
1123 1062 1278 1093 Qureresne
1294 1061 1327 1086 ut
1340 1058 1397 1086 alia
1412 1057 1521 1086 similia
1532 1057 1586 1085 tibi
1617 1059 1830 1093 proponantur,

1006 1114 1043 1133 an
1054 1104 1422 1134 sufficienterinduxerunt
1436 1104 1464 1129 te
1480 1102 1540 1130 haec
1566 1110 1623 1137 quo
1651 1101 1803 1137 oportebat
1818 1101 1832 1128 ?

1038 1152 1066 1178 7.
1084 1149 1254 1183 Theophilus.
1271 1147 1392 1184 Per-pexi
1404 1154 1477 1181 rem,
1502 1148 1645 1182 quantum
1672 1154 1747 1182 opus
1776 1148 1830 1180 est,

1005 1204 1058 1223 nec
1069 1196 1130 1230 jam
1148 1193 1256 1222 similia
1271 1191 1436 1220 continuari
1452 1190 1526 1219 volo.
1543 1191 1585 1218 Ad
1599 1190 1669 1226 quid
1685 1190 1758 1218 mihi
1782 1190 1834 1217 illa

1005 1241 1039 1268 ad
1053 1240 1129 1267 sacri
1139 1237 1364 1273 intelligentiam
1381 1235 1511 1271 etiillam
1526 1243 1615 1270 quam
1645 1243 1704 1270 prae
1717 1242 1748 1262 se
1777 1235 1833 1261 fert

1005 1285 1140 1313 eximiam
1157 1281 1347 1320 gravitatem?

1040 1338 1183 1366 Hierocles.
1200 1337 1230 1365 id
1243 1337 1352 1373 ipsum,
1369 1343 1384 1362 ο
1400 1333 1571 1370 Theophila,
1588 1340 1684 1360 sermo
1711 1332 1830 1360 demon-

1003 1387 1096 1413 strare
1113 1382 1273 1419 praesumit,
1288 1389 1344 1408 non
1359 1379 1459 1407 minus
1488 1386 1576 1414 quam
1607 1377 1665 1405 alia
1693 1376 1826 1404 divinum

1002 1432 1030 1458 et
1059 1428 1214 1465 mysticum
1239 1433 1304 1454 esse
1334 1432 1439 1452 nomen
1468 1430 1546 1450 sacer
1579 1424 1608 1450 et
1644 1428 1826 1457 quiscunque

1003 1474 1069 1502 huic
1085 1472 1185 1501 afﬁnia
1199 1473 1279 1504 sunt,
1301 1469 1423 1501 sacrari,
1439 1467 1597 1496 sacerdotio
1624 1465 1718 1502 fungi,
1747 1467 1776 1493 et
1799 1465 1825 1493 si

1000 1519 1070 1555 quid
1086 1518 1164 1546 aliud
1176 1516 1328 1545 consonat.

1037 1571 1207 1608 Theophilus.
1226 1566 1407 1597 Sententiam
1423 1565 1480 1593 cito
1495 1563 1654 1600 explicans,
1680 1571 1696 1590 ο
1717 1562 1826 1608 νΗὶθι-ο-

1004 1617 1074 1652 cies,
1089 1606 1194 1644 festina
1208 1614 1242 1642 ad
1259 1619 1380 1648 scepum
1409 1609 1564 1638 sermonis.
1589 1609 1648 1644 Ego
1677 1607 1755 1635 enim
1780 1606 1825 1634 in-

1003 1661 1122 1698 quietus
1151 1661 1178 1688 et
1207 1657 1311 1686 anxius
1339 1663 1417 1688 sum,
1446 1654 1538 1681 donec
1553 1653 1667 1680 videam
1679 1652 1827 1688 quomodo

1002 1697 1191 1734 constitueris
1207 1703 1235 1730 id
1253 1701 1329 1738 quod
1341 1698 1531 1737 proposuisti,
1549 1705 1643 1734 neque
1671 1697 1752 1725 valeo
1772 1705 1826 1724 ns-

1003 1760 1060 1783 que
1077 1750 1110 1778 ad
1130 1749 1216 1776 ﬁnem
1234 1747 1311 1775 clare
1327 1744 1491 1782 perspicere

1038 1796 1065 1823 8.
1081 1793 1226 1823 Hierocles.
1240 1791 1326 1824 Audi,
1343 1798 1359 1817 ο
1373 1787 1541 1824 Theophila.
1560 1787 1626 1814 Dure
1651 1786 1727 1814 inter
1747 1786 1824 1813 vete-

1004 1849 1050 1868 res
1065 1838 1234 1868 venerando:
1251 1844 1336 1864 voces
1351 1833 1464 1862 traditae
1481 1834 1562 1865 sunt,
1574 1834 1676 1860 tenues
1691 1832 1720 1858 et
1746 1830 1830 1858 claras

1003 1885 1099 1921 quoad
1116 1891 1231 1915 sonum,
1250 1881 1317 1909 licet
1329 1878 1503 1914 cazteroquin
1527 1885 1585 1904 non
1615 1875 1687 1904 satis
1713 1874 1829 1911 perspi-

1003 1919 1075 1960 cua).
1102 1928 1149 1956 hic
1179 1930 1208 1954 et
1222 1926 1248 1953 ié
1275 1923 1319 1960 (is,
1349 1923 1400 1958 ἰή).
1432 1923 1512 1950 Prior
1540 1920 1688 1949 adhortari
1705 1919 1830 1954 videtur,

1003 1972 1255 2008 quemadmodum
1272 1977 1334 2005 age,
1348 1968 1484 2004 agedum,
1500 1969 1528 1994 et
1543 1965 1623 1994 illius
1652 1963 1827 2001 signiﬁcatio

1004 2020 1049 2046 est
1062 2018 1149 2044 mille.
1192 2016 1318 2049 ideoque
1337 2021 1439 2048 aspero
1462 2013 1582 2038 notatur
1607 2009 1712 2045 spiritu
1739 2008 1835 2044 prima

1004 2062 1082 2090 vocis
1098 2062 1205 2088 littera.
1220 2059 1280 2086 Vox
1297 2060 1394 2085 autem
1426 2055 1453 2090 ἰή
1482 2062 1603 2091 prorsus
1632 2053 1738 2080 dili’ert.
1767 2052 1829 2078 Non

996 2106 1083 2134 enim
1107 2103 1341 2133 adhortationem
1373 2100 1520 2135 signiﬁcat
1543 2097 1588 2125 vel
1614 2097 1746 2132 jussum,
1777 2103 1830 2122 neu

1006 2158 1141 2186 asperum
1157 2149 1246 2176 habet
1260 2146 1398 2182 spiritum
1416 2146 1463 2172 :et
1477 2143 1576 2170 divino
1593 2141 1744 2186 instinctu
1766 2147 1834 2176 pro-

1006 2183 1108 2223 fertur.
1124 2194 1158 2221 Et
1174 2193 1252 2229 prior
1262 2190 1380 2227 quidem
1397 2189 1518 2225 apparet
1542 2187 1571 2214 in
1603 2185 1655 2213 hac
1677 2183 1803 2212 dictione
1825 2193 1832 2212 :

1003 2239 1117 2274 ἵε,παῖ,
1149 2228 1203 2266 hoc
1232 2239 1287 2270 est,
1317 2235 1398 2262 mitte
1432 2241 1484 2260 seu
1525 2231 1648 2268 porrige,
1685 2228 1825 2274 nimirum

1008 2285 1099 2312 telum
1113 2281 1252 2311 auxiliare
1268 2283 1320 2308 aut
1335 2279 1412 2306 aliud
1428 2277 1499 2313 quid
1516 2273 1829 2307 subsidiarium,unde

1006 2329 1154 2357 derivatur
1169 2335 1225 2354 non
1242 2325 1336 2353 solum
1353 2322 1426 2357 ἤϊης,
1444 2323 1471 2349 id
1488 2323 1534 2349 est
1558 2319 1607 2356 qui
1636 2318 1678 2347 sic
1709 2317 1836 2354 porrigit

1007 2382 1058 2402 seu
1075 2372 1167 2401 mittit
1181 2371 1217 2398 ad
1234 2369 1387 2401 auxilium,
1405 2367 1483 2394 velut
1511 2365 1536 2393 si
1567 2366 1646 2392 esset
1672 2363 1746 2397 ἱήϊος
1772 2371 1828 2390 vox

1007 2415 1235 2454 quadrisyllaba,
1253 2414 1303 2442 sed
1319 2413 1404 2441 etiam
1418 2410 1510 2445 ἵλαος,
1526 2410 1581 2437 hoc
1600 2411 1645 2436 est
1669 2416 1718 2454 qui
1747 2407 1829 2454 vultu

1007 2452 1223 2498 supernaturali
1240 2458 1355 2494 aspicit.
1373 2458 1445 2485 Cum
1462 2455 1540 2483 enim
1557 2454 1620 2498 ὁρᾷν
1651 2452 1770 2498 (videre)
1793 2452 1833 2498 in

1007 2495 1081 2534 λάξιν
1098 2505 1250 2543 (aspicere)
1268 2504 1461 2536 transmutas,
1488 2501 1551 2526 tum
1577 2497 1633 2526 erit
1657 2495 1740 2527 ἵλαος
1765 2496 1834 2533 (cle-

1007 2541 1105 2586 mens).
1117 2541 1244 2587 primum
1260 2548 1348 2582 Deus,
1365 2545 1464 2574 omnia
1479 2543 1654 2580 inspiciens,
1670 2541 1720 2578 qui
1737 2543 1765 2570 et
1788 2541 1817 2569 di

1007 2596 1073 2631 guis
1087 2586 1216 2623 ctruobis
1231 2592 1325 2627 ἱλήκοι
1342 2589 1498 2626 (propitius
1523 2589 1583 2623 sit),
1613 2587 1719 2615 deinde
1743 2586 1833 2631 etiam

1007 2630 1056 2677 qui
1075 2639 1181 2667 mentis
1197 2638 1259 2665 acie
1277 2637 1332 2664 Duo
1349 2635 1454 2663 similis
1472 2635 1566 2661 factus
1582 2635 1637 2660 est.
1650 2632 1685 2658 Et
1701 2631 1744 2658 sic
1769 2630 1836 2665 qui-

1006 2675 1071 2713 dem
1089 2691 1183 2713 vocem
1195 2681 1222 2708 'i:
1235 2683 1263 2709 in
1281 2681 1401 2715 antiquo
1422 2679 1496 2706 libro
1512 2678 1638 2714 quodam
1661 2675 1832 2710 usurpatam

1007 2730 1182 2758 invenimus.
1213 2726 1296 2755 Vocis
1321 2728 1417 2753 autem
1448 2723 1476 2758 ἰὴ
1507 2719 1730 2751 sensus‘latius
1752 2720 1832 2754 patet

1006 2775 1082 2811 apud
1104 2776 1224 2805 veteres,
1247 2774 1276 2799 et
1303 2772 1424 2806 apparet
1454 2769 1484 2796 in
1504 2767 1578 2795 illo:
1605 2762 1759 2811 meum,
1776 2762 1831 2790 hoc

1005 2808 1087 2853 est,o
1120 2821 1148 2846 tu
1177 2817 1225 2852 qui
1254 2824 1350 2847 curas,
1382 2814 1405 2842 si
1436 2814 1502 2850 quis
1530 2811 1599 2838 velit
1628 2808 1711 2836 illum
1723 2809 1828 2834 παιῶνα

1005 2862 1190 2901 (curatorem)
1208 2861 1264 2888 dici
1282 2860 1330 2896 qui
1347 2859 1450 2888 medici
1467 2864 1548 2886 more
1563 2853 1698 2888 inservit,
1733 2854 1762 2880 et
1784 2852 1827 2880 vi-
