2018 3158
169 175 229 206 915

556 174 768 207 EUSTATBII
793 174 1175 206 THESSALONICENSIS
1199 174 1490 206 METROPOLITE

1819 174 1881 206 916

170 243 258 272 detur
272 242 327 271 hoc
342 241 515 270 vocabulum
542 241 725 270 sanationem
766 241 910 271 caelestem
937 250 1000 278 pro-

1069 244 1160 274 ,ιῖσθαι
1177 242 1267 274 θεόθεν
1287 240 1417 279 τοῦνομα.
1437 241 1582 271 Τοιούτοιν
1606 239 1693 270 ὄντοιν
1717 243 1767 269 τοῦ
1788 240 1815 269 ’ἱε
1836 240 1882 269 καὶ

172 290 288 316 mittere
304 289 354 315 aut
367 287 509 315 invocare.
527 288 598 314 Cum
615 286 705 323 igitur
724 287 784 314 haec
809 288 873 315 dua:
903 295 997 320 voces,

174 331 198 360 ὶι
213 335 242 360 et
253 331 294 366 ἱή,
307 331 349 360 ita
363 340 394 360 se
408 331 536 359 habeant
565 332 643 368 (nam
660 330 732 359 velle
748 334 775 359 te
805 331 889 367 plura
904 340 921 359 a
946 339 998 359 no-

174 377 222 405 bis
237 376 350 410 audire,
367 377 413 404 vix
427 376 612 410 crediderim,
633 384 648 403 o
676 375 859 412 Theophile),
884 376 920 404 ab
948 375 999 403 illa

177 420 207 449 ’ls
223 422 331 458 (neque
342 421 475 449 Patribus
492 420 563 457 ipsis
590 419 656 448 talis
672 420 834 448 enucleatio
854 421 999 457 displicet)

176 467 316 503 origioer.
336 475 452 495 sumere
467 469 588 502 apparet
609 475 662 494 vox
691 466 762 502 ἱερὸν
784 467 942 502 (sanctum)
971 469 1000 495 et

177 512 277 540 omnia
293 511 403 540 signilia
418 511 566 539 vocabula.
599 510 701 539 Utrum
731 514 818 547 putas
844 519 896 539 nos
925 514 1000 539 recte

175 556 319 592 loquiaut
336 556 376 584 vis
392 565 446 584 nos
461 555 507 583 hic
519 556 692 590 subsistere,
710 564 745 583 ne
776 555 847 584 risui
876 564 929 584 nos
953 564 1000 584 ex-

177 601 344 637 ponamus?

211 647 239 673 9.
256 645 423 681 Theophilus.
441 645 557 681 Uptime
570 643 642 671 mihi
662 644 832 680 persuades,
857 652 874 672 ο
902 644 1002 672 Hiero-

178 691 237 720 cles
252 699 259 724 ;
276 689 461 718 solummodo
474 688 649 725 profundius
667 689 696 715 in
713 696 833 716 sensum
851 689 1003 725 inquirens

179 738 208 765 et
221 734 359 764 subtilius
376 734 519 770 explicare
536 733 658 760 studens
670 733 818 768 adjiciam,
834 733 906 770 ἱερὸν
922 735 1004 767 (san-

181 783 271 814 ctum)
281 788 346 808 esse
360 788 377 806 ιι
392 787 450 814 quo
466 778 593 806 mittitur
608 777 684 805 bona
697 777 843 805 valetudo.

219 833 361 861 Hierocles.
375 832 442 859 Rem
459 833 525 859 actu
541 830 675 866 tetigisti,
691 839 708 858 0
722 831 891 867 Theophile,
917 834 946 859 et
969 832 1005 859 ab

167 878 268 906 "initio
285 877 321 904 ad
338 877 426 904 finem
450 877 526 903 recte
541 875 710 911 pervenisti,
726 875 768 903 uti
799 876 934 911 poverbio
961 876 1006 903 di-

1051 288 1099 314 τοῦ
1123 287 1150 322 ἱή
1175 286 1408 325 (πολυρῥημονεῖν
1433 287 1484 325 γὰρ
1506 287 1545 318 εἷς
1560 285 1645 314 πλέον
1660 286 1710 314 οὐκ
1725 285 1756 314 ἂν
1785 286 1882 323 ἐθέλῃς

1053 332 1136 368 ἡμᾶς,
1151 330 1173 358 ὦ
1198 331 1336 370 Θεόφιλε),
1350 333 1399 360 τοῦ
1419 331 1446 359 ’ίε
1469 331 1590 370 φαίνεται
1618 332 1672 367 (καὶ
1697 329 1762 358 om
1786 330 1883 368 ἀπαρι-

1054 386 1111 403 σκιι
1144 379 1202 407 τοῖς
1242 376 1361 414 ΙΙατράσι
1396 378 1451 404 τῶν
1484 376 1616 404 τοιούτων
1648 375 1787 412 μεθόδων)
1817 385 1883 412 πειρ-

1054 419 1192 448 ειλκόσθαι
1218 421 1249 448 τὸ
1278 422 1349 448 ίιθὸν
1379 421 1424 448 καὶ
1451 421 1502 455 τήν
1538 421 1597 448 κατ’
1625 420 1690 448 αὐτὸ
1724 419 1883 457 συστοιχίαν

1055 465 1170 494 ἅπασαν.
1188 469 1265 497 Νοεῖς
1293 467 1367 502 ἡμᾶς
1394 464 1490 494 λαλεῖν
1512 476 1538 493 τι
1562 465 1659 501 καλὸν,
1684 465 1701 499 ἢ
1728 464 1886 500 στησόμεθα

1054 511 1103 537 τοῦ
1118 511 1269 548 περαιτέρω
1285 509 1386 548 λὶγιιν,
1405 511 1443 546 μὴ
1459 511 1504 538 καί
1519 509 1684 547 γελώμιθας

1093 645 1124 677 θ’.
1149 644 1292 684 Θεόφιλος.
1321 646 1357 672 Εὖ
1388 655 1422 681 με
1450 642 1657 681 προσϐιϐάζεις,
1683 643 1706 670 ὧ
1725 641 1886 680 Ἱερόκλεις·

1057 690 1101 717 καί
1116 700 1175 721 πως
1191 689 1244 725 ἤδη
1263 689 1464 726 λεπτυνάμενος
1479 688 1518 720 εἷς
1548 691 1609 716 νοῦν
1638 689 1683 715 καὶ
1712 686 1890 725 ἱσχνολογεὶν

1058 734 1252 770 ὲπιπνευσθιὶς,
1282 731 1437 769 ἐπιϐάλλω,
1464 734 1534 771 ἱερὸν
1578 733 1656 768 εἶναι,
1686 731 1729 770 ἄφ¹
1761 732 1793 759 οὗ
1816 730 1889 758 ἵεται

1060 779 1152 818 ῥῶσις.

1094 833 1242 870 Ἱεροκλῆς.
1268 832 1460 870 Εὗστόχησας,
1488 831 1510 858 ὦ
1547 830 1674 868 Θεόφιλε,
1703 830 1750 858 καὶ
1791 829 1890 866 λαχὼν

1061 877 1150 915 ἀρχὴν
1179 877 1262 914 πέρας
1287 875 1377 914 ἔσχες,
1393 877 1407 904 'o
1431 875 1464 910 δὴ
1490 876 1710 913 παροιμιάζεται.
1726 873 1890 912 Ηαρρησιά-

183 922 269 950 citur.
282 922 316 949 Et
332 924 364 948 ut
379 921 506 956 ingenue
520 921 672 948 veritatem
690 920 846 955 fateamur,
860 922 892 948 tu
918 920 1005 948 altius

1069 927 1154 954 meoet
1197 920 1226 949 δὶ
1257 921 1288 949 τὸ
1323 921 1481 960 ἂφθόνητον,
1504 920 1548 948 καί
1575 930 1601 947 τι
1628 920 1778 957 βαθύτερον
1808 919 1890 954 ἡμῶν

183 975 271 1003 quam
288 974 342 994 nos
371 964 505 993 vocabuli
535 973 657 992 sensum
685 965 887 1000 pervestigasti
913 985 919 992 .
947 965 1005 992 Nos

183 1011 262 1040 enim
275 1010 463 1046 putabamus,
477 1018 494 1037 a
508 1017 577 1037 voce
589 1007 616 1035 ’ίε
627 1009 806 1040 descendere
822 1009 904 1037 illam
920 1009 1005 1046 ἱερος,

183 1055 434 1093 quemadmodum
451 1052 539 1091 διερὸς
555 1054 677 1089 (vigens)
693 1056 722 1081 et
735 1053 864 1090 κρατερὸς
881 1056 1006 1090 (potens)

185 1103 216 1129 et
232 1101 341 1128 similia
356 1110 366 1133 ;
381 1103 413 1127 tu
429 1102 539 1132 autem,
555 1099 754 1127 valetudinem
769 1099 910 1127 vocabulo
935 1098 1006 1136 ἱερὸν

186 1145 338 1180 adjiciens,
356 1144 485 1180 penitius
501 1152 620 1172 sensum
647 1143 818 1180 penetras'ti.
846 1144 911 1172 Jam
941 1152 1007 1172 vero

186 1190 228 1218 sic
244 1198 290 1217 res
306 1198 338 1218 se
353 1189 467 1222 habeat,
484 1190 512 1216 et
528 1195 632 1224 pergas
647 1188 733 1216 velim
747 1188 796 1215 tali
811 1188 898 1216 modo
914 1188 1008 1224 philo-

188 1234 318 1270 sophari,
335 1233 472 1269 quamvis
487 1233 523 1260 de
552 1233 605 1260 hac
618 1241 647 1260 re
671 1233 868 1265 oﬁ‘ondantur,
898 1233 1007 1260 austeri

188 1279 301 1309 scilicet
311 1281 339 1306 et
364 1278 472 1305 morosi
501 1280 530 1305 et
552 1285 649 1304 rerum
679 1277 895 1312 verborumque
919 1278 1008 1304 terre—

188 1324 295 1354 strium
306 1331 340 1350 ao
354 1321 512 1350 humilium
529 1323 759 1356 contemptores,
775 1321 825 1357 qui
839 1330 875 1349 ne
886 1321 915 1349 in
932 1329 1009 1349 sum-

189 1369 247 1398 mis
272 1367 390 1404 quidem
420 1366 520 1394 aristis
549 1365 662 1401 ingredi
693 1365 809 1398 volunt,
834 1366 883 1393 sed
922 1366 1010 1394 veluti

191 1413 293 1449 Pegasi
309 1410 442 1439 volatiles
458 1411 487 1438 in
504 1418 568 1438 aere
594 1410 739 1443 feruntur,
769 1409 843 1437 nihil
870 1409 1010 1438 facientes

189 1456 412 1495 grammaticam
427 1463 492 1490 quas
507 1454 657 1482 vocabulis
680 1454 870 1483 enucleandis
893 1463 1010 1490 operam

189 1501 373 1530 navat.Plato
388 1507 505 1535 quoque
520 1499 728 1527 celeberrimus
739 1499 869 1527 illeinter
881 1499 1011 1535 philoso-

188 1544 427 1584 phos,sdjuvnbit
442 1543 510 1571 tein
526 1543 749 1580 hocstudio,qui
761 1547 789 1572 et
801 1543 1012 1580 ipseexplican-

189 1591 235 1620 dis
250 1589 345 1618 verbis
353 1588 553 1616 delectabatur
563 1588 591 1616 in
599 1588 654 1624 iisq
660 1597 694 1616 ue
700 1597 797 1616 veram
805 1588 1010 1625 etymologiam

190 1634 355 1663 naturalem
372 1632 586 1660 considerabat.
604 1633 699 1661 Habes
723 1633 822 1669 igitur,
854 1634 924 1660 dum
954 1631 1012 1660 alia

191 1679 311 1716 quidem
327 1677 469 1709 didicisti,
481 1676 539 1705 alia
555 1679 652 1705 autem
664 1677 725 1711 ipse
740 1677 889 1710 invenisti,
912 1685 1010 1704 vocem

192 1723 265 1761 ἱερὸς
281 1722 385 1750 divinis
414 1724 526 1750 natura:
556 1721 787 1754 convenientem,
817 1724 846 1749 et
862 1722 924 1756 iure
952 1729 1012 1749 me-

194 1769 308 1802 ritoque
337 1767 404 1803 quis
428 1767 544 1800 dixerit,
575 1774 671 1793 vocem
704 1765 845 1802 Iapoqquae
876 1774 942 1793 cum
973 1774 1014 1794 re-

193 1813 250 1841 bus
262 1812 369 1839 divinis
381 1813 491 1839 etcum
505 1811 561 1838 Deo
577 1810 639 1845 ipso
655 1810 781 1837 conteret
801 1811 885 1845 quasi
914 1810 1015 1837 innata

194 1861 220 1884 et
236 1857 355 1884 omnino
371 1855 500 1890 propria,
516 1855 552 1882 ab
570 1854 627 1881 illis
643 1854 778 1887 derivari,
796 1854 922 1889 hincque
947 1863 1015 1881 sna-

194 1902 323 1928 ctitatem
341 1899 462 1926 transire
478 1899 513 1926 ad
531 1898 754 1931 suosrdotem,et
765 1899 800 1926 ad
817 1899 880 1934 ejus
896 1907 1015 1931 munus,

193 1946 221 1972 et
238 1943 422 1979 potissimum
440 1944 474 1969 ad
491 1950 557 1970 eum
573 1942 623 1977 qui
633 1942 710 1970 inter
736 1943 801 1970 illos
816 1943 944 1979 primum
975 1943 1015 1971 lo-

194 1997 262 2016 cum
274 1987 397 2015 obtinet.
415 1987 448 2014 Et
464 1987 540 2014 nosti
558 1995 655 2014 revera
670 1987 795 2022 primum
819 1991 848 2015 et
875 1996 1015 2024 magnum

194 2036 224 2062 et
238 2032 372 2061 omnium
397 2031 530 2060 altissum
561 2032 754 2066 sacerdotem,
779 2032 830 2067 qui
857 2035 935 2060 totus
961 2032 1017 2060 cle-

196 2088 291 2112 mens,
302 2081 381 2106 totus
397 2078 478 2106 salus
494 2079 549 2111 est,
566 2078 615 2113 qui
633 2086 687 2106 nos
702 2081 821 2106 sanctos
836 2079 892 2106 sibi
915 2087 1018 2107 conse-

196 2126 268 2156 crat,
285 2125 313 2151 et
340 2123 407 2150 talis
433 2121 568 2149 beneficii
599 2122 758 2158 participes
787 2132 841 2151 nos
870 2125 964 2152 reddit
993 2126 1021 2151 et

195 2168 347 2196 vocatione
363 2169 391 2194 et
401 2167 524 2194 actione.
545 2168 733 2201 Perspectum
758 2167 859 2202 habes,
885 2178 901 2197 ο
929 2171 1021 2196 'I‘heo-

197 2211 395 2250 phile.qualis
421 2211 557 2238 sacerdos
573 2210 620 2245 sit,
637 2211 733 2246 qualis
763 2213 899 2249 princeps
929 2222 1022 2242 sacer-

197 2258 262 2287 dos,
276 2258 304 2283 et
318 2263 383 2291 quas
400 2257 504 2282 caetera
519 2255 666 2290 ejusmodi
684 2258 754 2284 sunt
769 2257 866 2286 verba.

1061 967 1220 1005 διεώρακας.
1237 967 1335 1002 Ἡμεῖς
1362 967 1410 1002 μὲν
1430 967 1481 1002 γὰρ
1506 965 1676 1001 ινενοοῦμεν,
1695 964 1734 996 ὡς
1760 963 1838 1000 παρᾶ
1862 964 1893 990 τὸ

1057 1011 1114 1040 ’ίιὸ
1141 1011 1213 1049 ἱερὸς
1240 1011 1309 1048 πρὸς
1337 1010 1490 1047 ὁμοιότητα
1516 1012 1567 1037 τοῦ
1591 1008 1690 1047 διερὸς,
1720 1008 1769 1036 καὶ
1795 1017 1894 1045 κρατε-

1062 1057 1120 1095 ρὸς,
1149 1056 1194 1084 καὶ
1223 1058 1277 1083 τῶν
1306 1055 1356 1083 ὅσα
1383 1057 1519 1083 τοιαῦταθ
1547 1054 1578 1081 σὺ
1612 1053 1643 1082 δὲ
1675 1052 1893 1092 γλαφυρώτερον

1061 1102 1241 1139 περιενοήσω,
1271 1099 1353 1139 ρὦιν
1387 1099 1626 1137 ἔμφαντασάμινος
1664 1100 1703 1134 τῷ
1737 1099 1788 1124 τοῦ
1818 1096 1894 1134 ἶιροῦ

1062 1145 1184 1182 ὀνόματι.
1201 1145 1253 1173 Καὶ
1270 1144 1358 1182 ἐχιτω
1377 1144 1476 1177 οὕτως,
1492 1143 1536 1171 καὶ
1564 1141 1672 1180 γένοιτό
1700 1151 1744 1170 σοι
1775 1141 1893 1169 φιλοσο-

1063 1193 1122 1230 φεῖν
1151 1189 1195 1217 καὶ
1219 1189 1264 1217 τὸν
1290 1188 1390 1226 τρόπον
1417 1188 1524 1221 τοῦτον,
1548 1187 1571 1215 εἰ
1604 1187 1649 1214 καί
1673 1196 1747 1217 τινες
1779 1185 1894 1222 δυσαρε-

1064 1237 1197 1268 στοῦνται,
1213 1233 1341 1272 στρυφνοί
1370 1243 1401 1270 γε
1426 1232 1502 1260 αὖτοῖ
1533 1230 1610 1263 ὅντες
1631 1231 1676 1259 καὶ
1703 1229 1894 1258 δυσέντευκτοι

1063 1279 1108 1307 καὶ
1136 1279 1237 1316 ἀθιγιῖς
1264 1280 1319 1305 τῶν
1349 1277 1423 1305 κάτω
1451 1277 1496 1304 καί
1525 1278 1676 1314 χαμερπῶν
1703 1275 1842 1313 ῥημάτων
1866 1283 1895 1301 τι

1064 1324 1109 1351 καὶ
1135 1323 1316 1361 πραγμάτων
1333 1323 1359 1349 οἳ
1389 1322 1420 1349 οὗ
1452 1321 1535 1358 μόνον
1561 1321 1650 1357 ἄκρων
1678 1320 1720 1347 ἐπ’
1744 1319 1894 1356 ἀνθερίκων

1064 1368 1253 1404 ὶεανιμοῦνται
1278 1367 1358 1401 θέειν,
1375 1366 1448 1394 ἀλλὰ
1472 1366 1518 1394 καὶ
1542 1366 1666 1403 Πήγασοι
1695 1364 1897 1402 ἀερσιπότητοι

1065 1413 1203 1451 φέρονται,
1229 1413 1455 1450 περιφρονοῦντες
1481 1411 1532 1445 τὴν
1567 1408 1732 1448 φυσιολόγον
1763 1419 1897 1447 γραμμα-

1064 1458 1155 1493 τικήν.
1173 1455 1349 1493 Συλλήψεταί
1364 1466 1406 1484 σοι
1421 1455 1467 1483 καί
1487 1455 1602 1483 Πλάτων
1624 1453 1705 1486 αὐτὸς
1725 1455 1776 1481 τοῦ
1807 1453 1895 1488 πονή-

1067 1512 1163 1539 ματος,
1189 1502 1204 1528 ό
1229 1501 1280 1535 τὴν
1310 1500 1471 1540 φιλοσοφίαν
1500 1499 1664 1537 μετάρσιον
1691 1498 1736 1526 καὶ
1767 1498 1823 1536 γάρ
1851 1508 1895 1525 τοι

1066 1546 1111 1574 καὶ
1126 1545 1205 1576 αὐτὸς
1229 1542 1337 1583 ἔχαιρεν
1363 1544 1537 1572 ἀναπτύσσων
1561 1543 1692 1580 ὀνόματα,
1715 1542 1760 1570 καὶ
1786 1542 1842 1576 τὴν
1871 1541 1897 1568 ἂν

1067 1590 1159 1621 αὐτοῖς
1200 1590 1336 1626 θεώμενος
1378 1588 1520 1626 ἐγκύκλιον
1568 1588 1684 1627 φυσικὴν
1727 1586 1897 1623 ἐτυμότητα.

1067 1635 1163 1672 Ἔχεις
1181 1633 1214 1668 δὴ
1229 1633 1286 1668 οὖν,
1306 1634 1340 1661 τὰ
1361 1633 1408 1670 μὶν
1436 1633 1540 1670 μαθὼν,
1552 1633 1587 1660 τὰ
1615 1631 1638 1660 δ’
1661 1631 1741 1662 αὐτὸς
1769 1630 1898 1669 ἐξευρὼν,

1069 1679 1127 1715 θείᾳ
1147 1678 1224 1718 φύσει
1251 1677 1450 1716 ἐπιπρέπουσαν
1473 1677 1525 1711 τήν
1554 1679 1602 1704 τοῦ
1631 1677 1706 1714 ἱεροῦ
1720 1673 1836 1710 κλῆσιν·
1853 1674 1899 1702 καὶ

1069 1722 1142 1751 εἴποι
1179 1733 1220 1754 τις
1261 1722 1291 1750 ἂν
1330 1721 1511 1760 Θαρῤούντως,
1541 1722 1573 1749 τὸ
1613 1720 1660 1757 μὲν
1697 1719 1770 1758 ἱερὸς
1807 1719 1898 1747 αὐτῶν

1070 1768 1194 1806 ἂξῆφθαι,
1218 1769 1271 1794 τῶν
1302 1767 1381 1799 θείων
1409 1766 1453 1794 καὶ
1480 1768 1548 1794 Θεοῦ
1581 1765 1662 1793 αὐτοῦ
1699 1763 1898 1800 κολλώμενον,

1071 1813 1140 1845 οἷον,
1169 1812 1186 1846 ἢ
1217 1811 1398 1849 ἐμφυόμενον,
1428 1811 1474 1838 καὶ
1502 1809 1574 1838 οὕτω
1606 1820 1665 1841 πως
1693 1808 1899 1844 οἰκειούμενον·
1920 1834 1927 1842 _

1072 1856 1171 1885 ἐκεῖθεν
1197 1855 1226 1883 δὶ
1256 1855 1494 1894 μεταρρυΐσκεσθαι
1522 1855 1554 1882 τὸ
1582 1855 1679 1892 σεμνὸν
1709 1853 1755 1881 καὶ
1781 1851 1826 1880 ἐπὶ
1856 1854 1903 1880 τὸν

1072 1902 1156 1939 ἱερέα,
1172 1902 1215 1929 καὶ
1242 1901 1286 1928 ἰπὶ
1311 1901 1344 1928 τὰ
1367 1901 1426 1928 κατ’
1453 1899 1544 1934 αὺτὸν,
1561 1899 1605 1926 καὶ
1633 1897 1751 1935 μάλιστα
1779 1897 1823 1924 ἐπὶ
1857 1898 1904 1924 τὸν

1074 1946 1099 1974 ἐν
1115 1949 1173 1977 τοῖς
1185 1946 1325 1978 τοιούτοις
1341 1946 1527 1983 προάρχοντα.
1545 1942 1594 1971 Καὶ
1616 1942 1690 1974 οἶδας
1719 1940 1830 1972 πάντως
1860 1942 1906 1969 τὸν

1074 1991 1120 2018 καὶ
1148 1991 1256 2027 πρῶτον
1281 1989 1326 2017 καὶ
1349 1989 1433 2027 μέγαν
1457 1989 1502 2016 καὶ
1530 1987 1615 2020 ὅντως
1631 1987 1742 2024 ὕψιστον
1760 1986 1906 2024 ἀρχιερέα,

1073 2036 1119 2063 τὸν
1143 2035 1207 2063 ὅλον
1233 2034 1327 2068 ἵλαον,
1343 2034 1388 2061 τὸν
1410 2033 1475 2062 ὅλυν
1491 2031 1640 2070 σωτηρίαν,
1656 2032 1685 2062 ὃς
1714 2032 1791 2067 ἡμᾶς
1814 2030 1909 2060 ὁσίους

1076 2080 1148 2116 αίτῷ
1162 2081 1294 2116 καθιεροῖ,
1310 2079 1354 2106 καὶ
1381 2081 1429 2106 τοῦ
1455 2078 1580 2106 τοιούτου
1607 2077 1707 2114 ἀγαθοῦ
1736 2073 1908 2113 μεταδίδωσι

1076 2125 1120 2152 καὶ
1145 2123 1242 2158 κλήσει
1269 2123 1314 2151 καὶ
1343 2123 1494 2161 πράγματι.
1515 2122 1648 2159 Κατὲχεις
1671 2118 1725 2155 ἤδη
1755 2119 1849 2157 γνοὺς,
1869 2120 1907 2146 οἶ-

1079 2180 1137 2205 μαι,
1155 2169 1190 2196 ὧν
1208 2167 1334 2206 Θεόφιλε,
1356 2167 1414 2199 οἷός
1427 2177 1469 2198 τις
1485 2167 1499 2194 ὁ
1513 2165 1612 2204 ἱερεὺς,
1629 2164 1749 2200 πηλίκος
1765 2162 1795 2191 δὲ
1811 2165 1825 2191 ὸ
1840 2164 1908 2201 ἆρχ-

1080 2213 1176 2251 ιερεὺς,
1191 2213 1272 2240 ὁποῖα
1298 2211 1326 2240 Si
1348 2212 1392 2240 καὶ
1417 2212 1451 2239 τὰ
1470 2210 1555 2238 λοιπὰ
1568 2212 1617 2238 τοῦ
1637 2208 1764 2237 τοιούτου
1781 2208 1905 2246 στοίχου.

233 2302 277 2329 10.
292 2299 464 2335 Theophilus.
494 2300 600 2327 Subtili
630 2309 662 2328 ao
678 2301 798 2329 sublimi
825 2303 936 2330 ratione
961 2303 1011 2330 hae!

1113 2302 1138 2330 ι’.
1160 2301 1302 2340 Θεόφιλος.
1331 2300 1402 2329 Πάνυ
1432 2299 1492 2328 λίαν
1519 2300 1552 2327 τὰ
1578 2301 1692 2327 τοιαῦτα
1721 2298 1907 2335 μετεώρισας,

196 2344 367 2380 exposuisti,
386 2344 542 2372 Hierocles.
563 2344 666 2372 Vocem
694 2346 814 2381 quidem
839 2346 910 2383 ἱερὸν
942 2350 1023 2383 (san-

199 2389 291 2424 ctum)
309 2389 364 2416 Deo
379 2389 538 2416 attribuisti
556 2389 639 2425 eique
655 2390 708 2417 soli
725 2392 894 2419 concessisti
915 2394 943 2420 et
955 2401 1023 2428 pro-

199 2433 293 2470 priam
310 2440 373 2460 esse
388 2433 515 2467 voluisti,
528 2442 625 2461 vocem
638 2437 736 2462 autem
749 2434 943 2474 θεοφιλὲςωοο
955 2436 1023 2464 cha-

199 2477 278 2511 rum)
293 2477 372 2503 velut
387 2477 592 2510 ecnturiginem
605 2478 686 2506 illinc
702 2481 891 2514 proﬂuentem
908 2479 936 2508 in
951 2480 1024 2507 ami-

200 2530 249 2550 cos
265 2522 329 2556 ejus
341 2522 467 2549 deﬂuere
479 2521 587 2550 videris
602 2523 720 2550 dixisse.

236 2575 380 2602 Hierocles.
398 2577 441 2603 Ita
456 2578 510 2608 est,
535 2584 551 2602 ο
571 2575 742 2612 Theophila.
767 2577 858 2613 Igitur
887 2579 1024 2608 sacerdos

199 2620 248 2649 ille
263 2619 293 2647 in
309 2619 417 2647 saecula
430 2623 456 2648 et
473 2629 607 2648 summus
621 2622 758 2649 sacerdos
770 2622 902 2657 piissime
917 2623 1024 2659 glorifi-

199 2667 301 2694 catur:
333 2673 385 2692 vox
413 2667 509 2692 autem
540 2663 664 2703 Θεοφιλὶς
686 2674 764 2694 nunc
779 2666 896 2702 quidem
927 2669 1024 2697 nescio

200 2717 329 2746 quanam
345 2709 458 2736 ratione
473 2709 531 2736 Dco
547 2712 702 2745 competat.
720 2710 862 2739 Videntur
877 2712 954 2740 enim
981 2715 1024 2740 ta-

203 2754 242 2781 lia
254 2753 370 2790 proprio
386 2762 473 2781 sensu
490 2754 514 2780 ei
529 2755 659 2789 attribui,
678 2755 847 2784 hominibus
871 2759 968 2784 autem
998 2758 1023 2786 ei

203 2798 299 2826 charis
313 2797 344 2824 τὸ
351 2797 486 2836 θεοφιλὲς

1077 2344 1234 2383 Ἰερόκλεις.
1256 2346 1304 2373 Καὶ
1333 2346 1365 2373 τὸ
1393 2346 1440 2382 μὶν
1471 2345 1542 2382 ἱερὸν
1570 2343 1742 2381 παρέστησας
1772 2344 1814 2378 τῷ
1839 2343 1909 2376 Θεῷ,

1077 2391 1120 2418 καὶ
1151 2391 1212 2429 παρ’
1240 2391 1315 2426 αὐτῷ
1342 2390 1447 2429 ἀφῆκας
1476 2390 1576 2426 μινειν,
1608 2387 1654 2416 καὶ
1694 2386 1834 2424 ᾤκείωσας
1871 2385 1909 2416 είς

1079 2435 1234 2473 ἐγγύτητα’
1261 2436 1292 2462 τὸ
1322 2433 1351 2462 δὲ
1387 2433 1511 2473 θεοφιλὶς
1549 2432 1701 2470 ἀπόρῥοιαν
1737 2431 1847 2470 ἀφῆκας
1883 2429 1908 2464 ἐξ

1078 2479 1190 2516 ἑκείνου,
1219 2480 1307 2516 οἶμαι,
1337 2479 1374 2510 είς
1415 2478 1479 2510 τοὺς
1516 2477 1589 2514 αὐτῷ
1632 2475 1729 2516 φίλους
1759 2473 1906 2503 ἐπιστολά-

1079 2525 1179 2560 ξασθαι.

1114 2577 1264 2613 Ἱεροκλῆς.
1289 2576 1383 2608 Οὕτως
1404 2577 1473 2614 ἔχει,
1496 2587 1519 2604 ω
1544 2574 1669 2613 Θεόφιλε.
1695 2571 1798 2601 Οὖκοῦν
1819 2572 1908 2609 ἱερεὺς

1081 2622 1127 2660 μὶν
1158 2622 1257 2654 ἐκεῖνος
1288 2621 1326 2654 εἲς
1344 2622 1390 2649 τὸν
1421 2621 1515 2656 aliive,
1533 2620 1579 2648 καὶ
1608 2618 1753 2658 ἀρχιερεὺς
1784 2617 1814 2645 δὲ
1842 2627 1907 2654 σεμ-

1077 2667 1175 2694 νότατα
1212 2665 1373 2703 δοξάζεται⁶
1402 2665 1434 2693 τὸ
1465 2664 1493 2693 δὲ
1522 2663 1658 2704 θεοφιλὶς,
1688 2663 1739 2691 οὐκ
1777 2660 1837 2689 οἶδα
1865 2663 1905 2697 τῷ

1079 2711 1155 2748 τέως,
1180 2711 1261 2747 ὁποίᾳ
1299 2711 1383 2749 λόγου
1419 2709 1537 2738 διαθέσει
1579 2708 1716 2747 προσφυὲς
1763 2708 1803 2742 τῷ
1847 2708 1907 2742 Θιῷ

1079 2757 1163 2786 Ιίσται.
1194 2760 1272 2784 Δοκεῖ
1306 2757 1356 2795 γὰρ
1390 2757 1424 2784 τὰ
1457 2758 1569 2784 τοιαῦτα
1604 2756 1651 2791 μὲν
1685 2752 1793 2783 οῗκείως
1831 2751 1904 2786 αὐτῷ

1079 2801 1260 2840 ιπιλὲγεσθαι,
1291 2801 1444 2839 ἅνθρώποις
1474 2801 1503 2828 δὲ
1527 2799 1621 2840 φίλοις
1648 2798 1722 2834 αὐτῷ
1749 2797 1780 2825 τὸ
1810 2802 1900 2835 θεοφι-

1081 2846 1137 2878 λὲς.
