2002 3158
109 191 166 222 917

572 184 766 216 DIALOGUS
788 184 1038 215 THEOPHILUS
1059 183 1110 214 ET
1132 182 1362 214 HIERUCLES.

1755 176 1815 209 918

146 253 292 293 Θεόφιλος.
329 251 445 287 Μηκὲτι,
479 251 502 288 ᾧ
539 249 695 288 Ἱερόκλεις,
719 248 808 278 πλείω
845 251 937 277 πονεῖ-

1031 250 1202 286 Theophilus.
1218 248 1282 276 Noli
1304 247 1398 284 plura,
1415 256 1430 275 ο
1456 245 1613 278 Hierocles,
1638 245 1673 272 de
1701 243 1755 271 hac
1783 251 1814 271 re

113 301 171 328 σθαι
204 292 318 336 μελέτα,
346 295 417 332 Ἤδη
448 295 499 334 γὰρ
527 292 719 332 κατελαϐόμην
753 295 861 329 ἱκανῶς,
891 294 937 322 τὸν

112 345 195 383 ἱερὸν,
225 343 270 371 καὶ
298 340 337 370 ἔτι
363 341 449 370 πλέον
478 341 523 368 τὸν
556 341 714 378 ἱερώτατον,
744 339 837 377 εὐαγὲς
871 339 936 367 εἶναι

113 389 189 428 ῥῆμα
224 388 271 416 καὶ
303 384 451 423 σεϐάσμιον
484 385 527 413 καὶ
567 385 641 424 ἅγιον
675 384 719 412 καὶ
752 386 865 421 μονῆρες
899 383 938 415 εἷς

111 435 230 468 ἔννοιαν,
245 433 284 464 ὡς
299 433 338 469 μή
353 430 383 459 ἂν
401 431 506 459 ὑπεῖναί
531 441 558 458 τι
579 429 697 464 διπλόης
724 429 751 462 ἔς
778 440 808 466 γε
836 430 867 457 τὸ
898 429 935 465 μὴ

112 482 195 514 θεῖον,
211 479 257 507 καὶ
289 480 342 514 θεῷ
371 476 450 516 φίλον
479 473 569 513 ὕνομα
594 475 638 502 καὶ
669 475 735 503 αὐτὸ
765 475 843 511 εἶναι,
867 473 938 511 μηδὲ

113 526 166 562 μὴν
196 523 337 562 σχίζεσθαῐ
363 521 408 549 καὶ
434 520 474 552 εἲς
501 532 527 549 τι
553 518 644 558 ἕτερον
676 521 713 557 μὴ
733 522 868 547 τοιοῦτον.
889 520 936 548 Καὶ

109 569 204 601 καλῶς
229 579 261 607 γε
285 565 337 605 ἄρα
360 566 486 606 φιλοῦσιν
514 564 651 603 ἅνθρωποι
681 564 725 592 διὰ
750 567 832 592 ταῦτα
856 565 937 601 ἱερω-

109 615 264 652 νυμεῖσθαι.

147 662 190 688 ια’.
221 656 373 697 Ἱεροκλῆς.
403 655 503 692 Βλέπε,
534 655 556 682 ὦ
591 654 716 693 θεόφιλε,
743 655 792 689 τὴν
818 654 937 690 ἀνεξέτα-

109 716 171 734 στον
197 703 299 741 κρίσιν,
315 704 352 734 ὡς
378 701 410 729 οὐ
437 699 532 739 βέϐαια
559 697 703 728 ἐπιϐάλλει
732 699 935 738 ἀποφαίνεσθαι.

110 750 157 779 Διὸ
180 748 276 780 καλῶς
306 746 505 786 ἀποπέφανται,
521 745 558 776 ὡς
587 745 612 772 οἱ
637 747 731 782 ταχεῖς
748 746 856 782 φρονεῖν
886 744 938 771 οὐκ

110 794 241 834 ἀσφαλεῖς
265 790 469 820 ἀποϐαίνουσιν.
501 789 578 817 Οὕτω
605 791 670 828 γοῦν
693 790 737 817 καὶ
768 788 847 820 αὐτὸς
875 788 936 816 ἐπι-

110 840 186 879 σχών
217 849 252 876 με
278 839 328 866 τοῦ
353 837 505 875 περαιτέρω
533 833 654 870 λαλῆσαι
690 835 736 862 καὶ
770 835 935 871 σκεψάμενον

111 882 318 924 ἆκριϐώσασθαι
349 882 381 910 τὸ
423 880 612 919 προγείμενον,
641 879 686 908 καὶ
728 878 799 918 ταχὺ
835 880 936 914 νοήσας

112 922 204 964 αὐτὸς,
233 927 267 957 τὰ
297 929 343 965 μὲν
373 926 446 955 ἄλλα
473 925 565 956 καλῶς
594 922 789 960 ἔπιϐἐϐληκας³
805 924 832 953 ’ἐν
853 923 882 952 δέ
909 935 935 953 τι

112 977 162 1005 οῦκ
177 975 208 1004 ἃν
224 973 301 1013 ἔχοις
319 972 417 1010 εἷπεῖν,
431 973 468 1005 ὡς
492 972 632 1011 προσίεται
660 972 704 1000 καὶ
733 971 798 1000 αὐτὸ
826 973 844 1008 ἡ
869 972 934 1001 λεκ-

109 1022 173 1056 τικῆ
199 1021 328 1059 ὀρθότης.
344 1017 473 1056 ’Δσχιδὶς
498 1017 549 1057 γὰρ
564 1018 631 1045 εἶναι
659 1017 690 1045 τὸ
721 1017 803 1056 ἱερὸν,
824 1018 869 1045 καὶ
898 1018 935 1050 ὡς

110 1066 141 1094 σὺ
163 1065 229 1106 φῂς,
248 1068 366 1103 μονῆρες
390 1063 458 1092 κατὰ
479 1065 541 1091 νοῦν
561 1063 642 1099 θεῖον,
660 1062 714 1101 οὐχ
742 1062 933 1100 ὡμολόγηται,

109 1112 153 1140 καί
183 1121 244 1142 πως
263 1109 337 1147 τύχῃ
365 1109 430 1144 τινὶ,
446 1108 496 1136 οὐκ
518 1107 549 1135 ἃν
578 1106 695 1145 εἴποιμι,
712 1106 797 1144 αὶσίᾳ.
822 1109 879 1144 Τήν
906 1119 935 1136 τε

109 1157 198 1195 ἀρχὴν
227 1155 253 1191 ἐξ
280 1155 364 1190 αὐτῆς
391 1151 524 1192 βαλϐίδος
539 1152 623 1191 λόγου
638 1151 813 1188 ἀπεπλάνησὲ
831 1164 860 1181 σε
884 1157 935 1189 τῆς

110 1202 195 1240 ὀρθῆς
216 1202 234 1235 ἡ
261 1198 409 1236 ὁμωνυμία
432 1197 533 1235 ἐκείνη,
557 1201 608 1233 τῆς
638 1198 663 1225 ἐν
692 1197 766 1236 λόγῳ
791 1199 934 1235 συνθήκης·

108 1246 153 1275 καὶ
168 1247 217 1273 νῦν
233 1244 262 1273 δὲ
276 1244 314 1276 εἷς
327 1244 377 1279 τὴν
393 1245 442 1272 τοῦ
456 1244 531 1282 ἱεροῦ
547 1242 682 1280 σημασίαν
706 1242 796 1280 ὁμοίῳ
824 1242 856 1279 δή
881 1255 935 1272 τινι

109 1291 186 1330 λόγῳ
200 1289 384 1328 προσέκοψας.

146 1342 292 1383 Θεόφιλος.
303 1344 366 1374 Πῶς
377 1353 454 1377 ποτε,
471 1343 494 1370 ὦ
508 1341 653 1379 Ἱερόκλεις
666 1352 673 1378 ς

146 1389 298 1428 Ἱεροκλῆς.
328 1389 389 1417 Ὅτι
418 1387 464 1415 καὶ
498 1387 529 1415 τὸ
562 1386 634 1424 ἱερὸν
671 1386 728 1415 οὐδ’
752 1388 817 1416 αὐτὸ
845 1399 936 1416 στενο-

116 1436 249 1472 χωρεῖται
279 1433 318 1464 εἷς
344 1435 409 1461 νοῦν
439 1431 494 1469 ἕνα,
519 1431 682 1460 πλατύνεται
707 1431 746 1469 δὲ,
771 1432 821 1460 ὅσα
842 1433 887 1461 καί
910 1444 936 1461 τι

113 1478 271 1517 ῥευμάτιον,
289 1477 327 1510 είς
340 1476 490 1515 ἀναλόγους
504 1476 622 1513 κλῶνας,
639 1477 677 1508 ὡς
693 1477 719 1504 οἱ
742 1476 937 1514 όνοματοθέται

114 1526 242 1561 κυροῦσιν
248 1544 255 1552 .

149 1568 196 1605 ιβ’.
214 1567 359 1607 Θεόφιλος.
377 1567 483 1596 Οὐκοῦν
513 1564 619 1601 ἐπειδὴ,
635 1576 657 1594 ω
686 1565 842 1602 διδάσκαλε,
866 1566 937 1595 οὕτω

109 1614 246 1661 τεχνικῶς
277 1611 438 1661 διοπτεύεις,
457 1611 575 1661 ιίφὶιοῖς
604 1610 666 1647 ἐμοὶ
702 1612 753 1639 οὐκ
783 1609 854 1640 ἔστιν
884 1612 935 1647 ἐξι-
953 1627 975 1661 C

108 1658 231 1686 δινεῖσθαι
256 1657 305 1691 τὴν
329 1657 434 1694 ὅρασιν,
457 1653 549 1684 λαϐὼν
575 1656 739 1694 χειραγώγει
766 1668 799 1693 με
821 1658 865 1685 καὶ
893 1656 937 1685 διὰ

109 1705 160 1738 τῆς
176 1701 308 1736 τοιαύτης
322 1699 397 1730 ὁδοῦ.

143 1745 448 1785 Ἱεροκλῆς,Με-ιρήσω
476 1755 530 1780 σοι,
556 1744 578 1772 ὦ
608 1744 699 1783 φίλος,
729 1746 766 1778 ὡς
792 1746 818 1774 ἐν
848 1758 938 1775 συναι-

109 1793 193 1830 ρὲσει,
207 1791 234 1822 ἐς
251 1791 300 1818 ὅσα
316 1791 348 1819 τὸ
361 1790 433 1829 ἱερὸν
450 1790 563 1825 ἐκνεύει,
579 1791 623 1818 καὶ
641 1790 715 1823 ὅσοις
729 1790 936 1827 ἐπαναπαύεται,

109 1837 146 1868 ὡς
162 1836 236 1864 οὕτω
251 1836 342 1875 φάναι.
358 1835 560 1872 καταλόμασιν.

144 1880 291 1920 Θεόφιλος.
322 1881 389 1918 Λὲγε
419 1879 453 1914 δὴ
486 1880 604 1912 σπεύσας
631 1880 730 1908 ἐκεῖνα·
748 1882 779 1909 οὐ
808 1882 859 1922 γάρ
892 1894 938 1920 μοι

111 1925 217 1965 σχολὴ,
235 1926 272 1953 ὠς
289 1925 451 1963 ἐνευκαιρεῖν
467 1924 512 1953 καὶ
529 1924 608 1953 είσὲτι
625 1925 693 1963 ἀκοῇ
714 1926 830 1955 πλείονι.

144 2014 296 2051 Ἱεροκλῆς.
328 2013 417 2048 ⁷Αλλ’,
445 2012 467 2041 ὦ
492 2013 586 2051 ἀγαθὶ,
620 2015 656 2051 μή
687 2025 721 2051 με
750 2015 838 2053 πνίγε,
867 2016 940 2044 ἀλλὰ

109 2059 184 2098 ἄφες,
217 2059 305 2096 ἀνιτῳ
343 2058 477 2095 πνεύματι
518 2057 646 2095 διίξεσθαι
674 2060 704 2086 τὸ
731 2060 799 2087 κατὰ
826 2060 937 2089 σκοπόν.

110 2104 141 2133 Ei
158 2103 189 2132 δὲ
202 2103 274 2132 πάνυ
291 2102 415 2136 ἀνθέλκει
430 2114 459 2131 σε
473 2103 645 2141 πραγματεία
665 2114 706 2135 τις
729 2101 815 2141 ἑτέρα,
832 2115 936 2143 ’χαιρων

110 2149 265 2187 ἀπότρεχε.

145 2200 293 2242 Θεόφιλος.
325 2201 382 2231 Οὐκ
410 2200 625 2239 ἆποδραμοῦμαι
662 2201 733 2230 οὕτω
766 2203 848 2241 ταχὺ,
876 2203 939 2232 ἀλλ’

110 2248 239 2284 ἀναμενῶ
255 2245 280 2283 ἒξ
297 2247 426 2285 ἀνάγκης,
439 2245 484 2274 ’ίνα
501 2246 539 2283 μὴ
555 2246 605 2280 τήν
620 2245 672 2279 ἕως
700 2246 759 2284 ἄρτι
790 2247 860 2285 ὥραν
878 2248 936 2284 εἶκῆ

110 2291 268 2327 δαπανήσας
287 2291 496 2328 μεταμέλωμαι.

147 2348 190 2384 ιγ’.
206 2343 359 2383 Ἱεροκλῆς.
377 2345 478 2373 ’Δκουε
493 2343 526 2380 δὴ
542 2344 615 2382 παρᾶ
628 2347 676 2372 τοῦ
692 2346 776 2384 ἱεροῦ,
793 2345 835 2374 ὅτι
864 2347 938 2382 πλη-

108 2390 218 2418 θύνεται
246 2391 286 2426 τῷ
314 2392 364 2424 τῆς
393 2389 556 2427 ὁμωνυμίας
595 2389 680 2428 λόγῳ,
710 2391 754 2418 καὶ
796 2392 845 2426 τὴν
882 2393 940 2420 κατ’

110 2435 179 2463 αὐτὸ
210 2434 275 2471 μίαν
303 2434 424 2472 κεφαλὴν
453 2435 503 2469 τὴν
537 2432 623 2465 ὅντως
644 2435 805 2474 παραφαίνει
833 2437 877 2464 καὶ
903 2437 939 2469 sic

109 2478 245 2518 ἑτεροίας,
276 2479 497 2519 προσπεφυκυίας
528 2479 587 2516 μὲν,
616 2481 840 2519 παραυγαζούσας
863 2480 892 2509 δὲ
914 2493 941 2510 τι

110 2521 208 2555 ἄλλως
223 2524 268 2552 καὶ
284 2522 364 2552 ἴδιον.

148 2568 295 2608 θεόφιλος.
326 2569 392 2607 Λέγε
421 2567 600 2607 διευκρινωνο
631 2569 683 2608 ἐγὼ
719 2570 770 2608 γὰρ
799 2570 852 2607 ἤδη
882 2583 939 2609 συγι

109 2615 233 2652 κέχυμαι
250 2613 295 2641 τὸν
311 2616 382 2650 νοῦν,
400 2615 442 2645 οἷς
457 2613 625 2652 παραδίδως.

144 2658 300 2695 Ἱεροκλῆς.
339 2659 473 2695 Ἀκούεις,
508 2659 530 2686 ὦ
568 2659 693 2699 Θεόφιλε,
723 2660 794 2697 ἱερὸν
834 2660 939 2695 ὀστοῦν,

110 2704 127 2732 8
144 2703 267 2741 μάλιστα
283 2702 502 2741 σπουδαζόμενον
514 2704 548 2739 ἦν
564 2704 591 2732 ἐν
605 2706 663 2736 τοῖς
679 2704 832 2742 θυομένοις-

148 2756 295 2795 Θεόφιλος.
312 2757 375 2793 Ναί,
396 2756 552 2796 περιᾴδεται
568 2759 629 2796 γάρ.

149 2809 302 2848 Ἱεροκλῆς.
317 2811 348 2839 Τί
373 2810 402 2839 δέ
423 2811 492 2840 ἐστιν
509 2811 591 2848 αὐτό,
609 2813 682 2848 Μήτι
709 2811 775 2840 κατᾶ
798 2812 843 2840 τὸν
870 2812 942 2850 ἱερὸν

113 2856 260 2894 ἄνθρωπον
271 2864 279 2893 ε

993 296 1144 324 disserere.
1156 297 1221 322 Jem
1238 293 1315 322 enim
1332 292 1403 319 satis
1419 291 1652 328 percepi,vocem
1668 289 1767 322 sancti,
1785 290 1814 316 et

993 339 1168 373 sanctissimi,
1179 347 1243 366 esse
1258 336 1432 365 vocabulum
1457 337 1616 371 augustum
1632 335 1659 361 et
1672 341 1812 361 veneran-

992 386 1061 412 dum
1078 387 1106 412 et
1119 391 1235 411 sacrum
1252 385 1279 411 et
1295 382 1414 410 unicum
1435 381 1530 416 quoad
1547 387 1677 412 sensum,
1708 378 1748 404 ita
1782 378 1813 405 ut

993 429 1100 465 ambigi
1119 431 1254 464 nequeat,
1271 426 1404 455 eamdem
1419 433 1519 454 vocem
1545 423 1632 451 etiam
1650 424 1684 450 de
1715 424 1769 450 Deo
1786 423 1814 450 et

992 474 1049 502 Deo
1070 473 1166 501 charis
1195 472 1264 506 dici,
1293 479 1387 506 neque
1415 470 1445 497 in
1468 469 1558 497 alium
1584 475 1714 500 unquam
1744 466 1813 493 ﬁndi

992 527 1124 546 sensum.
1141 519 1295 552 Propterea
1309 515 1445 542 homines
1467 522 1484 541 a
1513 513 1615 541 sancto
1632 510 1813 539 denominari

992 563 1221 600 (ἱερωνυμεῖσθαι)
1232 562 1365 598 cupiunt.

1028 655 1070 682 11.
1085 653 1231 682 Hierocles.
1242 652 1325 685 Vide,
1342 659 1358 678 ο
1371 648 1541 685 Theophila,
1552 647 1812 683 imperscrutatum

987 699 1145 735 judicium,
1162 698 1342 734 quantopere
1360 694 1496 722 ﬁrmitate
1522 694 1628 720 careat.
1646 692 1740 724 Quare
1763 698 1812 718 eos

991 745 1041 781 qui
1058 744 1165 772 celeres
1181 745 1249 771 sunt
1265 742 1299 770 ad
1311 738 1599 778 judicandum,haud
1616 737 1698 764 ﬁrmo
1710 745 1810 773 gressu

991 792 1124 820 incedere
1139 792 1227 827 patet.
1243 789 1288 817 Sic
1312 790 1343 816 tu
1365 794 1493 824 quoque,
1517 792 1584 812 cum
1615 792 1662 811 me
1690 782 1811 810 ulterius

990 845 1125 874 perorare
1140 837 1167 864 et
1179 833 1353 872 profundius
1383 839 1444 860 rem
1474 828 1651 867 perscrutari
1680 827 1812 862 noluisti,

991 872 1076 912 celeri
1088 880 1200 918 judicio
1214 887 1296 913 usus,
1314 877 1427 913 reliqua
1442 875 1561 912 quidem
1583 873 1692 910 optime
1708 872 1812 908 adjeci-

992 928 1040 962 sti,
1058 935 1148 955 unum
1165 927 1262 954 autem
1278 923 1326 951 vix
1343 923 1438 950 dicere
1453 919 1572 957 poteris,
1602 918 1749 955 quomodo
1765 925 1812 945 vo-

992 972 1088 1001 cabuli
1103 970 1278 1008 signiﬁcatio
1293 969 1439 998 admittat.
1463 967 1602 994 Sanctum
1618 963 1712 1001 (ἱερὸν)
1732 962 1810 990 enim

990 1026 1047 1046 non
1064 1016 1136 1045 ﬁndi
1151 1024 1236 1052 posse
1251 1016 1289 1049 et,
1306 1014 1348 1042 uti
1364 1012 1448 1046 dicis,
1465 1011 1586 1038 unicum
1601 1016 1665 1036 esse
1681 1008 1717 1036 ad
1743 1015 1808 1035 sen-

990 1070 1055 1090 sum
1072 1061 1273 1095 divinum,non
1287 1058 1364 1086 inter
1378 1063 1480 1084 omnes
1495 1055 1609 1082 constat
1621 1062 1627 1087 ;
1638 1061 1689 1080 cur
1699 1052 1808 1086 autem,

989 1107 1068 1136 haud
1080 1106 1163 1134 facile
1177 1104 1310 1133 dixerim.
1329 1101 1463 1130 Abinitio
1479 1099 1569 1133 enim,
1590 1106 1657 1126 cum
1674 1096 1808 1132 cmpisse-

991 1160 1057 1180 mus
1072 1148 1248 1184 conversari,
1265 1146 1365 1176 fefellit
1380 1148 1408 1174 te
1418 1143 1607 1180 homonymia
1620 1142 1670 1170 illa
1684 1141 1714 1168 in
1731 1149 1811 1168 eom-

991 1196 1096 1233 posito,
1113 1196 1142 1223 et
1158 1183 1350 1229 nunorquoad
1379 1189 1576 1226 acceptionem
1606 1187 1698 1215 sancti
1716 1183 1811 1223 (ἱερὸν)

991 1240 1127 1270 similiter
1142 1238 1257 1268 errasti.

1028 1339 1200 1375 Theophilus.
1217 1339 1349 1370 Quanam
1363 1334 1484 1367 ratione,
1496 1341 1512 1361 o
1529 1330 1695 1360 Hierocles?

1028 1373 1180 1412 Hierocles.
1197 1382 1270 1415 Quia
1292 1380 1379 1408 etiam
1406 1387 1461 1407 vox
1488 1377 1577 1405 sancti
1604 1376 1668 1413 ipsa
1692 1382 1749 1402 non
1774 1373 1816 1401 ita

992 1430 1157 1458 coarctatur
1174 1427 1202 1454 in
1218 1433 1308 1454 unam
1324 1422 1581 1459 signiﬁcationem,
1597 1421 1648 1449 sed
1665 1418 1752 1447 rivuli
1771 1417 1816 1449 iu-

992 1479 1053 1504 star
1067 1475 1096 1502 in
1113 1474 1210 1510 plures
1227 1480 1325 1500 ramos
1350 1470 1531 1504 extenditur,
1560 1467 1602 1495 uti
1629 1464 1815 1503 grammatici

991 1521 1088 1548 dicere
1103 1518 1207 1547 solent.

1029 1565 1071 1592 12.
1090 1562 1262 1598 Theophilus.
1281 1562 1353 1587 Cum
1377 1558 1477 1594 igitur,
1508 1565 1525 1584 o
1553 1556 1724 1592 praeceptor,
1739 1555 1814 1598 itam

993 1611 1067 1638 bene
1078 1597 1239 1644 perspicias
1258 1614 1292 1633 ea
1307 1604 1416 1640 quibus
1440 1600 1652 1638 perspiciendis
1681 1597 1814 1634 equidem

993 1658 1090 1693 impar
1101 1665 1179 1689 sum,
1191 1654 1335 1691 prehensa
1346 1660 1433 1680 manu
1450 1659 1516 1679 mea
1530 1650 1606 1678 viam
1631 1647 1755 1676 ulterius
1769 1647 1814 1675 in-

992 1703 1118 1732 eundam
1136 1700 1207 1728 mihi
1222 1698 1353 1727 ostende.

1029 1747 1173 1775 Hierocles.
1200 1743 1327 1772 Breviter
1348 1741 1419 1781 tibi,
1445 1749 1461 1769 ο
1505 1739 1608 1773 amice,
1634 1737 1814 1772 monstrabo,

993 1795 1136 1828 quatenus
1153 1799 1205 1818 vox
1224 1789 1311 1817 sancti
1326 1786 1367 1823 (τό
1391 1785 1475 1823 ἱερὸν)
1503 1784 1593 1812 voluti
1621 1781 1813 1818 exspatiatur,

994 1827 1022 1866 et
1036 1837 1144 1873 quibus
1159 1832 1339 1865 diversoriis,
1354 1833 1387 1859 ut
1399 1831 1440 1858 ita
1450 1830 1556 1861 dicam,
1573 1827 1743 1864 requiescit.

1030 1881 1199 1917 Theophilus.
1230 1877 1346 1913 Explica
1370 1876 1429 1903 haec
1459 1874 1546 1910 paulo
1574 1872 1660 1901 citius
1683 1881 1689 1905 ;
1719 1879 1815 1907 neque

993 1928 1072 1956 enim
1089 1915 1207 1960 tempus
1223 1923 1294 1951 mihi
1323 1921 1432 1950 sufﬁcit
1461 1922 1493 1948 ut
1518 1917 1665 1955 prolixiori
1690 1915 1815 1945 orationi

993 1973 1136 2000 interesse
1151 1968 1273 2006 possim.

1029 2016 1174 2044 Hierocles.
1191 2012 1267 2045 Noli,
1288 2021 1304 2039 ο
1334 2010 1526 2042 amicissime,
1555 2016 1601 2035 me
1626 2015 1738 2042 urgere,
1764 2006 1815 2034 sed

993 2061 1129 2097 permitte
1143 2062 1176 2086 ut
1190 2056 1349 2092 tranquillo
1363 2055 1461 2082 animo
1486 2062 1549 2088 qua:
1566 2051 1730 2079 necessaria
1745 2052 1816 2077 sunt

993 2113 1146 2140 exponam.
1163 2103 1191 2130 Si
1205 2110 1271 2129 vero
1296 2100 1375 2128 aliud
1406 2098 1555 2133 negotium
1582 2099 1611 2124 te
1630 2097 1740 2128 avocat,
1758 2102 1816 2122 non

993 2152 1037 2178 est
1051 2148 1127 2183 quod
1140 2150 1167 2174 te
1181 2146 1333 2173 retineam.

1029 2202 1200 2237 Theophilus.
1216 2199 1298 2227 Haud
1328 2197 1475 2225 discedam
1492 2198 1551 2223 tam
1582 2193 1701 2228 cilo,sed
1718 2200 1816 2220 neces-

993 2248 1079 2276 sitate
1094 2244 1267 2281 compulsus
1280 2241 1447 2274 romanebo,
1465 2248 1500 2268 ne
1508 2238 1650 2275 temporis
1665 2237 1818 2273 hucusque

995 2292 1103 2319 frustra
1113 2288 1278 2324 consumpti
1294 2295 1339 2315 me
1350 2286 1496 2322 paeniteat.

1033 2345 1074 2372 13.
1092 2343 1241 2371 Hierocles.
1259 2340 1333 2368 Audi
1348 2340 1437 2375 igitur
1465 2338 1501 2366 de
1521 2344 1589 2366 voce
1608 2335 1697 2364 sancti
1720 2334 1816 2372 (ἱεροῦ)

995 2389 1071 2426 quod
1085 2383 1518 2423 multipliceturbomonymice,
1535 2384 1563 2409 et
1578 2379 1750 2418 primarium
1767 2388 1817 2408 ca-

996 2437 1047 2471 put
1063 2434 1090 2461 in
1107 2433 1187 2461 varia
1201 2431 1339 2464 extendit,
1356 2429 1465 2456 similia
1479 2427 1610 2463 quidem,
1627 2426 1677 2454 sed
1699 2427 1817 2454 ceatero-

996 2479 1066 2515 quin
1081 2478 1168 2506 etiam
1184 2476 1335 2513 proprium
1352 2474 1421 2510 quid
1435 2471 1605 2500 indicantia.

1032 2570 1202 2605 Theophilus.
1223 2566 1382 2596 Dilucidius
1402 2565 1520 2600 loquere
1535 2572 1541 2597 ;
1556 2564 1618 2599 jam
1647 2563 1725 2591 enim
1755 2570 1818 2598 que

996 2616 1080 2648 diois,
1097 2616 1226 2642 animum
1245 2621 1343 2640 meum
1357 2610 1553 2638 confundunt.

1031 2660 1176 2688 Hierocles.
1207 2658 1278 2690 Scis,
1316 2665 1332 2684 ο
1361 2653 1530 2690 Theophile,
1561 2653 1616 2681 diei
1647 2661 1676 2680 os
1709 2658 1819 2679 sacrum

996 2705 1073 2741 quod
1090 2704 1118 2731 in
1137 2702 1289 2731 sacrificiis
1305 2699 1403 2736 magni
1422 2699 1534 2727 ﬁebat?

1032 2758 1205 2794 Theophilus.
1222 2755 1286 2784 Scio
1299 2754 1410 2790 utique,
1426 2752 1615 2780 notissimum
1630 2750 1707 2778 enim
1722 2750 1775 2777 est.

1032 2812 1181 2840 Hierocles.
1198 2810 1271 2844 Quid
1288 2810 1385 2837 autem
1401 2809 1446 2835 est
1460 2806 1555 2834 illud?
1568 2805 1643 2833 Num
1659 2804 1760 2832 eodem
1776 2803 1819 2832 di-

998 2857 1077 2887 eitur
1091 2865 1179 2886 sensu
1195 2863 1253 2891 quo
1267 2855 1378 2883 sanctus
1392 2853 1471 2881 homo
1483 2850 1495 2879 ἲ
