2018 3158
148 195 204 225 921

613 195 805 226 ΒιΑιιοουέ
829 194 1046 225 HiEROGLES
1068 194 1117 224 ΕΤ
1139 192 1398 225 THEOPHILUS.

1785 189 1844 220 922

150 260 232 292 οὗτὸς
259 262 294 297 τῇ
308 263 404 299 κυνικῇ
421 261 557 299 ἐπιστήμῃ
582 261 646 291 τοὺς
674 262 721 298 μὲν
750 263 803 289 τῶν
818 260 967 298 ἀνθρώπιον

1029 260 1148 288 scientia
1163 260 1263 296 cynica
1274 260 1453 294 demulceus,
1473 260 1538 288 aliis
1566 259 1706 292 irascens,
1737 267 1841 287 canum

151 305 248 333 σαίνων
274 305 404 342 εὐμενῶς,
426 309 485 338 τοῖς
510 305 539 334 δὲ
563 305 757 343 δυσμεναίνων,
783 306 833 333 ὅσα
855 306 900 333 καὶ
921 305 971 334 κύ-

151 361 222 384 νεος,
252 350 290 382 είς
314 350 397 378 πλέον
422 352 555 386 ᾤκείωται
580 353 614 388 τῇ
638 353 686 379 τοῦ
713 351 792 382 κυνὸς
810 351 907 387 κλήσει
941 351 971 379 Ὀ

154 395 201 431 μὲν
225 395 276 432 γὰρ
307 395 441 433 μετέωρος
474 395 574 427 ἐκεῖνος
598 395 624 427 ἐς
651 396 731 424 τόσον
754 397 896 435 ἀφίσταται
924 397 971 422 τοῦ

151 439 219 466 κατά
247 440 345 477 χέρσον
376 440 409 467 τὰ
432 440 470 471 εἰς
494 441 543 475 τήν
574 439 638 479 ἄγαν
669 441 821 477 ὁμοιότητα
848 440 887 471 εἷς
910 440 970 468 ὅσον

153 483 265 521 οὐρανός
294 483 347 511 ἐστ’
376 485 429 512 ἀπὸ
451 485 542 523 γαίης·
571 485 585 512 ὁ
614 483 643 513 δὲ
671 484 778 517 ἐνάλιος
808 485 865 513 οὐδ’
890 486 971 516 αὐτὸς

152 527 364 566 παρῥησιάζεται
377 529 446 557 πάνυ
460 530 508 564 τὴν
526 529 671 568 ἐγγύτητα.
695 531 730 558 ’Ὀ
745 540 776 567 γε
793 531 845 567 μὴν
863 529 974 563 φιλόσο-

153 583 202 611 φος
217 573 377 611 παρίσταταί
391 585 448 605 πως
460 577 499 611 τῷ
514 575 687 612 πρωτοτύπῳ
702 575 772 610 κυνὶ,
787 575 832 603 καὶ
847 574 974 614 νοσφίζε-

152 627 196 644 ται
210 628 236 644 τι
252 617 335 645 πλέον
352 617 509 656 ἱγγύτητος.

189 662 229 696 ιζ’.
255 662 405 699 Ἱεροκλῆς.
442 664 479 690 Εὖ
501 663 532 701 γέ
561 674 603 691 σοι
625 664 669 692 καὶ
696 667 798 699 ταῦτα,
829 665 873 692 καὶ
903 664 972 692 ἰτέον

153 706 236 742 ὁμοίᾳ
259 705 348 744 ἐφόδῳ
362 707 407 733 καὶ
436 707 479 735 ἐπὶ
495 708 540 735 τὸν
570 708 641 746 ἱερὸν
672 707 765 746 ἄνδρα,
795 707 877 746 οὗπερ
891 708 973 746 ἐξώρ-

154 760 237 787 μηται
267 751 281 778 6
306 751 452 789 ἱερώτατος
479 753 524 780 καὶ
554 753 568 780 ὁ
608 753 747 780 ἐπιτείνων
778 753 856 780 αὐτόν
884 763 974 780 πανιε-

154 794 286 832 ρώτατος,
331 796 375 823 καὶ
414 795 622 833 διασκοπητέον,
660 797 725 833 ὅσα,
758 798 828 825 καθὰ
867 797 974 836 ἒρῥέθη,

153 840 391 878 περιστοιχίσαντα
418 843 533 876 τοῦτον,
558 843 590 870 τὸ
622 843 669 879 μὶν
698 843 756 870 κατ⁷
789 842 868 870 αὐτὸν
893 843 975 870 οἱονεὶ

154 886 234 920 σῶμα
249 883 370 921 τοῦνομα
396 885 575 924 κληροῦνται,
599 890 650 922 τῆς
683 886 711 915 δὲ
739 888 807 915 κατᾶ
823 887 906 924 λόγον
922 889 971 924 ψυ-

155 929 210 965 χῆς
224 928 255 956 οὐ
278 930 463 958 καθικνοῦνται
486 930 524 962 εἰς
547 931 578 958 τὸ
593 933 654 965 πᾶν,
685 930 748 959 ἀλλ’
763 931 802 963 εἷς
817 931 880 959 ὅσον
906 932 974 968 ἀμυ-

156 971 220 1010 δρὰν
258 974 434 1012 παραφαίνειν
473 973 597 1014 ἔμφασιν.
636 976 686 1003 Καὶ
721 975 801 1014 τείχη
841 976 887 1012 μὶν
917 977 975 1014 ἱερὰ

157 1017 243 1053 λέγειν
269 1017 375 1049 οἰκείως
404 1017 461 1056 ἔχει
488 1019 556 1057 πρὸς
582 1021 614 1047 τὸ
640 1023 748 1057 πρῶτον
773 1019 861 1048 διὰτὸ
877 1032 975 1049 σωστι-

155 1061 203 1088 κὸν
241 1063 293 1089 τῶν
329 1061 504 1091 ἐνοικούντων
538 1063 582 1090 καὶ
623 1064 806 1101 φυλακτικὸν,
845 1066 916 1093 θεῖον
946 1066 974 1093 ’ὸν

156 1109 255 1143 χρῆμα
287 1106 332 1134 καὶ
370 1107 447 1141 αὐτὸ,
466 1108 559 1140 καθότι
584 1109 628 1136 καὶ
655 1111 712 1140 τοῖς
738 1110 822 1147 ἱεροῖς
847 1113 922 1142 ναοῖς
945 1111 975 1138 τὸ

154 1153 277 1178 τοιοῦτον
307 1150 407 1179 ἄσυλον
439 1151 648 1189 ἀπονενὲμηται·
683 1153 728 1181 καὶ
749 1154 780 1181 τὸ
803 1157 854 1189 τῆς
877 1158 976 1191 Περιη-

154 1195 260 1232 γήσεως
287 1194 315 1223 δὲ
340 1196 412 1233 ἱερὸν
440 1197 484 1224 καὶ
519 1198 536 1231 ἡ
561 1197 621 1232 ἱερὰ
644 1198 701 1225 κατ’
727 1198 809 1233 αὐτὴν
838 1197 905 1237 ἄκροι
931 1200 976 1226 καί

153 1239 180 1266 αἱ
209 1239 373 1276 ’[εραπόλεις
397 1241 442 1267 καὶ
469 1240 558 1268 τᾶλλα
585 1242 713 1277 τοιαύτης
730 1242 833 1273 ἐννοίας
853 1241 975 1280 ἔχονται.

153 1284 264 1312 Ὀστοῦν
301 1283 330 1312 δὲ
364 1285 435 1322 ἱερὸν
462 1284 537 1313 οὐδὲν
566 1297 592 1312 τι
621 1287 745 1314 τοιοῦτον
774 1286 832 1324 ἔχει
861 1297 976 1326 περιφα-

153 1330 217 1358 νῶς·
249 1328 352 1356 ἀλλὀἱ
371 1330 418 1365 μὲν
442 1331 536 1366 θυτικῇ
561 1329 650 1365 ἐννοίᾳ
672 1329 874 1368 αἰτιολογοῦσιν
899 1331 974 1367 αὐτὸ,

153 1370 240 1409 ἕτεροι
273 1371 302 1400 δὲ
327 1372 371 1400 διὰ
403 1374 434 1401 τὸ
465 1373 609 1411 μεγαλεῖον
634 1377 684 1408 τῆς
710 1376 865 1407 ὸστεώσιως
888 1374 976 1413 ὄνομα

155 1419 230 1454 σχεῖν
258 1417 329 1445 οὕτω
355 1418 450 1454 σεμνὸν
492 1417 630 1454 ὃεξάζουσι
647 1441 655 1454 ,
676 1420 744 1452 καθὰ
767 1420 811 1448 καὶ
833 1421 878 1448 τὸν
903 1421 974 1458 ἱερὸν

156 1461 246 1499 ἰχθύν·
283 1462 321 1494 εἲς
356 1462 421 1500 ὅπερ
459 1463 561 1496 ἑννοίας
597 1462 697 1501 ἔδαψας
729 1463 783 1500 ἤδη
810 1466 854 1493 καῖ
883 1465 974 1497 αὐτός.

155 1507 234 1544 Ὄφις
260 1505 288 1533 δὲ
317 1508 330 1534 6
359 1508 431 1545 ἱερὸς
466 1507 596 1546 εὐφήμως
632 1509 820 1547 ἀντιφράζεται
853 1511 926 1548 παρά
946 1521 976 1548 γε

153 1555 213 1583 τοῖς
240 1552 421 1590 βουλομένοις
445 1553 583 1586 ἐκθύεσθαι
605 1555 655 1588 τὴν
679 1554 724 1582 ἀπ’
748 1554 830 1582 αὐτοῦ
857 1554 974 1593 βλάϐην⁸

155 1597 226 1625 οὓτω
258 1596 286 1625 δὲ
321 1598 365 1625 καὶ
403 1596 482 1630 νὸσος
506 1600 523 1633 ἡ
554 1598 613 1636 ἱερᾶ
637 1599 856 1637 σεμνολογεῖται,
887 1601 924 1631 ὡς
952 1601 975 1628 εἰ

153 1642 197 1669 καὶ
214 1643 305 1679 θηρίον
333 1642 414 1680 βορὸν
431 1644 581 1680 καταῲᾶται
595 1643 641 1670 καὶ
661 1643 841 1678 ποππύζεται,
870 1644 897 1672 εἷ’
916 1656 974 1677 πως

156 1687 193 1722 μὴ
209 1686 370 1724 ἐμπηδῆσαν
387 1687 477 1725 ἐμφοῇ
498 1687 541 1714 καὶ
571 1686 663 1726 βλάψῃ
679 1689 712 1715 τὰ
727 1688 860 1727 χείριστα.
879 1690 975 1728 Ἕχοις

153 1731 210 1765 οὖν,
238 1730 363 1771 Θεόφιλε,
394 1731 547 1769 κατάληψιν
578 1731 685 1767 ἐντελῆ,
711 1733 725 1760 ὃ
748 1734 855 1761 τίποτά
873 1733 943 1762 ἐστιν
960 1736 974 1761 ὁ

152 1776 225 1814 ἱερὸς
240 1776 308 1813 ἀνὴρ
324 1777 370 1804 καὶ
385 1777 399 1804 ὁ
414 1777 472 1804 κατ’
488 1777 566 1804 αὐτὸν
583 1777 743 1815 ίερώτατος;
758 1779 790 1807 *Η
806 1777 973 1816 προσεπιϐα-

152 1821 252 1857 λοῦμεν
269 1821 314 1849 καὶ
329 1821 430 1859 ἑτέροις
445 1822 578 1858 νοήμασιν
594 1832 600 1857 ;

189 1875 234 1909 ιη’.
249 1875 388 1913 Θεόφιλος.
407 1873 603 1911 Κατελαϐόμην
623 1876 661 1906 εἰς
676 1874 824 1914 ἆκριϐειαν,
841 1877 885 1904 καὶ
901 1878 974 1916 φιλῶ

151 1921 215 1952 τοὺς
229 1920 381 1955 τοιούτους,
404 1921 448 1948 καὶ
475 1921 639 1958 ὑπερτίθημι
654 1924 708 1949 τῶν
724 1932 752 1949 τε
767 1921 903 1959 θεοφίλων
929 1923 974 1950 καὶ

151 1967 204 1992 τῶν
221 1964 414 2003 θεοφιλτάτων.

190 2017 337 2056 Ιεροκλῆς.
377 2017 447 2046 Οὐδὲ
483 2018 565 2046 πάλιν
602 2019 687 2055 κρίνω
723 2016 907 2056 ἠκριϐωκέναι
945 2031 973 2048 σε

149 2064 198 2098 τήν
216 2063 322 2102 φραὶσιν⁷
347 2063 369 2090 ὦ
392 2062 517 2100 Θεόφιλε.
540 2065 639 2100 Πρῶτα
659 2064 706 2100 μὶν
729 2064 780 2101 γὰρ
809 2062 862 2091 ἔδει
888 2075 971 2102 προσ-

151 2110 235 2139 θεῖναι
262 2108 341 2145 ἰερῶν
370 2107 485 2145 ἀνδρῶν,
506 2107 550 2135 καὶ
573 2107 704 2135 τοιούτων
744 2106 772 2135 δὲ
806 2109 970 2146 ἱερωτάτων,

151 2151 192 2179 ἵνα
209 2152 247 2188 μὴ
269 2152 412 2189 συμπήσῃς
434 2151 479 2179 καὶ
507 2151 678 2189 ὁμωνυμίαις
699 2151 884 2191 ὲτεροφύλοις·
914 2154 971 2181 εἶτα

148 2196 232 2235 ἐχρῆν
257 2196 490 2234 πθοσλογίσασθαί
511 2207 540 2223 σε
572 2196 614 2224 καῖ
650 2197 692 2224 ὁτι
718 2197 732 2224 ὁ
758 2196 890 2236 θεοφιλὴς
921 2198 970 2226 οὐκ

148 2241 177 2269 ἃν
205 2240 304 2277 ἀπᾴδοι
328 2244 377 2269 τοῦ
406 2241 465 2279 καὶ]
479 2241 551 2279 ἱερὸς
578 2240 686 2277 ᾅδεσθαι
704 2242 786 2278 ,Δι’Ὸν
820 2243 871 2279 γὰρ
902 2243 967 2274 Θεὸς

148 2286 243 2325 φιλεῖ,
273 2288 332 2318 πῶς
362 2285 462 2319 ἐκεῖνος
485 2287 536 2314 οὐκ
564 2286 594 2314 ἂν
621 2285 663 2321 εἷή
691 2287 766 2323 αὐτῷ
795 2287 967 2324 ἱερωμένος,

1027 305 1129 340 instar,
1147 305 1241 341 magis
1256 306 1344 333 etiam
1361 305 1443 333 canis
1474 304 1710 332 denominatione
1738 304 1847 340 dignus

1026 353 1080 378 est.
1101 350 1148 377 Ille
1163 351 1241 377 enim
1258 358 1420 386 suspensus
1433 350 1462 377 in
1473 357 1548 383 aere,
1566 350 1660 384 quoad
1678 349 1848 377 similitudi-

1027 403 1092 422 nem
1103 396 1216 422 tantum
1224 394 1312 421 distat
1323 402 1339 421 a
1348 393 1608 429 tellure,quantum
1618 393 1721 422 ccelum
1732 402 1748 422 a
1758 395 1847 421 terra:

1027 440 1161 468 marinus
1177 442 1274 467 autem
1286 448 1338 467 nec
1349 440 1411 475 ipse
1427 439 1509 467 valde
1525 439 1708 475 propinquus
1724 439 1849 466 dicatur.

1028 484 1225 520 Phitosophus
1237 487 1334 511 autem
1349 493 1437 520 prope
1453 485 1536 512 adest
1563 483 1712 520 primitivo
1736 483 1800 511 cani
1824 485 1852 511 et

1028 530 1148 567 propius
1164 530 1285 558 accedit.

1067 667 1109 693 t7.
1126 665 1271 693 Hierocles.
1288 665 1402 701 Optime
1419 665 1478 692 haec
1503 664 1669 700 percepisti.
1691 665 1851 700 eademque

1028 710 1074 738 via
1090 710 1282 746 procedamus
1297 710 1343 745 :ad
1360 709 1455 737 virum
1480 710 1614 745 sanctum,
1632 717 1649 736 ει
1677 717 1733 744 quo
1758 709 1852 736 oritur

1030 756 1223 784 sanctissimus
1239 757 1266 782 et
1282 763 1332 790 per
1346 754 1547 790 gradationem
1564 755 1686 782 omnium
1709 754 1852 781 sanctissi-

1030 809 1100 835 mus,
1117 803 1146 828 et
1160 801 1323 834 videamus,
1338 800 1495 836 quomodo,
1511 799 1555 827 uti
1575 799 1687 827 dictum
1721 801 1775 833 est,
1795 798 1854 826 cir-

1030 845 1201 873 cumdantin
1216 853 1294 880 cum,
1311 844 1397 872 veluti
1415 853 1520 880 corpus
1536 844 1610 879 ejus,
1623 851 1730 871 nomen
1759 843 1853 879 adipi-

1030 890 1201 924 scantur,ad
1220 890 1349 917 animam
1360 892 1457 916 autem
1474 887 1594 916 o'mnino
1605 888 1852 923 nonireferantur,

1030 935 1081 963 sed
1099 937 1213 962 tantum
1229 934 1382 962 obscuram
1398 934 1571 970 :imaginem
1593 933 1728 960 innuant.
1745 933 1851 960 Moenia

1031 980 1121 1016 igitur
1130 984 1228 1007 sancta
1243 978 1479 1014 dicuntur,quia,
1497 979 1573 1014 quod
1593 986 1690 1006 revera
1719 977 1850 1005 divinum

1031 1024 1101 1061 quid
1121 1026 1177 1056 est,
1204 1023 1402 1051 inhabitantes
1427 1025 1585 1059 protegunt
1610 1024 1651 1056 et_
1667 1024 1851 1055 conservant,

1031 1068 1281 1105 quemadmodum
1295 1068 1383 1096 etiam
1394 1070 1488 1095 sancta
1496 1067 1606 1103 templa
1619 1069 1760 1102 tanquam
1772 1066 1854 1102 asyla

1032 1114 1090 1141 hon
1106 1116 1236 1148 orantur,
1255 1115 1284 1141 et
1300 1113 1486 1148 Periegeseos
1502 1117 1629 1140 sanctum.
1646 1114 1674 1139 et
1692 1115 1789 1140 sancta
1803 1120 1854 1140 arx

1032 1161 1059 1186 et
1068 1159 1224 1194 Hiarapoles
1238 1157 1470 1193 (sanctmjurbes)
1488 1157 1745 1193 etjcazteraleodem
1762 1164 1852 1184 sensu

1031 1203 1170 1238 gaudent.
1181 1203 1217 1230 οι
1229 1204 1328 1230 autem
1344 1210 1459 1230 sacrum
1475 1201 1547 1229 nihil
1558 1201 1703 1236 ejusmodi
1737 1201 1852 1236 signiﬁ-

1032 1255 1097 1274 care
1112 1249 1242 1282 apparet,
1256 1247 1304 1274 sed
1320 1246 1486 1281 nonnullis
1500 1246 1654 1273 sacriﬁciis
1670 1246 1851 1273 sicvocatum

1032 1293 1178 1324 asserunt,
1204 1291 1253 1319 alii
1281 1301 1298 1318 a
1326 1290 1468 1326 mirabili;
1488 1291 1600 1318 ossium
1623 1292 1771 1318 structura
1796 1290 1850 1317 hoc

1030 1335 1196 1363 venerabile
1211 1344 1317 1364 nomen
1333 1336 1526 1364 derivandum
1541 1334 1850 1370 dieunt,quemadmo-

1031 1381 1101 1408 dum
1116 1381 1208 1408 sancti
1223 1380 1313 1416 piscis
1328 1379 1587 1416 appellatio,quem
1605 1388 1725 1407 sensum
1741 1381 1772 1406 tu
1785 1378 1849 1414 jam

1031 1426 1113 1462 prius
1124 1425 1308 1460 perspexisti.
1320 1426 1447 1460 Serpens
1471 1425 1578 1458 autem:
1595 1433 1646 1460 per
1674 1424 1851 1460 euphoniam

1030 1473 1150 1497 vocatur
1165 1473 1286 1498 sanctus
1301 1469 1337 1497 ab
1353 1470 1389 1498 iis
1405 1470 1465 1505 qui,
1482 1478 1518 1496 ne
1533 1469 1701 1497 detrimenti
1717 1469 1787 1504 quid
1809 1476 1853 1496 ca-

1031 1514 1123 1550 piant,
1141 1514 1182 1541 sic
1198 1523 1263 1542 eum
1279 1514 1435 1542 conciliare
1450 1515 1613 1549 conantur};
1630 1514 1730 1541 eodem
1765 1513 1852 1540 modo

1031 1558 1119 1585 etiam
1137 1559 1257 1586 morbus
1273 1558 1379 1585 dicitur
1392 1560 1523 1591 sanctus,
1535 1560 1563 1585 et
1577 1556 1666 1584 veluti
1683 1555 1743 1584 fera
1759 1555 1853 1583 bestia

1031 1602 1215 1630 demulcetur
1230 1602 1371 1630 etblande
1396 1604 1550 1635 tractatur,
1576 1609 1612 1628 ne
1636 1602 1708 1628 forte
1738 1600 1850 1635 impetu

988 1635 1009 1669 (ἶ
1029 1647 1217 1684 aggrediatur
1230 1647 1378 1675 hominem
1386 1649 1414 1675 et
1431 1646 1555 1682 pessime
1570 1646 1689 1674 afficiet.
1705 1645 1851 1682 Cepistine

1025 1693 1100 1727 jam.
1116 1700 1132 1719 ο
1151 1691 1319 1728 Theophila,
1337 1699 1456 1719 sensum
1472 1691 1621 1727 integrum
1638 1699 1696 1726 quo
1710 1690 1766 1718 'vir
1787 1698 1852 1718 san-

1028 1741 1087 1765 ctus
1099 1740 1127 1765 et
1141 1738 1331 1765 sanctissimus
1347 1739 1544 1772 nuncupetur,
1555 1744 1590 1763 an
1602 1735 1748 1772 oportebit
1763 1735 1850 1763 etiam

1029 1781 1095 1809 aliis
1109 1781 1249 1817 exemplis
1265 1790 1326 1809 rem
1342 1781 1494 1809 enucleare
1505 1781 1518 1808 ?

1065 1883 1107 1909 18.
1130 1881 1302 1915 Theophilus.
1319 1881 1433 1916 Optime
1454 1879 1673 1916 comprehendi,
1703 1880 1731 1906 et
1759 1877 1849 1913 diligo

1028 1925 1321 1962 ejusmodihomines
1337 1928 1365 1953 et
1394 1924 1513 1961 praefero
1529 1925 1581 1952 Deo
1609 1924 1718 1951 dilectis
1748 1921 1847 1960 (θεοφι-

1029 1969 1101 2007 λοις)
1117 1973 1145 1998 et
1159 1971 1218 1999 Deo
1231 1970 1432 1998 dilectissimis
1448 1967 1670 2007 (θεοφιλτάτοις).

1064 2024 1212 2052 Hierocles.
1233 2026 1338 2052 lterum
1361 2024 1438 2051 vocis
1467 2031 1585 2050 sensum
1617 2012 1697 2049 haud
1726 2021 1850 2056 perfecte

1027 2069 1193 2104 percepisse
1208 2069 1279 2096 mihi
1297 2068 1415 2099 videris.
1431 2076 1448 2094 ο
1463 2065 1630 2102 Theophila.
1657 2067 1728 2092 Ante
1751 2065 1850 2098 omnia

1026 2113 1121 2141 dicere
1136 2114 1289 2141 dcbuisses
1305 2110 1422 2140 sanctos
1442 2113 1519 2139 viros
1534 2114 1563 2138 et
1579 2110 1791 2142 sanctissimos,
1817 2112 1849 2136 ut

1025 2166 1061 2185 ne
1074 2166 1235 2194 synonyma
1249 2158 1362 2185 diversa
1377 2157 1582 2189 confunderes;
1593 2155 1697 2182 deinde
1714 2155 1846 2182 animad-

1024 2203 1193 2230 vertendum
1209 2203 1322 2237 fuisset,
1344 2202 1437 2229 virum
1462 2201 1520 2228 Deo
1548 2200 1684 2228 dilectum
1707 2198 1844 2236 (θεοφιλῆ)

1025 2247 1150 2283 perbene
1188 2247 1275 2275 etiam
1304 2248 1394 2274 sancti
1422 2246 1518 2283 (ἱεροῦ)
1548 2245 1666 2273 nomine
1695 2245 1841 2280 insigniri.

1022 2291 1112 2324 Quem
1129 2292 1206 2319 enim
1223 2291 1300 2319 Deus
1313 2291 1419 2327 diligit,
1432 2291 1579 2326 quomodo
1595 2299 1653 2318 non
1682 2289 1737 2318 erit
1765 2290 1842 2325 apud

148 2330 195 2358 εἶτ’
224 2330 269 2358 οὖν
300 2331 391 2367 ὅσιος,
418 2331 485 2359 κατᾶ
510 2331 555 2358 τὸν
585 2330 765 2367 αἲτησάμενοδ
793 2331 967 2370 φυλαχθῆναι

1029 2345 1090 2364 :um
1118 2337 1305 2372 modificatus
1347 2335 1615 2374 (tapwpévocﬂﬁive
1644 2337 1843 2367 consecratus,

148 2376 199 2404 ὑπὸ
224 2376 335 2414 Κυρίου,
365 2376 406 2404 ὅτι
433 2377 507 2407 ὅσιος
534 2376 607 2412 αύτῷ
635 2376 708 2410 ἐστι,
746 2376 790 2403 καὶ
829 2375 897 2412 δῆτα
924 2377 969 2405 καὶ

148 2421 223 2459 ἅγιος
251 2421 276 2449 ἐν
304 2423 338 2459 τῇ
367 2423 401 2459 γῇ
431 2423 479 2448 τοῦ
503 2423 580 2457 Θεοῦ,
602 2422 624 2458 ᾧ
654 2424 804 2457 θαυμαστοῖ
830 2422 844 2449 ὁ
870 2421 968 2457 Κύριος

145 2466 178 2493 τὰ
203 2466 289 2493 οἰκεῖα
312 2465 474 2503 θελήματεις
500 2466 542 2493 Ἐν
567 2468 626 2497 τοῖς
649 2465 784 2497 τοιούτοις
808 2468 873 2504 γοῦν
901 2467 968 2494 πάν-

145 2521 198 2542 τως
224 2510 268 2538 καὶ
295 2510 388 2547 μόνοις
417 2511 430 2538 ὁ
455 2509 586 2549 θεοφιλὴς
604 2510 648 2538 καὶ
669 2510 816 2549 ἅγιόςξέστι
832 2511 876 2538 καὶ
893 2510 968 2543 ὅσιος

143 2555 186 2583 καὶ
215 2555 304 2593 ἱερός.
333 2555 444 2586 ’Ἀλλως
475 2554 504 2583 δὲ
531 2556 562 2582 τὸ
591 2558 702 2593 πρᾶγμα
732 2556 968 2594 συγκεφαλαιώσα-

142 2606 213 2635 σθαι,
247 2601 304 2627 κατ’
330 2599 461 2638 ἐξαίρετον
479 2600 525 2636 μὲν
549 2601 594 2627 καὶ
622 2599 698 2632 ίδίως
726 2601 770 2628 καὶ
798 2600 964 2637 καταμόνας,

141 2645 173 2673 οὐ
207 2644 274 2673 κατά
300 2655 326 2672 τι
363 2643 553 2672 ἀναπόδεικτον
588 2643 702 2681 αἴτημα,
731 2645 776 2672 καὶ
805 2643 908 2673 ἔννοιαν
938 2644 966 2674 δὲ

140 2690 246 2724 κοινὴν,
284 2688 357 2726 ἱερὸς
397 2689 444 2726 μὶν
482 2688 526 2716 καὶ
551 2689 698 2726 ἱερώτατος
729 2688 774 2716 καὶ
805 2689 891 2728 ἱερεὺς
920 2690 966 2718 καὶ

143 2733 286 2772 ἀρχιερεὺς
328 2732 385 2769 tan;
427 2735 482 2760 τῶν
523 2735 571 2760 τοῦ
608 2733 713 2770 κόσμου
751 2734 963 2772 ἀποτεταγμένοι

142 2777 204 2812 εἶσὶ,
235 2779 278 2805 καὶ
310 2777 401 2808 αὐτοῖς
431 2776 638 2816 ἐπιτετράφαται
666 2778 699 2805 τὰ
729 2781 864 2815 μυστικῶς
894 2779 964 2807 θειό-

141 2833 216 2860 τερα,
233 2823 277 2850 καὶ
293 2821 482 2850 συνανατὲλλει
508 2825 549 2859 τῷ
574 2823 691 2859 τοιούτῳ
711 2823 789 2860 καλῷ
810 2823 963 2862 ἀναγκαίως

142 2867 174 2896 τὸ
198 2867 241 2895 καὶ
273 2866 409 2906 θεοφιλεῖς
441 2867 485 2895 καὶ
515 2866 657 2908 θεοφίλους
688 2868 840 2902 εἶναιτοὺς
869 2869 962 2898 τοιού-

1024 2382 1273 2417 quemadmodum
1289 2381 1338 2408 ille
1353 2381 1401 2416 qui
1418 2383 1553 2416 precatur
1567 2383 1628 2408 uta
1645 2380 1766 2419 Domino
1793 2387 1842 2407 cu-

1024 2426 1177 2457 stodiatur.
1193 2426 1261 2462 quia
1284 2425 1346 2461 ipse
1373 2428 1562 2454 consecratus
1591 2427 1645 2459 est,
1675 2427 1703 2452 et
1724 2424 1844 2460 proinde

1023 2471 1110 2498 etiam
1125 2471 1153 2498 in
1172 2473 1248 2498 terra
1262 2470 1310 2498 Dei
1324 2473 1455 2503 sanctus,
1479 2470 1526 2497 cui
1548 2470 1688 2497 Dominus
1709 2469 1844 2496 volunta-

1023 2518 1080 2543 tem
1099 2523 1182 2543 suam
1200 2515 1404 2543 admirandam
1423 2515 1518 2542 reddit
1533 2514 1589 2548 ΡξΙῐι
1606 2514 1840 2550 hisigiturpror-

1022 2569 1073 2588 sus
1089 2563 1118 2588 et
1134 2560 1219 2588 unice
1232 2561 1285 2588 Deo
1301 2560 1417 2588 dilectus
1432 2557 1583 2597 (θεοφιλῆς)
1600 2561 1628 2587 et
1643 2567 1725 2587 sacer
1739 2561 1784 2587 est
1812 2561 1841 2586 ct

1021 2607 1210 2633 consacratus
1226 2607 1254 2632 et
1268 2607 1380 2632 sanctus
1393 2602 1500 2641 (ἱερός).
1519 2604 1553 2632 Ut
1566 2607 1663 2632 autem
1680 2604 1765 2631 aliter
1779 2611 1838 2630 rem

1021 2649 1207 2686 complectar,
1224 2658 1313 2677 sensu
1330 2649 1470 2676 nimirum
1487 2648 1649 2684 praagnanti
1665 2651 1693 2676 et
1722 2647 1838 2684 proprio

1020 2696 1048 2722 et
1063 2694 1160 2727 unico,
1172 2703 1230 2722 non
1242 2694 1405 2722 secundum
1418 2694 1559 2722 rationem
1571 2694 1648 2722 haud
1665 2692 1839 2728 comproba-

1020 2742 1090 2773 tam,
1107 2739 1157 2767 sed
1174 2739 1337 2767 secundum
1354 2747 1473 2767 sensum
1491 2746 1698 2767 communem:
1715 2736 1758 2764 vir
1773 2745 1839 2764 san-

1019 2787 1082 2812 ctus
1099 2786 1127 2811 et
1143 2784 1348 2812 sanctissimus
1365 2787 1393 2812 et
1408 2784 1545 2811 sacerdos
1569 2785 1598 2810 et
1620 2781 1838 2810 archisacerdos

1018 2828 1183 2864 specialiter
1197 2828 1285 2856 rebus
1300 2828 1487 2856 terrestribus
1509 2827 1634 2863 exempti
1655 2828 1725 2854 sunt
1749 2828 1777 2853 et
1793 2833 1839 2854 res

1018 2873 1132 2902 divinas
1148 2873 1270 2909 mystice
1299 2872 1544 2909 contemplantur,
1564 2872 1660 2907 itaut,
1690 2879 1757 2900 cum
1787 2869 1838 2900 tali
