2002 3158
174 176 234 208 933

559 177 767 210 EUSTATHII
789 178 1015 209 THESSALON
1021 177 1170 208 lGENSIS
1192 175 1484 208 METROPOLITE

1815 173 1872 205 924

173 244 280 272 virtute
296 244 470 280 praecellant,
489 246 654 274 necessario
669 249 697 274 et
727 248 815 274 Deum
843 245 992 280 diligentes

1056 253 1128 276 τους.
1152 244 1213 272 Τῶν
1239 241 1268 270 δὶ
1292 244 1397 270 Λοιπῶν
1426 240 1453 269 εἷ’
1470 252 1512 273 τις
1545 239 1687 279 θεοφιλὴς,
1716 238 1792 268 ἔσται
1824 241 1872 276 μὶν

173 287 337 327 (θεοφιλεῖς)
365 293 394 316 et
422 290 474 317 Deo
497 290 591 318 dilecti
621 289 766 326 (θεόφιλοι)
809 290 944 318 existant.
975 290 996 318 E

177 334 290 362 caeteris
306 336 404 361 autem
420 334 445 361 si
461 334 528 370 quis
544 335 631 362 fuerit
646 335 730 362 Deum
745 335 864 369 diligens
892 335 993 372 (θεοφι-

175 376 249 414 λὴς),
266 378 389 406 benesic
413 378 620 414 appellabitur,
647 379 685 406 nil
716 382 813 407 autem
842 380 935 407 sancti
965 379 994 406 in

174 423 237 457 ejus
254 431 360 450 nomen
376 423 561 458 redundabit,
576 423 631 451 nisi
646 424 739 451 sancti
752 432 855 451 nomen
871 424 995 459 accipiat

173 469 203 495 et
219 468 407 495 nanciscatur
421 476 437 494 a
453 468 561 495 sanctis
572 468 621 495 Dei
637 468 739 496 amicis
753 471 782 496 et
793 469 995 496 sacerdotibus

174 513 204 539 et
218 511 513 547 urchisarerdotibus,
543 515 732 547 quantumvis
759 513 836 541 inter
860 512 995 541 homines

176 555 307 584 excellat.
323 556 480 584 Considera
496 556 566 584 mihi
583 558 778 585 venerandum
808 558 892 585 illum
914 558 997 591 ,inter

176 601 368 636 imperatores
385 604 413 628 et
428 601 576 636 Apostolis
590 601 744 637 azqualem,
755 610 895 638 magnum
919 602 996 630 Con-

179 645 353 677 stantinum,
371 646 419 681 qui
436 646 465 672 in
481 646 587 674 litteris
603 647 638 674 ad
656 655 723 674 eum
739 647 815 674 datis
845 648 900 675 Deo
924 647 995 675 dile-

176 689 328 717 ctissimus
349 689 564 725 appellabatur,
591 691 654 726 ipse
684 694 792 726 autem,
819 692 936 727 quando
959 692 996 720 ad

176 733 249 762 alios
265 734 425 768 scribebat,
441 743 472 762 se
489 735 679 763 reverendum
696 739 854 771 augustum
871 736 995 770 dicebat,

175 787 228 807 nec
243 781 340 807 tamen
354 788 483 815 unquam
493 780 584 808 sancti
595 786 701 808 nomen
716 781 771 808 sibi
784 781 938 816 arrogabat
946 789 997 809 nec

175 823 212 851 ab
227 823 292 851 aliis
309 832 439 859 unquam
451 824 598 852 audiebat.
609 825 732 860 Satis,ut
745 825 858 859 opinor,
875 834 891 854 ο
900 826 996 853 Theo-

175 866 358 902 phile,dubia
373 876 434 903 qua:
451 870 578 896 mentem
589 871 671 896 tuam
687 869 996 905 oli'uscabant,dissol-

176 911 282 945 vimus,
299 911 339 939 ita
356 915 387 939 ut
401 913 442 940 eis
459 913 569 941 diutius
580 913 720 942 inhaerere
736 915 781 942 vix
796 922 870 950 opus
885 914 933 942 sit.

211 965 256 992 49.
287 965 456 1000 Theophilus.
478 966 604 1002 Optime,
633 975 648 994 ο
676 967 830 1001 Hierocles,
859 969 900 996 rei
930 976 997 996 sen-

176 1017 243 1038 sum
258 1011 383 1046 percepi.
394 1013 465 1038 Ecce
481 1011 559 1039 enim
575 1012 603 1039 in
621 1011 725 1040 animas
755 1013 919 1041 recessibus
943 1013 998 1042 hoc

177 1054 332 1091 insculpsi.
350 1056 465 1083 beatum
483 1064 548 1084 esse
572 1057 721 1084 hominem
744 1066 802 1085 non
827 1057 921 1086 solum
948 1058 998 1093 qui

177 1108 243 1128 vero
256 1102 376 1128 sanctus
389 1103 417 1128 et
427 1101 634 1130 sanctissimus
649 1103 829 1134 nominatur.
842 1105 893 1131 sed
909 1103 998 1131 etiam

178 1147 236 1173 Deo
251 1145 389 1173 dilectum
405 1148 433 1173 et
449 1146 506 1174 Deo
517 1147 740 1180 amicissimum,
757 1147 873 1176 etiamsi
892 1148 996 1184 paulu-

178 1189 240 1217 lum
257 1190 437 1218 discriminis
458 1191 553 1218 adhuc
569 1190 762 1227 relinquatur.
775 1193 928 1221 Ridiculus
943 1193 998 1229 igi-

178 1235 228 1261 tur
237 1237 281 1262 est
292 1234 526 1269 archisacerdos;
536 1236 654 1271 gravius
669 1237 747 1264 enim
759 1245 824 1264 sum
841 1240 942 1265 notare
952 1237 999 1265 vix

179 1279 286 1315 ausim)
303 1279 350 1314 qui
372 1287 478 1307 nomen
491 1281 654 1308 contemnit
666 1289 723 1317 quo
738 1281 803 1317 quis
819 1282 911 1310 Deum
935 1281 998 1310 dili-

179 1331 247 1359 gere
262 1323 537 1352 edocetur-Videtur
546 1324 623 1352 enim
630 1325 698 1353 talis
704 1334 721 1353 n
727 1325 785 1354 ullo
796 1326 888 1354 sancti
900 1335 999 1355 amore

178 1368 311 1403 teneri,si
321 1376 354 1397 ea
361 1371 462 1397 sancta
471 1368 560 1398 habet
570 1377 633 1408 quae
647 1370 706 1399 Deo
715 1379 772 1399 non
789 1375 907 1409 accepta
919 1375 998 1401 sunt.

218 1470 364 1497 Hierocles.
382 1469 519 1498 Gratulor
532 1470 597 1504 tibi,
614 1478 630 1498 ο
644 1470 814 1507 Theophila,
836 1473 912 1508 quod
938 1481 998 1501 rem

181 1515 256 1543 bene
271 1514 538 1551 comprehenderis.
554 1515 619 1543 Jam
635 1524 712 1551 vero,
729 1518 762 1544 ut
777 1517 806 1544 in
835 1518 910 1546 votis
938 1518 1000 1546 fieri

181 1560 266 1594 solet,
282 1559 472 1596 colophonem
488 1560 674 1594 addamus,et
687 1561 840 1590 videamus
854 1563 1001 1599 quomodo

181 1607 317 1633 sanctum
335 1606 451 1640 praestet
465 1604 598 1632 etlatiori
615 1614 703 1634 sensu
725 1606 885 1642 accipiatur
913 1615 999 1644 quam

181 1649 238 1677 Deo
249 1649 389 1676 dilectum
405 1649 530 1684 (utinam
547 1650 585 1677 sit
600 1652 654 1678 Deo
670 1650 833 1687 dilectum),
855 1651 1001 1688 siquidem

182 1694 210 1721 id
224 1694 299 1730 quod
311 1694 368 1721 Deo
383 1694 522 1722 dilectum
531 1696 575 1722 est
585 1694 672 1722 etiam
689 1698 821 1724 sanctum
834 1697 901 1731 jure
917 1697 1003 1725 meri-

181 1740 270 1774 toque
287 1738 404 1771 dixeris,
430 1747 486 1766 non
512 1742 608 1767 autem
639 1748 725 1767 omne
750 1742 883 1769 sanctum
915 1741 1002 1770 etiam

183 1786 240 1810 Deo
252 1783 402 1818 dilectum,
425 1783 480 1811 nisi
509 1784 694 1812 solummodo
723 1786 839 1818 natura,
862 1787 1002 1829 quemad-

184 1827 304 1855 modum
321 1829 387 1854 ante
403 1835 455 1854 nos
466 1827 585 1863 quidam
603 1828 822 1864 accepitdicens
835 1827 1003 1859 :Hic‘homo

185 1873 305 1900 sanctus
319 1873 433 1905 natura,
464 1871 516 1899 hoc
538 1874 582 1899 est
609 1880 716 1902 revera.
732 1874 796 1902 Jam
814 1875 836 1902 si
853 1883 900 1904 res
915 1876 958 1903 sic
973 1884 1003 1904 se

185 1915 273 1943 habet
288 1918 316 1942 et
331 1917 450 1943 sanctus
466 1916 629 1944 necessario
643 1918 847 1946 consideratur
860 1921 1002 1956 tanquam

187 1961 243 1988 Deo
255 1959 390 1993 dilectus,
404 1960 464 1987 vice
480 1969 562 1989 versa
573 1961 705 1996 dixorim,
720 1964 802 1999 quod
830 1965 926 1992 omnis
948 1965 1003 1992 Deo

185 2005 311 2034 dilectus
326 2004 412 2032 etiam
429 2007 548 2034 sanctus
563 2008 616 2035 est.
633 2007 752 2036 Frustra
766 2008 857 2045 igitur
871 2008 939 2036 vivit
954 2009 1005 2045 qui

185 2059 242 2080 non
255 2051 379 2086 utroque
394 2050 523 2079 eminere
537 2053 566 2079 et
576 2052 718 2080 ambobus
734 2053 904 2081 nominibus
930 2053 1004 2082 insi-

189 2095 265 2133 gniri
282 2094 373 2131 cupit.
390 2095 513 2124 Paribus
528 2095 606 2124 enim
623 2097 732 2133 pariter
747 2098 945 2126 insistendum
961 2101 1005 2127 est

186 2143 238 2169 aut
250 2140 466 2168 abstinendum.
476 2141 575 2173 Quivis
585 2150 653 2178 ergo
670 2151 742 2171 sana
757 2146 854 2171 mente
864 2144 1004 2180 prazditus

184 2187 216 2214 ut
228 2187 351 2220 utroque
367 2185 416 2213 ﬁat
431 2185 535 2220 dignus
551 2189 694 2222 precetur.
713 2188 766 2221 Qui
781 2188 860 2216 enim
876 2197 933 2216 non
960 2191 1005 2217 est

187 2230 243 2258 Deo
272 2229 410 2262 dilectus,
436 2238 529 2266 neque
553 2233 672 2259 sanctus
696 2240 795 2260 revera
830 2233 884 2260 erit
912 2240 1006 2268 neque

185 2276 268 2303 tanta
282 2274 437 2302 altitudine
451 2274 569 2310 dignus,
585 2276 634 2303 sed
653 2276 720 2304 inde
739 2277 850 2305 excidet
877 2276 920 2304 uti
947 2277 1005 2305 Deo

1047 290 1128 317 τοῦτο
1151 288 1232 325 ἀξίως
1254 286 1468 325 ἐπιλεγόμενος,
1494 285 1571 314 οὐδὲν
1597 285 1625 314 δέ
1647 296 1673 313 τι
1700 285 1871 322 ἰερωνυμού-

1050 344 1126 370 μενον
1164 332 1203 364 εἷς
1239 332 1339 368 κλῆσιν
1371 331 1641 370 προσεφελκύσεται·
1681 329 1756 358 ἀλλὰ
1791 329 1872 358 τοῦτο

1048 378 1093 405 καὶ
1123 377 1205 414 μόνον
1233 374 1325 404 λαϐὼν
1349 377 1395 404 καὶ
1425 376 1531 414 λαχὼν,
1560 376 1590 403 ἐκ
1615 378 1669 403 τῶν
1699 376 1758 411 Θεῷ
1783 374 1873 414 φίλων

1048 421 1139 460 ἱερῶν·
1183 422 1228 449 καὶ
1263 422 1357 460 ἱερέων
1395 421 1440 449 καὶ
1477 421 1634 459 έρχιερὲων,
1673 419 1797 459 ἀφέξεται
1825 421 1875 447 τοῦ

1048 467 1106 494 κατ’
1147 466 1263 498 ἐκείνους
1301 467 1376 503 ἱεροῦ
1411 466 1557 502 ὀνόματος,
1595 464 1642 493 κᾶν
1684 465 1811 502 μέγιστον
1848 465 1874 491 ἐν

1049 511 1202 549 ἀνθρώποις
1226 510 1418 550 προφαίνοιντο
1436 532 1442 539 .
1473 509 1637 538 Ἐνατὲνισον
1665 511 1728 548 γοῦν
1761 508 1801 540 εἷς
1829 509 1875 536 τὸν

1049 555 1076 583 ἐν
1109 556 1309 593 οἱκουμενικοῖς
1347 554 1487 593 βασιλεῦσι
1524 553 1649 582 κύδιστον
1688 552 1872 581 ἶσαπόστολον

1048 600 1094 628 τὸν
1126 600 1209 638 μέγαν
1238 602 1457 634 Κωνιπαντῖνον,
1487 599 1517 630 ὃς
1546 599 1723 637 Θεοφίλτατος
1752 608 1876 636 προγρα-

1050 645 1167 684 φόμενος
1195 644 1221 672 ἐν
1248 648 1308 677 ταῖς
1336 643 1452 677 ἄλλοθεν
1477 643 1648 677 ἆπιστολαῖς,
1678 643 1762 674 αὐτὸς
1789 641 1819 670 δέ
1846 653 1877 680 γε

1051 690 1185 727 θειότερον
1220 687 1347 717 σεϐαστὸν
1386 689 1479 717 ἑαυτὸν
1520 688 1718 725 ἐπονομάζων,
1756 687 1876 723 ὁπηνίκα

1051 734 1152 772 ἑτέροις
1195 734 1363 771 ἑπιστέλλοι,
1407 735 1483 770 ὅμως
1526 732 1648 770 οὐδαμοῦ
1684 732 1875 770 ἰερωνιὶμησεν

1050 778 1142 815 αὐτὸν,
1171 778 1233 806 οὐδὲ
1263 779 1317 815 μὴν
1343 779 1465 806 τοιοῦτόν
1494 778 1521 806 τί
1535 779 1615 805 ποθεν
1631 777 1760 812 ἤκουσεν.
1775 777 1874 813 Οἶμαι,

1050 823 1207 862 ἀρκούντως
1234 824 1256 851 ὦ
1283 823 1408 862 Θεόφιλε,
1436 822 1644 859 διελευκάναμεν
1666 823 1697 850 τὸ
1713 821 1799 858 μέλαν
1825 824 1877 856 τῆς

1051 868 1077 896 ἐν
1107 869 1148 896 σοὶ
1175 869 1309 906 ἀπορίας,
1339 869 1375 900 ὡς
1404 867 1499 905 μηκέτι
1529 866 1632 895 δέεσθαι
1660 864 1760 904 τριϐῆς
1790 865 1876 903 λόγου

1050 913 1189 945 πλείονος.

1089 968 1131 999 ιϐ’.
1157 966 1300 1006 Θεόφιλος.
1323 963 1547 1004 Ἠκριϐωσάμην,
1577 966 1600 993 ὧ
1631 964 1799 1002 Ἰερόκλεις⁷
1826 963 1877 997 τὴν

1052 1014 1162 1050 γνῶσιν.
1193 1010 1262 1040 Ἰδοὺ
1286 1011 1338 1048 γὰρ
1363 1011 1549 1049 έξεγραψάμην
1574 1011 1600 1038 ἰν
1623 1012 1658 1047 τῇ
1686 1009 1756 1037 κατὰ
1781 1009 1876 1046 ψυχὴν

1053 1055 1140 1093 δέλτῳ
1156 1055 1288 1094 μακάριον
1303 1056 1369 1083 εἶναι
1384 1056 1525 1093 ἄνθρωπον
1552 1056 1590 1092 μὴ
1617 1054 1698 1092 μόνον
1721 1055 1769 1082 τὸν
1789 1054 1878 1088 ἠξιω-

1055 1100 1135 1138 μένον
1159 1101 1230 1137 ἱερὸν
1255 1100 1299 1128 καὶ
1330 1101 1475 1138 ἱερώτατον
1502 1099 1680 1136 ὀνομάζεσθαι
1703 1098 1774 1136 πρὸς
1804 1096 1877 1132 ἀλή-

1053 1151 1126 1178 θειαν
1141 1168 1148 1180 ,
1177 1144 1250 1173 ἀλλὰ
1274 1145 1317 1172 καὶ
1341 1146 1387 1172 τὸν
1412 1145 1472 1173 κατ’
1495 1144 1574 1172 αὐτὸν
1600 1143 1714 1182 θεοφιλῆ
1739 1143 1787 1170 καὶ
1816 1147 1880 1174 θεο-

1053 1188 1193 1228 φίλτατον,
1210 1189 1233 1216 εἰ
1257 1189 1302 1216 καί
1316 1200 1342 1216 τι
1359 1187 1489 1228 διαφορᾶς
1508 1187 1562 1224 ἤδη
1585 1186 1826 1225 μελεπτολόγηται
1852 1185 1880 1213 ἐν

1053 1234 1154 1265 αὐτοῖς.
1183 1233 1294 1265 Γελοῖος
1321 1234 1368 1261 οὖν
1397 1234 1540 1272 ἀρχιερεὺς
1561 1230 1743 1269 (εὐλαϐοῦμαι
1773 1231 1825 1269 γάρ
1854 1241 1881 1258 τι

1053 1281 1147 1317 χεῖρον
1164 1280 1282 1316 σκῶψαι,
1298 1279 1328 1310 ὃς
1353 1278 1463 1314 ἀπαξιοῖ
1482 1279 1532 1313 τὴν
1548 1278 1657 1312 κλῆσιν,
1680 1275 1715 1305 δι’
1736 1276 1772 1311 ἧς
1788 1275 1882 1315 φιλεῖν

1052 1334 1112 1352 τινα
1128 1324 1142 1351 ὁ
1155 1323 1219 1355 Θεὸς
1241 1322 1430 1361 παραδίδοται.
1454 1325 1531 1350 Δοκῶ
1546 1333 1592 1360 μοι
1607 1321 1660 1360 γὰρ
1674 1321 1721 1349 τὸν
1749 1323 1881 1348 τοιοῦτον

1053 1371 1093 1405 τῷ
1107 1368 1188 1396 παντὶ
1202 1368 1285 1396 πλέον
1305 1367 1375 1405 μηδὶ
1388 1370 1428 1404 τῷ
1443 1368 1508 1406 ἱερῷ
1522 1367 1638 1406 χαίρειν,
1663 1366 1688 1395 εἲ
1715 1365 1883 1405 φαντάσεται

1053 1413 1087 1441 τὰ
1101 1413 1169 1450 ἱερὰ,
1185 1414 1234 1441 ὅσα
1251 1413 1289 1450 μὴ
1305 1412 1372 1452 φίλα
1387 1415 1454 1449 Θεῷ.

1090 1466 1246 1504 Ἱεροκλῆς.
1275 1466 1421 1504 Μακαρίζω
1448 1476 1476 1494 σε
1502 1468 1551 1493 τοῖ’)
1579 1465 1705 1497 ἐντελοῦς
1732 1465 1882 1504 φρονήμα-

1054 1522 1111 1547 τος,
1140 1512 1162 1539 ὦ
1190 1511 1315 1549 Θεόφιλε,
1342 1511 1388 1539 καὶ
1418 1511 1462 1539 ἐπὶ
1491 1514 1548 1542 τοῖς
1576 1510 1731 1548 εἰρημένοις
1749 1508 1882 1545 κολοφὼν

1057 1558 1113 1585 οἷον
1137 1558 1198 1588 ταῖς
1222 1557 1325 1596 ψήφοις
1345 1557 1426 1593 ἡμῶν
1453 1553 1656 1591 έπιϐεϐλήσθω,
1681 1554 1727 1582 καὶ
1751 1554 1789 1586 ὡς
1807 1553 1885 1582 δοκεῖ

1057 1601 1229 1630 πλεονεκτεῖν
1251 1602 1283 1629 τὸ
1307 1601 1398 1639 ἱερὸν,
1420 1600 1466 1629 καὶ
1493 1600 1531 1632 εὶς
1558 1599 1726 1637 πλατύτερον
1752 1598 1884 1637 διακεχσό-

1059 1652 1119 1680 σθαι
1139 1649 1188 1674 τοῦ
1210 1645 1372 1685 θεοφιλοῦς,
1406 1644 1459 1673 εἷ’θε
1484 1644 1647 1684 θεοφιλοῦς·
1675 1643 1728 1682 εῗγε
1756 1643 1886 1683 θεοφιλὲς

1059 1692 1106 1729 μὶν
1122 1691 1191 1719 ἅπαν
1207 1691 1252 1719 καὶ
1266 1691 1337 1729 ἱερὸν
1351 1690 1416 1718 εἶναι
1443 1689 1548 1729 θαῤῥῶν
1574 1688 1604 1717 ἄν
1628 1700 1670 1720 τις
1697 1689 1885 1728 ἀποφήναιτο,

1058 1736 1108 1764 οὐκ
1129 1735 1184 1771 ἤδη
1209 1735 1238 1763 δὲ
1261 1735 1305 1763 καὶ
1322 1735 1390 1763 ἅπαν
1406 1735 1478 1773 ἱερὸν
1494 1734 1630 1774 θεοφιλὶς,
1659 1734 1700 1761 δτι
1729 1734 1769 1771 μὴ
1797 1733 1882 1770 μόνον

1056 1781 1088 1808 τὸ
1103 1780 1191 1820 φύσει,
1215 1780 1282 1808 καθὰ
1297 1779 1433 1817 ἐθεώρησε
1447 1779 1500 1818 πρὸ
1515 1780 1596 1816 ἡμῶν
1618 1779 1662 1806 καὶ
1684 1778 1698 1805 ὁ
1712 1779 1818 1818 φράσας
1839 1778 1886 1813 τὸ,

1057 1828 1218 1862 ’Ἄνθρωπος
1253 1825 1330 1856 οὗτος
1367 1825 1438 1863 ἱερὸς
1475 1823 1563 1863 φύσει,
1600 1823 1696 1851 ταυτὸν
1730 1821 1753 1850 δ’
1784 1822 1885 1859 εἰπεῖν,

1056 1869 1196 1905 Ἂληθῶς.
1220 1869 1253 1897 Et
1275 1871 1341 1906 γοῦν
1364 1871 1489 1897 τοιοῦτον
1512 1869 1543 1896 τὸ
1567 1870 1682 1906 πρᾶγμα
1709 1867 1884 1901 καθέσταται,

1057 1914 1101 1942 καὶ
1127 1915 1141 1941 ὁ
1166 1914 1239 1951 ὶερὸς
1264 1913 1414 1952 ἀναγκαίως
1440 1913 1547 1944 πάντως
1572 1911 1702 1952 θεοφιλὴς
1729 1915 1884 1950 θεωρεῖται,

1059 1957 1163 1996 εἷ’ποιμι
1189 1957 1213 1986 δ’
1238 1958 1268 1986 ἃν
1284 1958 1451 1995 ἀνακάμψαι,
1468 1958 1504 1989 ὡς
1531 1958 1575 1985 καὶ
1600 1958 1614 1984 ὁ
1639 1956 1772 1995 θεοφιλὴς
1797 1957 1884 1994 ἱερός.

1057 2003 1207 2039 Τηνάλλως
1222 2003 1279 2041 βιοῖ
1299 2003 1312 2030 6
1331 2003 1368 2040 μὴ
1390 2003 1435 2030 καὶ
1452 2002 1621 2041 ἀμφοτάροις
1636 2000 1785 2039 έμπρέπειν
1802 2002 1884 2040 εὐχό-

1059 2059 1139 2086 μενος
1156 2048 1200 2076 καὶ
1229 2047 1313 2087 ἄμφω
1341 2048 1493 2076 καλεῖσθαι.
1510 2049 1573 2076 Τῶν
1589 2047 1640 2085 γὰρ
1657 2046 1721 2074 ἴσων
1739 2046 1840 2082 ἰπίσης
1866 2047 1884 2080 ἢ

1061 2093 1213 2131 μεθεκτέον,
1230 2093 1248 2128 ἢ
1264 2093 1403 2130 ἀφεκτέον.
1420 2092 1551 2130 Εὐχέσθω
1570 2091 1660 2119 τοίνυν
1685 2092 1767 2127 ἅπας,
1793 2091 1808 2119 ὁ
1833 2091 1885 2119 λα-

1058 2137 1117 2176 χὼν
1146 2140 1253 2177 φρονεῖν
1277 2138 1408 2174 ἠξιῶσθαι
1431 2137 1476 2165 καὶ
1497 2137 1617 2176 ἀμφοῖν.
1639 2137 1670 2165 Ὁ
1694 2137 1746 2174 γάρ
1771 2147 1815 2164 τοι
1846 2136 1885 2172 μὴ

1058 2182 1188 2221 θεοφιλὴς
1205 2181 1262 2210 οὐδ’
1276 2181 1306 2209 ἂν
1323 2182 1396 2218 ἱερὸς
1415 2180 1456 2217 εἰῇ
1479 2181 1568 2219 φύσει,
1599 2179 1662 2209 οὐδὲ
1684 2183 1734 2208 τοῦ
1757 2180 1886 2208 τοιούτου

1059 2228 1144 2264 ὕψους
1172 2227 1297 2262 ἐπάξιος·
1331 2226 1405 2254 ἀλλὰ
1433 2229 1554 2254 πεσεῖται
1583 2225 1629 2253 ἀπ’
1657 2225 1740 2253 αὐτοῦ
1777 2227 1824 2253 οἷα
1847 2225 1885 2261 μὴ

1060 2271 1200 2311 θεοφιλὴς,
1226 2271 1289 2299 ὡσεὶ
1313 2271 1359 2299 καὶ
1383 2271 1522 2310 ἑωσφόρος
1544 2271 1589 2298 ἀπ’
1606 2270 1724 2308 οὐρανοῦ
1750 2269 1791 2301 εἰς
1813 2270 1883 2306 ἱερὸν

187 2307 652 2355 nondilectus,qucm—admodum
680 2321 794 2349 Lucifer
826 2330 941 2358 quoque
971 2323 999 2350 de

1059 2307 1233 2355 καταῤῥιφεὶς
1257 2315 1417 2345 ἀπευκταῗον
1431 2307 1449 2353 ,⁷
1464 2316 1547 2343 ὁποῖά
1569 2326 1630 2342 τινα
1643 2307 1709 2350 νῆδη
1737 2313 1886 2352 παραδέδο-

188 2364 259 2392 coelo
272 2364 301 2391 in
319 2367 454 2392 sanctum
471 2365 601 2400 dojectus
616 2368 662 2394 est
677 2367 848 2400 nefandum,
878 2366 920 2394 uti
943 2367 1004 2402 jam

185 2416 274 2443 supra
289 2409 654 2445 memoravimus.Serpens
669 2410 744 2438 enim
762 2413 841 2447 repet
857 2413 906 2438 aut
922 2413 1004 2439 natu-

185 2451 227 2479 bit
241 2455 378 2488 tanquam
394 2462 475 2482 sacer
490 2454 539 2482 ille
549 2454 648 2489 piscis,
664 2457 714 2482 aut
724 2455 812 2483 etiam
827 2455 911 2483 aliter
923 2464 1005 2484 sacro

186 2497 303 2525 nomine
319 2500 547 2536 nuncupabitur,
563 2500 642 2528 velut
655 2501 795 2529 terribilis
812 2501 866 2529 iste
875 2503 994 2531 morbus

185 2542 267 2570 Haud
285 2542 363 2570 enim
378 2544 407 2571 iu
425 2548 522 2573 ratam
543 2546 624 2581 gravi
636 2545 728 2581 jocori
744 2546 810 2574 licet
834 2549 885 2574 aut
910 2547 1006 2575 dicere

185 2587 261 2623 quod
280 2586 387 2614 frustra
402 2588 425 2614 ei
443 2589 493 2624 qui
510 2590 566 2618 Deo
583 2590 706 2617 dilectus
722 2593 775 2624 est,
793 2591 887 2618 sancti
899 2599 1004 2620 nomen

185 2631 373 2666 attribuatur,
390 2632 478 2660 veluti
499 2634 630 2670 accipitri
656 2634 765 2672 (ἱέρακι)
789 2637 817 2663 et
842 2638 943 2664 sancto
970 2637 1004 2664 ad

185 2676 315 2705 Aradum
330 2676 406 2704 sinui
433 2678 461 2703 et
476 2677 498 2704 si
515 2686 578 2713 quas
608 2678 663 2707 alia
692 2682 762 2708 sunt
789 2681 854 2716 ejus
877 2681 1005 2716 generis,

184 2729 248 2757 quae
271 2729 336 2748 cum
348 2721 503 2749 sanctitate
519 2722 559 2749 nil
575 2731 730 2752 commune
741 2724 860 2752 habent.
873 2725 1005 2761 Namque

185 2765 345 2800 imperator
355 2767 405 2803 qui
413 2774 561 2794 sacrarum
574 2767 738 2796 divinorum
747 2770 1004 2804 peritissimusest.

186 2809 308 2846 ideoque
319 2813 475 2848 angustus,
493 2812 600 2841 frustra
615 2813 671 2841 Deo
686 2814 893 2843 dilectissimus
922 2816 1004 2844 audi-

185 2855 373 2890 ret,nisihuic
384 2856 497 2885 nomini
509 2855 900 2890 simulsanctitatisillustris
913 2860 1006 2890 omni-

134 2943 200 2958 Διαμ

1059 2373 1122 2390 ται.
1147 2363 1182 2390 "li
1203 2363 1255 2400 γὰρ
1281 2360 1342 2399 ὄφις
1367 2358 1442 2399 ἕρψει
1465 2360 1483 2396 ἢ
1499 2360 1608 2397 ίνέξεται
1629 2360 1697 2387 κατά
1719 2358 1884 2397 ἱερολογού-

1062 2417 1140 2444 μενον
1166 2406 1257 2444 ἰχθὺν,
1281 2406 1298 2441 ἢ
1324 2406 1369 2434 καὶ
1393 2404 1486 2437 ἄλλως
1509 2405 1725 2442 ἱερωνυμήσεται
1750 2404 1821 2431 κατὰ
1844 2403 1886 2430 v6-

1060 2462 1105 2479 σον
1129 2451 1232 2487 ἐκείνην
1258 2450 1416 2491 φρικαλέαν.
1438 2449 1476 2478 Οὐ
1499 2450 1549 2488 γὰρ
1575 2447 1645 2477 ἔστιν
1671 2448 1834 2487 ὑποκορίσαι
1857 2447 1886 2475 τὸ

1060 2496 1132 2525 οὕτω
1154 2495 1244 2534 τραχὺ
1266 2498 1396 2533 σκῶμμα,
1422 2496 1552 2533 φάμενον,
1566 2495 1603 2526 ὡς
1621 2494 1708 2531 μάτην
1723 2494 1737 2522 ὁ
1753 2493 1885 2533 θεοφιλὴς

1060 2541 1243 2579 ἐναγλαΐσεται
1275 2543 1309 2577 τῇ
1346 2539 1508 2578 ἱερωνυμίᾳ,
1536 2539 1605 2571 καθά
1629 2550 1682 2566 που
1707 2539 1751 2566 καὶ
1778 2539 1794 2565 ὁ
1816 2538 1886 2575 ἱέραξ

1060 2586 1104 2614 χαί
1129 2587 1143 2613 ὁ
1158 2587 1226 2624 πρὸς
1242 2588 1276 2623 τῇ
1302 2584 1410 2623 Ἀράδῳ
1430 2585 1504 2623 ἱερὸς
1526 2582 1640 2619 κόλπος,
1663 2583 1708 2610 καὶ
1735 2582 1762 2610 εἴ
1773 2593 1799 2610 τι
1818 2581 1885 2610 ἄλλο

1058 2633 1112 2658 τῶν
1137 2631 1280 2664 τοιούτων,
1295 2630 1335 2669 ἐφ’
1350 2630 1386 2657 ὢν
1413 2629 1443 2657 οὗ
1469 2628 1599 2664 ζηλοῦται
1622 2628 1653 2655 τὸ
1675 2628 1760 2666 ἱερὸν.
1777 2628 1814 2656 Ἦ
1835 2627 1884 2664 γὰρ

1064 2675 1150 2712 μάτην
1166 2676 1180 2703 ὁ
1194 2677 1248 2703 τῶν
1264 2674 1408 2708 θειοτάτων
1433 2674 1513 2713 ἱερῶν
1539 2672 1786 2710 ἐπιστημονάρχης
1810 2672 1886 2710 βασι-

1059 2719 1122 2752 λεὺς
1146 2721 1191 2748 καὶ
1216 2720 1302 2752 οὕτως
1326 2720 1404 2758 ἅγιος
1428 2719 1500 2755 ἀξιοῖ
1524 2717 1700 2758 θεοφίλτατος
1725 2717 1848 2752 ἀκούειν,
1863 2714 1885 2743 εἰ

1062 2767 1100 2802 μή
1126 2768 1170 2794 καὶ
1193 2768 1242 2794 τοῦ
1268 2764 1392 2801 ζηλωτὸν
1416 2765 1461 2793 καὶ
1483 2763 1667 2802 περιφόρητον
1691 2762 1764 2800 ἱερὸν
1790 2761 1887 2802 αὐτίκα

1114 2812 1210 2848 κλήσει
1233 2794 1318 2848 satis“
1344 2794 1559 2846 auvzﬁnxoénlo.‘
1585 2794 1686 2847 ίῚέγωγ¹
1710 2794 1769 2844 οὖν,
1794 2806 1818 2835 εἰ
1842 2794 1889 2834 καὶ

1059 2858 1130 2888 θέσιν
1160 2856 1303 2896 φυλάττειν
1332 2855 1546 2893 αἶτιαθήσομαι,
1578 2853 1628 2883 οὐκ
1650 2853 1681 2882 ἃν
1709 2851 1882 2893 συγκαταθά-
