2018 3158
202 186 260 216 9'27

591 186 800 217 EUSTATHII
825 185 1208 217 THESSAIDNICENSIS
1231 183 1523 216 METROPOLITAE

1864 183 1934 214 928

202 251 310 280 dinem.
327 252 383 280 Sed
403 253 471 287 jure
497 252 583 280 talem
608 255 687 281 arcet
709 253 938 286 accusationem,
958 261 1024 280 cum

1097 261 1149 278 που
1176 261 1207 288 γε
1235 251 1278 278 καὶ
1311 249 1398 281 οὕτως
1427 249 1566 289 ἐκφεύγειν
1590 250 1650 288 εἶχε
1674 249 1794 280 δικαίως
1820 248 1858 276 τὰ
1874 252 1931 283 τῆς

202 296 299 324 omnis
311 296 544 331 voluntas,omne
555 298 687 325 studium
700 305 806 334 arsque
818 297 914 325 omnis
924 297 1029 326 excelsi

203 343 231 368 et
247 341 394 377 magniﬁci
411 341 510 377 palatii
527 343 680 377 potestatis
704 345 762 369 ιυω
786 342 924 370 deorsum
937 343 1028 377 jacet,

205 394 258 414 nec
273 386 419 421 quomodo
433 385 570 413 ceciderit
594 386 649 413 dici
676 388 780 421 potest.
797 388 867 413 Cum
886 394 953 422 ergo
972 395 1030 414 non

204 430 290 458 liceat
313 430 400 457 aliam
427 432 590 465 excogitare
618 430 687 458 mali
714 431 889 458 solutionem
908 431 964 458 nisi
982 439 1031 466 per

205 475 334 502 divinam
350 477 378 502 et
392 474 603 502 validissimam
621 475 768 503 dexteram
782 476 893 511 jugiter
908 483 1031 511 regnan-

204 520 244 548 tis
258 527 348 555 super
369 519 468 546 omnia
485 519 544 552 Dei,
565 519 600 546 ad
617 521 696 547 tuam
714 521 949 555 potentissimum
966 529 1031 548 ma-

205 572 288 598 num,
304 563 354 600 qui
370 572 436 591 cum
453 563 503 591 illo
520 572 625 599 regnas
636 565 783 592 terrestris
799 565 886 600 Deus,
898 565 1030 601 confugi-

207 617 273 636 mus
288 617 355 636 cum
373 617 445 644 pura
463 611 558 636 mente
578 610 606 636 et
631 609 789 644 cujuslibet
808 610 1032 646 vituperationis

206 653 365 686 immunes,
382 661 449 680 eum
475 654 525 689 qui
545 653 626 681 solus
651 657 715 689 post
740 654 830 682 Deum
848 663 901 682 nos
918 654 1032 682 salvare

208 701 311 735 potest,
330 698 480 726 humiliter
496 697 696 733 implorantes.
708 697 771 726 Jam
785 701 854 726 sunt
870 699 954 726 nobis
968 699 1031 735 spei

207 743 340 779 pignora,
357 745 385 770 et
410 750 582 777 persuasum
608 742 752 770 habemus
776 743 916 778 quoniam
942 743 1031 777 Deus,

208 788 243 815 ad
261 795 349 822 quem
364 786 519 814 continuas
544 794 595 822 pro
621 788 671 814 tuo
698 786 820 822 imperio
844 795 943 822 preces
965 788 1032 815 fun-

208 830 307 858 dimus
322 839 395 865 quas
411 830 447 857 ab
470 830 534 866 ipso
560 830 676 858 auditas
692 831 879 864 confidimus,
897 831 1032 867 loquetur

209 875 297 902 etiam
314 883 391 902 nunc
405 883 456 910 pro
482 875 566 903 nobis
582 875 658 903 bona
674 875 702 902 in
719 876 804 903 corde
821 884 909 904 sacras
923 877 1031 911 majes-

209 918 279 946 tatis
295 921 361 953 tua),
377 919 501 954 ejusque
525 920 669 955 expendet
690 919 798 948 viscera
821 921 884 956 jam
913 921 1031 949 aliunde

210 965 357 992 commota
380 963 409 990 in
433 964 720 992 commiserationem
749 965 914 993 communis
934 965 1032 1000 exitii;

210 1008 260 1044 qui
275 1008 362 1036 etiam
380 1009 409 1036 in
426 1009 597 1044 depellendo
613 1010 690 1038 malo
714 1010 765 1038 toti
781 1019 885 1038 sumus
902 1013 930 1038 et
945 1019 1034 1047 aeger-

210 1052 284 1080 rime
300 1054 444 1081 ferremus
469 1053 493 1081 si
519 1054 694 1090 supplicatio
711 1057 810 1082 nostra
834 1055 937 1083 eti‘ectu
953 1064 1034 1084 care-

210 1099 254 1125 ret
268 1100 424 1134 postquam
443 1098 535 1126 multa
563 1099 598 1127 ad
626 1099 714 1127 ﬁdem
744 1099 910 1128 faciendum
931 1101 1036 1129 idonea

211 1141 275 1170 sine
288 1143 352 1170 fuco
368 1143 554 1178 protulimus.

247 1250 274 1276 2.
290 1248 343 1277 Illa
358 1257 426 1284 ergo
443 1249 555 1282 civitas,
572 1258 688 1286 semper
703 1251 942 1286 quidem,verum
958 1261 1037 1280 nunc

215 1293 375 1330 prmsertim
391 1296 508 1329 propter
539 1294 729 1322 lortissimam
761 1298 933 1331 potestatem
955 1299 1036 1324 tuam

215 1338 286 1366 urbs
297 1346 361 1366 vere
374 1346 480 1374 magna
490 1338 597 1366 clamat
607 1347 657 1374 per
664 1340 940 1376 nos,imperatorum
950 1341 1038 1368 maxi-

217 1391 262 1410 me
274 1385 301 1410 et
316 1382 509 1410 divinissime.
526 1383 633 1411 Omnes
649 1384 765 1419 quidem
783 1385 869 1413 urbes
888 1385 951 1413 alia:
967 1394 1038 1421 qua-

216 1434 280 1454 rum
294 1434 449 1454 numerum
462 1429 622 1463 supputare
633 1428 827 1464 nequicquam
837 1429 1038 1466 facile,qumab

217 1471 424 1507 antiquissimo
447 1473 577 1507 tempore
612 1473 748 1501 Romana:
773 1475 924 1510 potestatis
948 1475 1040 1503 circu-

219 1516 279 1543 lum
308 1517 458 1551 exornant,
487 1519 516 1545 et
544 1525 617 1553 quas
652 1519 787 1554 (quarum
817 1519 1039 1548 multitudinem

217 1569 355 1589 mensura
370 1569 425 1589 non
442 1562 570 1599 attingit)
587 1563 685 1591 divina
699 1564 792 1592 virtus
807 1566 857 1592 tua
881 1564 954 1593 alias
970 1565 1039 1593 olim

216 1614 331 1634 eversas
356 1606 461 1635 iterum
486 1607 648 1640 suscitavit.
676 1608 750 1637 alias
774 1612 872 1637 autem
898 1609 960 1638 solo
985 1619 1039 1638 no-

217 1650 296 1678 mine
325 1651 469 1687 cognitas,
500 1652 535 1680 de
565 1655 666 1680 caetero
704 1662 771 1682 vero
801 1654 830 1682 in
860 1655 1038 1690 profundum

218 1697 302 1723 terra:
327 1696 476 1723 demersas
504 1695 532 1723 in
562 1697 657 1725 lucem
687 1698 787 1732 edidit,
804 1700 833 1726 et
853 1699 887 1726 ad
913 1698 1041 1734 priorem

219 1740 403 1776 splendorem
416 1740 554 1774 restituit,
568 1741 673 1769 alteras
684 1741 841 1776 etiamjam
859 1742 939 1770 nullo
954 1743 1040 1770 modo

220 1793 281 1812 suae
296 1785 386 1812 ruinis
403 1785 578 1820 superstites
595 1785 768 1814 mirabiliter
779 1795 882 1814 rursus
894 1787 1040 1822 produxit,

220 1836 332 1863 omnes,
350 1829 482 1864 inquam,
499 1829 586 1856 urbes
603 1829 657 1857 illaa
673 1830 747 1857 bene
776 1830 894 1865 habent,
911 1833 939 1858 et
953 1831 982 1858 in
999 1831 1041 1859 fa-

221 1881 287 1900 vore
304 1873 424 1900 fortuna:
453 1876 634 1909 permanent,
653 1876 681 1902 et
708 1876 847 1911 gaudent,
871 1875 948 1904 ultra
976 1877 1041 1903 vitae

221 1918 398 1950 necessaria,
415 1920 457 1944 tot
482 1920 510 1945 et
538 1919 641 1951 tantis,
658 1921 691 1946 ut
720 1927 820 1948 eorum
850 1921 899 1956 qui
931 1921 1041 1950 abillis

222 1961 398 1996 migrarunt,
414 1961 492 1989 ullus
508 1971 544 1990 ne
564 1964 657 1999 possit
679 1964 797 2000 quidem
821 1973 854 1992 ea
878 1966 1041 1994 enuntiare.

222 2006 285 2034 Tus
300 2008 417 2034 econtra
428 2007 529 2036 civitas
543 2016 606 2043 quae
617 2008 681 2044 ipsa
700 2018 816 2046 quoque
832 2010 912 2038 nullo
928 2010 1042 2039 labora-

221 2051 273 2079 bat
286 2051 538 2086 incommodo,sed
551 2053 580 2081 in
592 2054 727 2090 paradiso
737 2055 894 2092 voluptatis
906 2056 1043 2083 omnibus

222 2097 343 2124 omnino
359 2097 511 2125 fruebatur
527 2098 699 2134 bonis,inter
713 2099 808 2135 ipsam
824 2108 908 2128 suam
924 2108 1043 2136 prospe-

222 2141 339 2169 ritatem
355 2151 371 2169 ει
387 2142 465 2170 brevi
491 2144 621 2179 tempore
649 2143 798 2180 afﬂigitur.
814 2145 948 2173 Siccitate
966 2145 1044 2172 enim

222 2185 335 2213 laborat
351 2187 379 2213 in
396 2187 460 2223 ipsa
475 2187 581 2215 hiemis
607 2190 790 2225 tempestate.
806 2189 848 2217 En
877 2189 983 2218 hiemis
999 2198 1045 2218 as-

223 2231 341 2266 peritas,
359 2234 387 2258 et
402 2234 508 2259 terram
526 2233 591 2268 quis
608 2233 711 2261 dixerit
725 2234 832 2261 aestivis
858 2235 959 2262 ardere
974 2234 1043 2262 soli-

224 2276 280 2303 bus
305 2275 355 2311 qui
378 2276 569 2313 Troglodytas
585 2280 684 2307 urunt.
701 2278 771 2306 Cum
789 2280 875 2307 antea
895 2279 971 2306 inter
986 2286 1046 2306 me-

1085 295 1240 330 αἲτιάσεως,
1266 295 1291 322 εἱ*
1318 305 1348 332 γε
1371 298 1444 322 πᾶσα
1471 294 1516 322 καὶ
1549 293 1636 332 βουλὴ
1660 294 1705 322 καὶ
1734 293 1847 328 σπουδὴ
1878 295 1929 321 καὶ

1084 339 1168 378 τέχνη
1197 342 1248 372 τῆς
1280 341 1391 376 ὑψηλῆς
1431 339 1576 377 βασιλικῆς
1603 339 1838 377 ἀρχιτεκτονικῆς
1874 341 1927 366 τοῦ

1085 385 1158 418 θείου
1187 385 1302 422 κράτους
1331 394 1380 411 σου
1408 384 1482 411 κάτω
1510 394 1562 411 που
1590 386 1686 417 κεῖται,
1712 383 1758 410 καὶ
1782 382 1835 410 οὐκ.
1851 381 1928 410 ἔστιν

1086 429 1148 456 ὅσον
1173 429 1256 456 εἷπεῖν
1282 428 1485 457 ὑποπίτιτωκεν.
1507 428 1580 456 Ἑπεὶ
1605 426 1634 456 δὲ
1658 427 1708 455 οὐκ
1733 426 1806 455 ἔστιν
1834 426 1928 455 ἄλλο·

1086 479 1130 506 θεν
1155 471 1213 500 οὐδ’
1237 473 1428 508 ἰπινοήσασθαι
1462 472 1539 500 λύσιν
1563 472 1624 500 τινὰ
1645 474 1694 500 τοῦ
1718 474 1818 505 κακοῦ,
1842 471 1869 499 εἱ
1887 473 1927 507 μή

1088 518 1155 555 μετά
1182 518 1232 552 τὴν
1258 518 1327 545 θείαν
1348 517 1393 545 καὶ
1426 516 1550 549 παναλκῆ
1578 520 1660 555 χεῖρα
1687 519 1737 544 τοῦ
1767 516 1811 544 ἀεὶ
1845 516 1928 553 βασι-

1087 561 1212 593 λεύοντος
1241 562 1286 589 καὶ
1314 561 1359 589 ἕ,πὶ
1387 560 1495 589 πάντων
1532 564 1599 589 Θεοῦ
1627 561 1656 588 ἐκ
1686 564 1738 596 τῆς
1769 561 1927 598 κρατίστης

1086 607 1180 645 χειρός
1195 617 1254 641 σου,
1269 609 1317 634 τοῦ
1333 606 1428 642 ἰκείνῳ
1449 604 1697 642 συμϐασιλεύοντος
1722 605 1770 632 καὶ
1798 604 1928 642 ἐπιγείου

1087 653 1165 685 Θεοῦ,
1195 650 1315 689 εὐλόγως
1343 650 1373 678 ἂν
1403 648 1454 686 ἔξω
1482 650 1572 684 πάσης
1603 650 1734 686 μὲμψιως
1756 649 1924 685 πίπτοιμεν,

1085 697 1125 732 τῷ
1151 696 1226 731 μόνῳ
1250 694 1356 731 δυνατῷ
1380 697 1465 722 σῶσαι
1493 694 1560 731 μετά
1583 694 1647 721 Θεὸν
1672 694 1802 724 ἲκιτικῶς
1826 693 1926 730 ἐντυγ-

1087 741 1226 778 χάνοντες.
1243 741 1365 777 ’Έχομεν
1389 738 1418 766 δὲ
1440 737 1495 774 ἤδη
1521 738 1614 766 καὶτά
1636 742 1688 773 τῆς
1703 737 1822 769 ἐλπίδος
1839 738 1925 765 αὐτό-

1087 785 1129 812 θεν
1159 784 1290 822 ἐχέγγυα,
1320 784 1365 811 καὶ
1393 783 1570 819 πεποίθαμεν,
1605 784 1642 814 ὡς
1668 783 1682 810 ὁ
1711 783 1791 816 Θεὸς,
1819 782 1845 818 ᾧ
1875 783 1923 813 τὰς

1086 828 1237 866 ἐνδιλεχεῖς
1268 828 1333 866 ὑπὶρ
1362 831 1412 863 τῆς
1440 827 1578 866 βασιλείας
1607 838 1654 855 σου
1684 827 1770 865 εὐχὰς
1796 828 1922 862 ἀναπέμ-

1086 883 1183 904 ποντες
1211 871 1326 904 ἕντιλιῖς
1354 872 1438 903 αὐτὰς
1466 872 1637 909 εὑρίσκομεν,
1661 871 1785 906 λαλῆσαι
1810 871 1859 898 καὶ
1876 874 1920 898 νῦν

1048 939 1071 971 Β
1088 917 1154 955 ὖπὶρ
1175 919 1255 954 ἡμῶν
1272 917 1356 955 ἀγαθά
1382 917 1421 948 εἷς
1449 917 1499 951 τὴν
1527 915 1638 954 καρδίαν
1665 919 1716 971 τῆς
1742 917 1823 954 ἁγίας
1844 916 1920 969 βαξξ-

1088 962 1162 993 λιίας
1177 972 1237 996 σου,
1260 962 1420 990 ἀναπετάσει
1443 961 1476 989 τὰ
1495 961 1643 999 σπλάγχνα
1664 960 1781 996 ταύτης,
1808 960 1856 987 καὶ
1878 960 1923 987 ἆλ-

1088 1007 1144 1038 λιυς
1168 1007 1380 1043 πεπλατυσμὲνα
1403 1004 1478 1040 ὅντα,
1503 1005 1542 1037 si:
1566 1005 1612 1033 τὸν
1633 1007 1682 1032 τοῦ
1702 1007 1803 1033 κοινοῦ
1832 1004 1919 1032 ἔλεον·

1089 1052 1116 1079 οἲ
1131 1051 1175 1079 καὶ
1193 1050 1306 1086 ζηλοῦσι
1330 1051 1431 1089 τρόπον
1456 1050 1517 1078 τινὰ
1541 1050 1586 1078 καὶ
1611 1050 1662 1077 ούκ
1684 1050 1798 1077 ἀνεκτὸν
1816 1051 1920 1087 ἡγοῦν-

1088 1107 1132 1124 ται
1148 1097 1186 1132 μὴ
1203 1095 1267 1133 οὐχὶ
1290 1095 1359 1133 πρὸς
1382 1096 1466 1133 πέρας
1489 1095 1596 1132 ἀγαγεῖν
1619 1094 1664 1122 καὶ
1686 1094 1719 1121 τὰ
1742 1097 1796 1129 τῆς
1821 1094 1922 1130 παρού-

1091 1152 1142 1177 σης
1153 1140 1296 1176 αῒτήσεως,
1325 1138 1420 1168 πολλὰ
1443 1140 1488 1168 καὶ
1516 1142 1626 1177 γενναῖα
1648 1139 1693 1166 καὶ
1717 1139 1827 1166 πείθειν
1843 1139 1922 1166 ἱκανὰ

1090 1185 1299 1224 προϊσχόμενοι.

1129 1249 1162 1282 β’.
1178 1250 1284 1275 Ἐκεῖνα
1312 1245 1335 1274 δ’
1363 1247 1380 1281 ὴ
1405 1245 1499 1281 πόλις,
1524 1247 1541 1281 ἡ
1567 1245 1662 1277 ἄλλως
1688 1246 1749 1282 μὶν,
1774 1244 1854 1273 ἀλλὰ
1879 1248 1923 1272 νῦν

1094 1292 1211 1330 μάλιστα
1227 1291 1272 1320 διὰ
1283 1292 1334 1326 τὴν
1358 1292 1408 1326 σὴν
1428 1291 1576 1330 κρατίστην
1602 1290 1682 1328 ίσχὺν
1705 1289 1823 1326 ἀληθῶς
1840 1301 1923 1327 μεγα-

1093 1336 1221 1371 λόπολις,
1239 1337 1292 1374 βοᾷ
1307 1335 1342 1363 δι’
1362 1336 1454 1372 ἡμῶν,
1479 1334 1614 1374 βασιλέων
1641 1335 1751 1372 μέγιστε
1775 1335 1824 1362 καὶ
1849 1332 1923 1366 θειό-

1092 1392 1174 1410 τατε.
1205 1383 1289 1408 Πᾶσαι
1320 1381 1366 1418 μὶν
1403 1379 1486 1408 ἄλλαι
1515 1379 1621 1416 πόλεις,
1651 1380 1683 1411 ἃς
1711 1379 1777 1407 οὐδὲ
1809 1379 1923 1416 ιύχερὶς

1093 1423 1292 1459 καθυποϐαλεῖν
1319 1425 1438 1463 ἀριθμῷ,
1465 1423 1525 1452 ὅσαι
1552 1435 1582 1452 τε
1606 1423 1724 1455 παλαιὸς
1746 1424 1793 1462 ἀφ’
1810 1423 1844 1451 οὗ
1858 1423 1923 1461 γρό-

1092 1482 1138 1502 νος
1169 1471 1215 1498 τὸν
1239 1473 1291 1505 τῆς
1322 1470 1481 1506 Ῥωμαϊκῆς
1509 1469 1598 1507 ἀρχῆς
1623 1468 1725 1497 κύκλον
1753 1471 1922 1505 κοσμοῦσιν,

1093 1516 1138 1544 καὶ
1154 1515 1217 1546 ὅσας
1234 1513 1347 1551 (πολλαὶ
1363 1513 1392 1542 δε
1411 1514 1456 1542 καὶ
1481 1514 1558 1542 αὗται
1578 1513 1623 1541 καὶ
1649 1514 1681 1542 οὐ
1704 1512 1809 1552 ῥᾳδίως
1832 1513 1922 1550 μέτρῳ

1094 1560 1209 1596 ληπταὶ)
1231 1560 1263 1588 τὸ
1288 1559 1333 1587 σὸν
1355 1559 1444 1587 ἔνθεον
1468 1559 1566 1594 κράτος
1591 1559 1639 1590 τὰς
1666 1559 1715 1595 μὲν
1746 1557 1837 1585 πάλαι
1861 1569 1923 1586 κατ-

1095 1604 1246 1644 ενεχθείσας
1269 1603 1308 1635 εἲς
1326 1603 1389 1643 γόνυ
1414 1603 1548 1642 ἀνήγειρε,
1567 1603 1615 1634 τὰς
1639 1602 1678 1638 δὲ,
1706 1602 1825 1640 ὀνόματι
1849 1603 1923 1639 μόνῳ

1095 1649 1308 1689 γνωριζομὲνας,
1331 1651 1369 1684 τῷ
1398 1647 1427 1676 δὲ
1455 1648 1547 1685 λοιπῷ
1575 1648 1655 1676 παντὶ
1682 1647 1751 1676 κατὰ
1775 1651 1831 1686 γῆς
1851 1647 1924 1676 δεδυ-

1094 1694 1180 1730 κυίας,
1202 1694 1239 1725 sic
1263 1696 1320 1733 φῶς
1344 1692 1442 1732 ἤγαγε,
1466 1693 1510 1721 καὶ
1535 1693 1581 1720 τὰν
1607 1691 1703 1732 πρώην
1727 1690 1836 1729 κὸσμον
1860 1693 1925 1720 ἀπέη

1096 1739 1177 1774 δωκε,
1200 1739 1247 1770 τὰς
1272 1737 1301 1766 δὲ
1323 1738 1368 1766 καὶ
1394 1737 1510 1775 μηδαμῆ
1537 1738 1619 1768 οὕσας
1635 1737 1802 1775 εὐμηχάνως
1821 1737 1852 1765 ἐκ
1866 1748 1923 1765 και-

1095 1787 1142 1819 νῆς
1159 1784 1311 1822 παρήγαγε·
1327 1785 1409 1810 πᾶσαι
1435 1781 1468 1817 δὴ
1493 1781 1539 1809 οὖν
1564 1781 1642 1810 αὗται
1656 1782 1752 1813 πόλεις
1769 1781 1798 1810 εὖ
1814 1780 1922 1820 ἔχουσι,

1096 1828 1141 1857 καὶ
1165 1828 1190 1856 ἐν
1219 1827 1297 1864 καλῷ
1320 1827 1409 1865 τύχης
1432 1827 1558 1864 μένουσι,
1584 1827 1629 1854 καὶ
1655 1827 1860 1865 ὑπεντρυφῑῦσι,
1887 1827 1923 1863 μή

1097 1873 1137 1902 ὅτι
1151 1883 1180 1911 γε
1202 1875 1261 1904 τοῖς
1285 1871 1438 1910 ἀναγκαίοις
1463 1872 1507 1899 καὶ
1535 1871 1639 1908 μόνοις,
1661 1870 1735 1899 ἀλλὰ
1758 1871 1805 1898 καὶ
1833 1871 1871 1898 ὧν
1894 1870 1924 1898 οὗ

1096 1919 1164 1946 πάνυ
1187 1928 1229 1948 τις
1255 1916 1379 1944 ἀπόντων
1407 1917 1537 1952 μνήσεται
1561 1917 1630 1943 κατὰ
1653 1915 1754 1954 ἔφεσιν,
1778 1916 1811 1944 Ἡ
1838 1914 1867 1942 δὲ
1891 1915 1923 1949 τῇ

1096 1961 1190 1999 πόλις,
1206 1962 1250 1990 καὶ
1266 1961 1333 1996 αύτή
1353 1960 1438 1999 μηδὶν
1452 1960 1493 1988 ὅτι
1518 1959 1619 1999 ἔχουσα
1644 1959 1845 1998 δυσχεραίνειν,
1862 1960 1925 1988 ἀλλ’

1098 2010 1135 2040 ὡς
1158 2008 1184 2035 ἐν
1208 2005 1363 2045 παραδείσῳ
1387 2010 1492 2046 τρυφῆς
1515 2005 1715 2044 περιρῥεομὲνη
1739 2007 1801 2036 τοῖς
1822 2006 1923 2032 πάντα

1098 2058 1140 2085 θεν
1157 2052 1278 2090 ἀγαθοῖς,
1303 2051 1365 2089 περὶ
1390 2050 1454 2078 αὐτὸ
1475 2051 1506 2078 τὸ
1532 2050 1636 2088 καίριον
1660 2050 1733 2086 παρὰ
1749 2049 1843 2088 βραχὺ
1859 2048 1922 2077 δυσ-

1096 2100 1187 2135 τυχεῖ.
1212 2096 1324 2134 Λῦχμὸς
1347 2096 1397 2134 γὰρ
1419 2096 1504 2130 αὐτὴν
1524 2094 1551 2122 ἐν
1577 2094 1652 2132 μέσῳ
1673 2095 1759 2130 πιέζει
1785 2095 1922 2132 χειμερίῳ

1098 2144 1194 2180 καιρῷ.
1210 2141 1298 2178 Ἀκμή
1325 2142 1464 2178 χειμῶνος
1487 2138 1560 2174 ἲδοὺ,
1578 2139 1624 2167 καὶ
1640 2141 1657 2174 ἡ
1670 2143 1704 2177 γῆ
1722 2155 1755 2160 —-
1771 2138 1836 2167 ἀλλ’
1853 2137 1923 2166 εἴποι

1098 2198 1140 2218 τις
1157 2186 1186 2214 ἂν
1203 2185 1286 2220 αὐτὴν
1313 2187 1430 2221 θερινοῖς
1455 2184 1549 2219 ἠλίοις
1576 2183 1736 2222 βάλλεσθαι,
1753 2184 1848 2211 ὁποῖοι
1862 2182 1925 2214 τοὺς

1099 2229 1294 2268 Τρωγλοδύτας
1322 2229 1452 2256 ἷϐύνουσι.
1478 2229 1530 2256 Καὶ
1554 2226 1594 2255 ὅτι
1617 2228 1679 2265 περὶ
1704 2226 1788 2264 μέσας
1811 2226 1860 2257 τὰς
1874 2229 1924 2260 τῆς

1101 2274 1208 2306 πόλεως
1236 2273 1328 2311 ἀγυιὰς
1353 2275 1501 2309 πομπικῶς
1523 2272 1554 2300 τὸ
1569 2271 1642 2309 ὕδωρ
1666 2272 1703 2302 ὡς
1724 2270 1751 2306 ἐξ
1767 2270 1925 2307 ἀποδημίας

225 2320 289 2348 dias
305 2320 432 2348 civitatis
447 2312 514 2349 vias?
536 2322 689 2358 splendide
705 2331 782 2359 aqua
798 2323 882 2359 quasi
898 2331 932 2351 ex
944 2323 1039 2351 itineri

1101 2318 1284 2357 ἐπιχωριάζον
1313 2316 1467 2353 ἐστέλλετο,
1494 2316 1539 2344 καὶ
1578 2315 1642 2348 τοὺς
1674 2315 1830 2352 θεωμένους
1865 2314 1925 2342 ἰπὶ-

225 2373 340 2392 reversa
355 2365 555 2400 emittebatur,
571 2375 672 2396 omnes
689 2367 815 2396 novitate
835 2368 876 2395 rei
890 2368 1049 2404 stupebant

223 2407 462 2441 intuentes,nunc
477 2410 564 2438 etiam
582 2411 638 2447 ipsi
655 2412 834 2440 urbanarum
852 2413 1047 2440 cisternarum

223 2453 339 2481 canales
355 2455 520 2490 mugientes
536 2457 724 2485 nutritorium
741 2457 896 2485 humorem
910 2458 946 2485 ad
974 2457 1047 2484 hau~

225 2497 334 2526 rientcs
350 2499 493 2528 adducere
518 2509 574 2529 non
601 2504 735 2537 possunt.
764 2504 797 2529 Et
822 2502 943 2538 quinam
960 2510 1048 2530 cana-

224 2542 277 2577 lcs,
291 2544 340 2579 qui
359 2545 455 2573 media
475 2548 574 2574 aestate
599 2547 751 2583 copiosum
779 2549 876 2582 potum
903 2547 1048 2583 profluen-

224 2590 282 2615 tem
299 2589 437 2617 emittunt
453 2591 637 2627 irrigantium
667 2591 849 2619 multitudini
866 2591 1049 2627 superabun-

224 2633 367 2662 dantem?
382 2633 450 2662 Tale
467 2635 686 2664 incommodum
696 2636 806 2672 patitur
814 2637 900 2664 etiam
914 2636 941 2663 in
955 2636 1050 2663 hieme

223 2679 385 2715 )Egyptus;
402 2680 453 2707 sed
469 2681 533 2715 eius
549 2680 653 2708 incolis
679 2683 814 2716 speratur
834 2681 951 2709 aestivus
965 2680 1050 2708 Nilus

224 2726 253 2752 et
274 2724 425 2752 nonnullis
439 2727 520 2752 terra:
536 2725 652 2753 roribus
677 2726 852 2762 semetipsos
877 2725 1050 2758 reﬁcientes,

226 2771 343 2804 quando
360 2770 482 2805 fulgebit
507 2770 741 2806 mstasgpelagus
764 2771 950 2806 conspiciunt
965 2770 1051 2797 tellu-

227 2821 286 2840 rem
305 2815 439 2841 suam.At
451 2814 614 2849 nobistalis
626 2823 693 2850 spes
708 2823 765 2842 non
782 2815 879 2842 illuxit
893 2815 942 2850 qui
955 2814 1050 2842 tabcs-

227 2858 326 2885 eentes
351 2858 460 2885 malum
487 2859 597 2895 experti
623 2867 737 2887 sumus.
754 2859 825 2887 Nam
848 2859 954 2887 defecit
968 2861 1050 2887 tuam

1103 2366 1199 2402 στρεψε
1221 2365 1260 2399 τῷ
1283 2362 1425 2399 θαυμασίῳ
1439 2364 1488 2389 τοῦ
1513 2361 1683 2399 πράγματος,
1705 2362 1858 2395 τηνικαῇα
1879 2360 1925 2387 καὶ

1104 2408 1182 2437 αὐταὶ
1197 2410 1250 2435 τῶν
1276 2407 1344 2435 κατὰ
1366 2406 1447 2434 πόλιν
1473 2406 1594 2445 φρεάτων
1622 2406 1650 2432 αἱ
1665 2402 1764 2444 φλέϐες
1780 2415 1926 2441 συμμεμυ-

1102 2457 1176 2482 κυῖαι
1191 2453 1222 2480 τὸ
1235 2452 1368 2491 τρόφιμον
1391 2451 1471 2489 ὑγρὸν
1496 2453 1554 2481 τοῖς
1576 2449 1738 2488 ἀρυομένοις
1754 2448 1925 2486 ὲποχετεύειν

1104 2499 1153 2526 οὐκ
1175 2495 1280 2536 ἔχουσι.
1310 2496 1360 2524 Καὶ
1383 2494 1467 2523 ταῦτα
1491 2497 1567 2522 ποῖαι
1595 2491 1706 2533 φλέϐες,
1722 2494 1749 2521 αἲ
1774 2493 1819 2521 καὶ
1844 2493 1926 2530 μέσου

1104 2529 1210 2581 Οέρουςν
1221 2541 1293 2570 πολὺ
1317 2541 1348 2569 τὸ
1372 2541 1455 2568 ποτὸν
1490 2529 1692 2567 ἀναϐάλλουσαι
1720 2538 1764 2566 καὶ
1795 2529 1929 2576 ὑπερϐλύ-

1105 2591 1195 2624 ζουσαι
1213 2610 1220 2623 ,
1247 2590 1297 2622 τῆς
1337 2589 1389 2613 τῶν
1429 2584 1614 2623 ἀρδευομένων
1647 2583 1828 2621 πολυχειρίας
1858 2582 1925 2616 ἦσαν

1106 2633 1248 2670 ὑπέρτεραι
1266 2640 1272 2666 ;
1290 2631 1392 2668 Πάσχει
1419 2629 1496 2656 τουτὶ
1519 2629 1551 2657 τὸ
1566 2629 1652 2659 πάθος
1666 2627 1738 2665 τάχα
1754 2637 1807 2654 που
1820 2629 1926 2664 χειμῶ-

1103 2687 1150 2708 νος
1165 2676 1210 2704 καὶ
1225 2675 1374 2713 Αἴγυπτος·
1402 2673 1465 2702 ἀλλ’
1490 2673 1517 2701 ἐν
1542 2671 1633 2700 ἰλπίσι
1657 2674 1717 2702 τοῖς
1742 2671 1799 2698 ἐκεῖ
1817 2671 1831 2698 ὁ
1857 2676 1928 2707 θερι-

1104 2722 1150 2753 νὸς
1165 2720 1276 2756 Νεῖλος⁷
1292 2719 1335 2747 καὶ
1352 2718 1456 2757 ὀλίγοις
1479 2717 1577 2755 ἱδρῶσι
1591 2720 1642 2755 γῆς
1665 2715 1851 2754 ἀναψύχοντες
1865 2715 1927 2743 ἔαυ-

1104 2766 1178 2801 τοὺς,
1203 2765 1247 2793 ὅτι
1272 2764 1348 2803 θίρος
1374 2763 1537 2800 ἀναλάμψει,
1563 2761 1684 2798 πέλαγος
1707 2761 1791 2797 δρῶσι
1806 2760 1856 2803 την
1871 2760 1927 2786 ἑαυ-

1104 2814 1169 2839 τῶν.
1184 2811 1264 2846 Ἡμῖν
1282 2808 1310 2837 δὲ
1330 2810 1364 2836 τὰ
1386 2812 1437 2844 τῆς
1459 2807 1588 2842 τοιαύτης
1613 2804 1725 2836 ἐλπίδος
1742 2802 1860 2840 ἀπέσϐη,
1884 2805 1923 2834 οἷς

1105 2856 1253 2894 φθάσαντες
1278 2854 1454 2893 ἱπειράσαμεν
1481 2854 1530 2880 τοῦ
1555 2852 1650 2879 κακοῦ.
1675 2847 1854 2879 Ἐπιλὶλοιπι
1877 2847 1923 2886 γὰρ
