2002 3158
102 160 149 190 929
678 152 936 185 SUPPLICATIO

103 226 141 260 τὴν
167 224 211 258 σὴν
235 221 314 249 πόλιν
331 221 345 248 ὁ
360 218 461 256 ταύτης
490 219 632 257 χειμέριος
661 218 759 250 ἐκεῖνος
787 217 898 250 Νεῖλος·
916 219 942 254 Α

104 270 138 297 καὶ
152 268 215 296 ἔσται
244 266 338 294 λοιπὸν
369 264 413 292 ἐπὶ
440 265 474 291 τὰ
499 263 559 299 ἑξῆς
581 263 613 291 τὸ
638 262 715 301 θέρος
742 264 811 296 αὐτῇ
826 263 902 301 θὲρος

103 313 205 349 ἀληθῶς,
233 309 317 338 εἴτουν
345 309 457 347 φλίγμα
486 308 580 342 κακὸν,
610 308 678 335 κατὰ
704 308 753 342 τὴν
781 307 904 343 ποίησιν,

103 358 139 386 καὶ
151 355 273 394 θερμότης
295 354 443 392 πυρόεσσα.
469 353 507 382 Τὸ
532 353 582 391 γὰρ
608 352 747 390 ἀναψύχον
774 352 858 390 ὕδωρ,
873 351 905 380 τό

105 401 232 439 ζωογόνον,
258 400 290 428 τὸ
316 399 476 437 παρήγορον
507 396 667 425 ἑπιλὲλοιπε
684 419 690 425 .
718 398 749 424 Ἥ
779 396 906 436 εὔκρατος

105 447 135 478 tl:
158 445 359 481 διακεκαυμένην
389 442 539 471 κινδυνεύει
569 441 713 471 διαπεσεῖν.
742 443 820 480 Πηγὴ
850 443 908 470 ἁνί-

105 490 175 525 ϐαινι,
197 491 333 528 γραφικῶς
355 488 451 523 εἰπεῖν,
480 489 527 515 καῖ
560 486 667 514 ἰπότισε
693 489 744 515 πᾶν
766 487 797 514 τὸ
820 487 907 523 πρόσ-

106 547 166 565 ωπον
178 537 223 573 γῆς
236 538 285 571 τῆς
304 535 363 572 μὲν,
389 533 486 561 οὔκουν
507 532 626 568 ἀπάσης,
651 535 701 567 τῆς
721 531 750 559 δὶ
772 533 841 560 κατά
855 535 907 570 γῆν

105 582 193 609 ἅπασαν
216 579 372 619 πρωτίστης
396 578 498 612 ταύτης
514 579 568 605 τῶν
593 576 712 605 πόλεων.
729 580 782 605 Νῦν
802 576 830 604 δὲ
845 575 910 605 ἀλλ’

106 626 147 654 οὐκ
167 624 272 662 οἴδαμεν
295 624 329 652 τὰ
351 626 402 658 τῆς
427 622 558 658 τοιαύτης
583 625 686 660 πηγῆς,
711 622 773 650 ὅποι
796 625 848 660 γῆς
865 621 910 650 ἔδυ

104 671 140 698 καὶ
153 668 235 708 ᾤχετο
258 669 354 706 μικρὸν
380 668 456 703 ὅσον,
481 667 526 695 καὶ
554 666 623 694 κατὰ
636 666 700 698 τοὺς
715 666 742 694 ἐν
757 669 791 704 τῇ
804 666 911 705 ἀνύδρῳ

105 715 188 743 ὶσεῖται
210 713 298 743 κυποὰ
320 712 365 740 καὶ
390 712 458 747 αὐτὴ
481 711 526 739 καὶ
552 710 669 748 διψῶσα,
684 712 728 738 καί
754 722 817 747 που,
843 712 911 739 εἰτὸ

105 759 172 787 κακὸν
193 758 234 786 ἐπὶ
266 760 358 794 μεῖζον
382 756 488 795 ἁρθείη,
513 756 559 784 καὶ
581 753 695 794 ἕρημος·
722 756 766 783 καὶ
792 756 855 788 τοὺς
885 756 910 783 ἰν

104 803 161 841 αὐτῇ
175 803 220 831 οὐκ
234 803 265 830 ἂν
281 803 393 838 ὀκνήσοι
417 812 458 832 τις
486 801 524 838 μὴ
544 800 589 828 καὶ
611 801 709 832 αὐτοὺς
724 799 768 828 διὰ
781 801 813 828 τὸ
829 801 913 829 ἐκλεί-

105 859 154 876 πειν
177 848 261 886 λέγειν
283 845 442 878 ἀλίϐαντας.
468 845 539 881 Ἤδη
569 846 622 884 πρὸ
652 846 801 884 ὀφθαλμῶν
827 849 911 874 κεῖται

105 894 132 920 τὰ
156 891 244 926 δεινὰ,
273 891 320 920 καὶ
348 889 406 918 οἵαν
432 891 450 925 ἡ
480 888 562 921 πόλις
589 890 766 928 καταράσεται
793 891 951 938 xitchth

104 940 149 964 τῶν
160 936 288 970 πολιτῶν,
303 937 361 963 ὅσοι
384 935 430 972 μὶν
457 935 485 961 οὗ
512 933 607 972 ἔχουσι
628 935 659 961 τὸ
686 934 722 964 εἰς
746 937 835 971 σῶμα,
861 936 912 963 οὐκ

105 979 150 1008 ἔσθ’
175 981 245 1012 ὅπως
276 980 407 1018 ὑγιαίνειν
438 979 674 1016 συγχωρουμένων
703 981 737 1016 τῇ
766 979 912 1016 αὐχμηρό-

105 1035 166 1061 τητι’
192 1028 242 1053 τῶν
274 1024 303 1052 δὲ
331 1025 399 1052 κατὰ
427 1025 506 1051 νόσον
532 1022 625 1054 ἄλλως
646 1023 834 1060 διακειμένων,
861 1024 912 1059 τήν

105 1070 266 1110 ψυχαγωγίαν
284 1068 513 1104 ἀπολωλεκότων,
538 1068 584 1096 καὶ
610 1067 696 1100 οὕτως
721 1067 840 1107 ἐχόντων
864 1069 914 1104 τήν

106 1115 195 1153 ὑγίειαν
207 1113 424 1150 δυσανάκλητον,

133 1230 162 1268 γ’.
178 1229 223 1257 Διά
245 1230 332 1256 ταῦτα
355 1226 486 1265 ἑκχέομιν
511 1227 528 1261 ἡ
545 1228 617 1254 πᾶσα
640 1225 722 1257 πόλις
743 1225 789 1257 τὰς
805 1225 915 1264 καρδίας

105 1275 172 1311 ἡμων
211 1274 328 1302 ὲνώπιον
371 1275 421 1307 τῆς
462 1270 681 1309 βασιλικωτάτης
713 1270 916 1309 φιλανθρωπίας

106 1329 155 1354 σου,
168 1320 210 1347 καὶ
230 1319 283 1354 τὴν
309 1319 358 1345 τοῦ
382 1319 429 1344 σοῦ
453 1316 493 1353 ἐφ’
518 1317 590 1352 ἡμᾶς
616 1314 693 1343 ἐλέου
717 1316 796 1353 χύσιν
825 1315 916 1343 αἰτού-

110 1369 176 1399 μεθα,
203 1362 389 1399 ποτνιώμενοι
417 1361 462 1388 καὶ
499 1361 586 1398 θερμὰ
613 1360 776 1398 προχέοντις
805 1359 916 1397 δάκρυα.

110 1412 232 1436 Ἔκτεινον
256 1408 309 1442 τὴν
339 1406 408 1438 θείαν
435 1406 516 1443 χεῖρά
542 1415 601 1441 σου,
629 1404 674 1432 καὶ
695 1404 766 1432 οὕτω
789 1404 918 1437 κελεύσας

108 1452 319 1487 ἀποκατάστησον
334 1451 366 1479 τὸ
381 1449 454 1488 ὕδωρ
479 1449 522 1477 ἐπὶ
542 1449 647 1487 χώραν,
674 1448 704 1477 οὐ
719 1449 787 1487 πρὸς
801 1450 917 1488 ἡμέραν,

107 1497 138 1528 ὡς
152 1498 182 1524 τὰ
205 1501 254 1532 τῆς
282 1499 403 1534 Γραφῆς,
429 1493 493 1522 ἀλλ’
516 1493 554 1525 ιῖ¹ς
578 1494 663 1521 αἰῶνα
686 1492 761 1529 ὅλον,
784 1494 806 1527 ᾧ
822 1504 918 1522 συνεπ-

107 1541 218 1577 ικταθείη
234 1541 281 1569 καὶ
295 1541 327 1568 τὸ
342 1540 440 1578 κράτος
465 1542 516 1573 τῆς
537 1537 676 1576 βασιλείας
700 1548 758 1566 σου.
775 1538 834 1566 Ούιι
851 1537 920 1565 ἔστιν

107 1585 171 1624 ὕδωρ
199 1588 238 1622 τῷ
269 1585 330 1621 λαῷ
351 1587 433 1612 πιεῖν·
465 1582 510 1614 δὸς
538 1584 606 1619 ἡμῖν
632 1580 715 1619 ὕδωρ,
738 1581 784 1609 ⁹ίνα
799 1582 916 1619 πίωμεν.
935 1594 956 1628 C

106 1630 175 1658 Ἀλλ’
189 1630 276 1658 ἐκεῖνο
295 1629 341 1666 μὶν
367 1626 446 1666 ἕλεγι
469 1628 537 1666 πρὸς
556 1628 600 1655 τὸν
626 1629 674 1654 τοῦ
689 1629 755 1654 Θεοῦ
771 1628 920 1665 θεράποντα

105 1676 213 1710 Μωϋσῆν
237 1675 393 1713 γογγυο-τῆς
422 1672 499 1707 λαός,
525 1671 787 1710 σκληροτράχηλος,
813 1672 858 1699 καὶ
873 1673 923 1705 τῆς

105 1719 224 1757 βρώσεως
242 1719 283 1747 ἔτι
309 1717 391 1754 οὔσης
414 1714 467 1745 ἔσω
491 1717 626 1753 στόματος
646 1718 695 1744 τοῦ
719 1716 858 1754 εὐεργέτου
873 1727 924 1744 κα-

104 1764 232 1794 ταλαλῶν.
252 1764 303 1791 Καὶ
319 1763 406 1794 οὕτως
422 1761 494 1800 ἔχων
511 1778 545 1783 -
557 1760 621 1788 ἀλλ’
641 1761 811 1796 εἶσηκούιτο.
827 1762 924 1798 Ἡμεῖς

107 1806 139 1842 δὲ,
155 1808 217 1840 λαὸς
240 1808 402 1846 εὐγνώμων,
428 1805 522 1834 δοῦλοι
548 1804 576 1833 εὖ
594 1806 667 1842 μάλα
686 1806 838 1842 ἠσκημένοι
854 1806 923 1844 πρὸς

106 1853 196 1888 πίστιν,
224 1854 293 1884 λαὸς
320 1853 435 1889 μνήμων
462 1850 631 1889 εὐεργεσιῶν,
656 1849 827 1889 εὐχάριστος,
845 1849 925 1882 εἰδὼς

107 1896 229 1936 ἀκριϐῶς,
246 1898 289 1929 τίς
314 1897 327 1924 ὁ
353 1895 496 1931 δεσπότης,
512 1895 554 1927 τίς
567 1895 581 1922 ὁ
599 1895 705 1932 σώζων,
721 1895 761 1926 τίς
777 1896 792 1922 δ
806 1896 922 1934 τρέφων,

104 1942 167 1974 τίςὸ
184 1945 230 1980 ζῇν
256 1943 347 1970 ποιῶν
372 1939 503 1980 ἀσφαλῶς
528 1941 556 1976 (ἢ
582 1940 633 1977 γὰρ
651 1939 681 1967 ἃν
706 1939 801 1976 εἴημεν
815 1939 923 1977 ἀλογώ-

104 1996 170 2024 τεροι
186 1988 229 2015 καὶ
252 1989 309 2014 τῶν
332 1986 405 2023 παρὰ.
427 1987 467 2022 τῷ
491 1985 620 2022 προφήτῃ
645 1984 733 2019 ζώων,
759 1984 775 2010 ἃ
799 1984 861 2015 τοὺς
877 1994 924 2011 κυ-

106 2031 172 2068 ρίους
209 2030 268 2059 οἶδε
297 2030 342 2058 καὶ
379 2029 444 2062 τοὺς
480 2027 665 2066 κτησαμένους
694 2028 770 2065 αὐτά)
788 2038 794 2044 ”
825 2027 923 2055 δίκαιοι

103 2075 185 2104 τοίνυν
212 2078 298 2114 ἡμεῖς
329 2075 367 2113 μὴ
395 2073 543 2102 διεκπεσεῖν
560 2095 567 2108 ,
596 2073 627 2101 οὗ
655 2073 799 2103 ποθοῦντες
835 2072 925 2100 αΐτού-

108 2121 178 2156 pila.

136 2178 165 2208 δ’.
181 2176 399 2216 ’Δντεπιξήγαγὲ
424 2186 490 2204 ποτε
517 2175 630 2214 βριαρὰς
659 2178 755 2213 ’χεῖρας
778 2176 796 2210 ἡ
813 2175 928 2212 κραταιὰ

105 2223 225 2258 βασιλεία
249 2233 300 2251 σου
322 2225 362 2259 τῷ
387 2221 550 2258 παλαμναίῳ
572 2220 666 2256 ἐκείνῳ
687 2219 801 2256 σεισμῷ,
816 2222 863 2247 καῖ
878 2219 927 2247 ὅσα

958 154 1036 184 PRO
1058 154 1182 186 CPOLI.
1723 163 1782 193 930

958 219 1102 249 civitatem
1119 221 1253 250 hiemalis
1269 223 1332 259 ejus
1348 223 1442 258 Nilus,
1454 227 1481 253 et
1496 227 1598 255 exinde
1614 230 1699 256 instas
1713 237 1779 257 vcn-

957 267 1023 292 tura
1037 273 1101 293 vere
1130 268 1185 294 erit
1213 270 1311 301 aestus,
1337 269 1397 296 sive
1426 270 1561 298 horrenda
1582 276 1780 309 concrematio,

958 311 1120 338 secundum
1138 312 1260 347 possim,
1287 315 1314 340 et
1339 313 1418 341 calor
1442 314 1556 350 igneus.
1576 318 1682 345 Drfecit
1704 319 1781 346 enim

961 363 1038 390 aqua
1046 355 1178 383 reficiens
1185 356 1333 392 spiritum,
1344 357 1432 385 vitam
1442 366 1584 394 generans
1593 361 1784 399 animumque

962 398 1146 434 refocillans;
1163 403 1191 428 et
1215 401 1266 428 illa
1287 402 1359 429 bene
1385 405 1548 439 temperata
1576 405 1605 432 in
1621 405 1725 434 ultimo
1738 398 1787 436 est

962 443 1131 472 discrimine
1147 453 1182 472 ne
1199 445 1284 480 plane
1296 447 1509 481 exustajaceat.
1529 451 1600 477 Fons
1615 451 1784 486 ascendebat,

962 490 995 516 ut
1007 488 1111 524 loquar
1125 491 1287 517 secundum
1311 491 1504 528 Scripturam,
1525 498 1551 520 et
1574 495 1708 530 irrigabat
1722 498 1785 524 uni-

963 541 1071 560 versam
1085 535 1184 568 faciem
1195 536 1349 568 terrannon
1364 537 1484 564 omnino
1501 538 1620 573 quidem
1632 540 1787 576 universa,

964 578 1014 605 sed
1032 578 1197 607 universam
1214 579 1317 607 faciem
1342 580 1431 616 hujus
1453 582 1579 611 civitatis
1595 592 1658 620 quae
1675 586 1787 614 caeteris

965 622 1104 650 omnibus
1119 623 1276 651 antecellit.
1293 624 1375 652 Nunc
1390 633 1456 653 vero
1479 627 1627 656 nescimus
1642 632 1787 665 quomodo

966 667 1031 694 fons
1046 667 1102 694 iste
1117 670 1222 695 terram
1246 668 1348 703 subiit,
1369 670 1409 697 ita
1436 672 1468 697 ut
1483 679 1555 699 vena
1577 674 1657 701 tenui
1674 677 1787 704 tantum

966 713 1092 744 emanet,
1108 713 1137 739 et
1152 712 1252 740 civitas
1267 713 1302 740 ad
1315 714 1407 741 instar
1415 723 1515 742 eorum
1532 718 1581 752 qui
1600 717 1627 745 in
1644 718 1787 755 inaquoso

967 755 1076 791 degunt
1091 756 1184 783 tristis
1198 756 1234 783 sit
1247 759 1276 783 et
1291 757 1452 790 sitibunda,
1465 762 1492 786 et
1507 760 1676 796 aliquando,
1688 764 1711 790 si
1729 772 1789 791 ma-

968 799 1028 827 lum
1046 801 1074 827 in
1092 801 1187 835 majus
1202 802 1334 836 creverit,
1351 810 1450 830 verum
1467 804 1521 831 erit
1536 805 1696 842 desertum,
1713 809 1791 843 ejus—

968 852 1024 880 que
1039 845 1149 872 incolas
1174 847 1274 881 utpote
1297 847 1362 874 tabe
1391 852 1581 885 consumptos
1606 852 1732 887 quisque
1747 853 1790 881 in-

967 889 1136 917 dubitanter
1142 893 1273 918 mortuos
1284 891 1519 927 appellabitJam
1526 897 1592 922 ante
1600 903 1652 923 ocu
1659 897 1699 924 los
1707 898 1791 926 triste

967 933 1111 961 habemus
1125 935 1338 969 spectaculum,
1355 936 1484 971 urbsque
1501 938 1606 966 civium
1627 949 1789 970 aerumnam

968 979 1121 1006 maledicet
1144 987 1269 1014 quorum
1286 979 1333 1006 alii
1359 989 1478 1016 corpore
1504 982 1576 1010 bene
1592 984 1721 1013 valentes
1739 994 1791 1014 ne-

967 1031 1115 1059 quaquam
1131 1024 1287 1051 sanitutem
1305 1032 1420 1052 servare
1431 1029 1568 1061 poterunt
1583 1032 1701 1065 propter
1715 1031 1791 1058 difﬁ-

968 1068 1105 1096 cultatem
1121 1070 1298 1104 temporum,
1316 1069 1363 1096 alii
1387 1072 1483 1098 autem
1505 1071 1673 1102 laborantes
1689 1076 1791 1105 morbo

968 1114 997 1140 et
1012 1112 1091 1141 omni
1107 1113 1327 1149 refrigeratione
1342 1117 1473 1143 carentes
1486 1124 1544 1144 non
1556 1118 1611 1146 nisi
1623 1127 1697 1155 aegre
1713 1120 1792 1148 sani-

967 1160 1057 1185 tatem
1074 1157 1298 1193 recuperabunt.

1004 1226 1031 1253 3.
1046 1225 1201 1260 Propterea
1225 1224 1404 1253 ell‘undimus
1430 1227 1566 1256 universa
1588 1229 1690 1259 civitas
1705 1232 1793 1261 corda

970 1272 1070 1298 nostra
1085 1270 1113 1296 in
1129 1271 1284 1304 conspectu
1306 1270 1495 1306 regalissimie
1520 1273 1709 1310 benignitatis
1726 1279 1791 1311 tum,

971 1319 997 1343 et
1008 1318 1063 1342 tua
1074 1322 1143 1350 erga
1154 1322 1207 1341 nos
1216 1313 1376 1342 clementia:
1386 1315 1556 1345 eﬂ'usionem
1568 1320 1718 1354 poscimus
1726 1329 1793 1349 cum

972 1360 1041 1387 fletu
1058 1360 1257 1395 deprecantes,
1283 1361 1312 1387 et
1335 1360 1444 1388 calidus
1468 1362 1677 1397 profundentes
1702 1365 1794 1402 laory-

973 1413 1047 1432 mas.
1064 1403 1198 1431 Divinam
1215 1404 1469 1432 extendemanum
1487 1409 1578 1440 tuam,
1591 1410 1795 1444 tuoquejussu

973 1449 1046 1477 educ
1060 1456 1167 1483 aquam
1182 1447 1212 1474 in
1237 1450 1356 1482 terram,
1383 1457 1439 1476 non
1461 1451 1579 1485 quidem
1597 1454 1632 1479 ad
1662 1454 1749 1488 diem,
1766 1457 1798 1481 ut

974 1492 1215 1528 dicitScriptura,
1232 1492 1284 1519 sed
1307 1491 1337 1519 in
1363 1494 1456 1520 totum
1481 1495 1632 1530 saeculum,
1653 1506 1705 1532 per
1719 1499 1796 1533 quod

975 1538 1145 1573 permaneat
1169 1536 1283 1572 imperii
1309 1536 1351 1563 tui
1377 1538 1527 1566 fortitudo.
1553 1550 1567 1564 ‹‹
1583 1540 1645 1568 Non
1665 1544 1709 1569 est
1722 1550 1798 1577 aqua.

975 1581 1081 1618 populo
1093 1581 1127 1608 ad
1140 1580 1314 1614 bibendum;
1326 1582 1363 1608 da
1373 1582 1456 1609 nobis
1464 1591 1569 1618 aquam
1579 1587 1610 1612 ut
1621 1585 1768 1614 bibamus.
1783 1597 1797 1612 »

977 1626 1032 1654 Sed
1049 1626 1126 1653 istud
1143 1625 1260 1661 quidem
1283 1625 1356 1652 dixit
1377 1626 1412 1653 ad
1435 1627 1578 1656 famulum
1605 1630 1652 1657 Usi
1668 1630 1797 1667 Moysem

979 1670 1149 1699 mussitator
1164 1669 1301 1706 populus,
1318 1670 1449 1706 duraque
1473 1673 1595 1706 cervice.
1610 1677 1639 1702 et
1663 1675 1733 1703 dum
1750 1676 1800 1704 ad-

978 1715 1035 1743 huc
1052 1723 1117 1743 esea
1131 1718 1209 1742 esset
1235 1714 1264 1741 iu
1294 1723 1343 1742 ore
1372 1715 1510 1744 nutritori
1537 1717 1722 1748 malediceus.
1747 1721 1802 1754 Qui

978 1760 1045 1788 licet
1061 1759 1127 1787 talis
1142 1761 1228 1794 esset,
1252 1767 1309 1787 non
1331 1762 1426 1788 tamen
1454 1761 1552 1790 minus
1578 1765 1800 1794 exaudiebatur.

980 1805 1037 1834 Nos
1052 1807 1162 1839 autem,
1175 1803 1278 1831 docilis
1294 1804 1429 1840 populus,
1446 1807 1519 1833 servi
1537 1808 1572 1834 ad
1590 1809 1675 1836 ﬁdem
1692 1811 1802 1846 optime

978 1849 1106 1882 exerciti,
1124 1849 1250 1884 populus
1269 1849 1476 1877 beneﬁciorum
1493 1859 1614 1888 memor,
1628 1856 1656 1881 et
1671 1855 1803 1889 gratissi-

980 1903 1056 1930 mus,
1074 1894 1189 1930 penitus
1205 1894 1399 1929 iutelligentes
1414 1897 1480 1931 quis
1497 1898 1646 1932 dominus,
1663 1899 1728 1935 quis
1744 1900 1802 1928 sal-

979 1942 1071 1974 vator,
1087 1939 1154 1974 quis
1178 1939 1304 1966 nutritor
1331 1942 1428 1974 (secus
1452 1942 1529 1969 enim
1560 1951 1693 1972 essemus
1709 1946 1804 1980 stupi-

979 1984 1075 2012 diores
1097 1992 1184 2018 quam
1208 1985 1285 2018 apud
1312 1985 1485 2020 prophetam
1508 1987 1647 2015 animalia
1667 1997 1731 2024 quas
1752 1990 1804 2016 do-

980 2028 1076 2055 minos
1092 2030 1232 2055 noverunt
1254 2030 1281 2055 et
1306 2031 1514 2065 possessores),
1539 2031 1618 2066 digni
1645 2031 1735 2067 igitur
1751 2041 1805 2060 nos

981 2075 1013 2100 ut
1027 2080 1084 2099 non
1101 2071 1269 2107 rejiciamur
1284 2073 1411 2100 maximo
1435 2074 1629 2109 imploramus
1645 2076 1801 2106 desiderio.

1017 2175 1042 2202 4.
1069 2174 1203 2202 Extendit
1227 2174 1295 2202 olim
1325 2175 1436 2203 validas
1468 2185 1572 2204 manus
1601 2178 1807 2213 potentissima

983 2220 1122 2255 majestas
1136 2221 1187 2246 tua
1204 2220 1232 2247 in
1250 2220 1365 2247 funesto
1381 2219 1430 2247 illo
1448 2222 1529 2248 terrm
1547 2225 1638 2256 motu,
1656 2225 1683 2250 et
1698 2226 1808 2259 quanta

104 2268 308 2298 καταπαλαίσας
335 2266 428 2305 βαλεῖν
457 2266 494 2310 είς
523 2269 574 2303 γῆν
604 2265 687 2295 αὐτὸς
712 2264 914 2311 ἐφιλονείκησιν

983 2265 1031 2292 hic
1046 2266 1193 2292 commota
1217 2267 1293 2292 terra
1313 2265 1430 2300 dejecit,
1457 2269 1536 2294 tanta
1565 2267 1657 2302 pietas
1672 2270 1723 2295 tua
1746 2276 1808 2296 ma-

106 2312 168 2347 αὐτή
204 2313 363 2352 φιλοτιμως
390 2307 518 2345 ἀνέστησε
536 2332 543 2344 ,
571 2309 616 2336 καὶ
653 2308 836 2347 καταῤῥυὲντα
864 2319 931 2336 συνο

105 2356 181 2392 ἔπηξε
206 2356 341 2387 δαπάναις
371 2355 480 2393 μυρίαις
505 2354 580 2385 ὅσαις
604 2353 649 2381 καὶ
676 2355 784 2391 χρυσοῦ
808 2354 932 2388 κενώσει,

105 2401 133 2432 ὃς
156 2402 201 2429 καὶ
229 2401 329 2439 μέτρον
349 2403 401 2428 πᾶν
424 2399 618 2436 ὑπερπέπαικε.
648 2398 699 2427 Καὶ
725 2397 845 2426 ἵστανται
867 2408 932 2433 στη-

105 2444 160 2480 λαι,
181 2447 232 2481 τήν
254 2444 386 2480 τοιαύτην
409 2443 569 2483 φιλοτιμίαν
598 2443 769 2481 ἀνάγραπτον
792 2441 932 2481 φέρουσαι,

104 2490 135 2518 τὰ
148 2492 294 2529 πανταχοῦ
307 2493 360 2528 γῆς
386 2490 445 2516 θεῖα
471 2487 581 2525 τιμὲνη,
607 2488 709 2524 ὅσαπερ
725 2488 743 2522 ἡ
758 2489 808 2515 τοῦ
832 2487 934 2525 φρικώ-

106 2532 164 2565 δους
193 2534 301 2562 ἐκείνου
328 2536 413 2562 κακοῦ
442 2532 631 2570 ἀνεμόχλευσι
659 2531 837 2559 κατασείσασα
875 2531 934 2568 τρί-

105 2588 173 2608 αινα.

140 2651 271 2680 ε’.ῐίνοῦ
300 2649 402 2683 τοίνυν,
428 2648 654 2687 εὖεργετικώτατε
685 2646 838 2685 βασιλέων,
869 2647 935 2685 ὅπερ

108 2694 218 2726 ἐκείνοις
234 2693 387 2725 Πακτωλός
408 2704 449 2725 τις
475 2692 648 2731 χρυσοῤῥόας
670 2690 756 2719 πολὺν
772 2691 817 2719 τὸν
835 2692 936 2729 χρυσὸν

109 2739 145 2771 εἰς
171 2737 296 2774 δαπάνην
326 2738 480 2777 προρῥὲων,
508 2736 579 2764 οὕτω
609 2735 642 2770 δὴ
671 2735 716 2763 καὶ
742 2737 810 2772 ἡμῖν
839 2734 937 2767 Νεῖλος

109 2783 212 2821 θερινοῦ
237 2784 400 2822 παρήγορος
425 2781 575 2813 καύσωνος·
608 2779 714 2818 μᾶλλον
746 2780 794 2817 μὶν
824 2780 870 2808 οὖν
892 2780 936 2808 καὶ

108 2829 201 2869 ἄμφω,
228 2828 333 2867 χρυσὸν
360 2824 524 2866 προϐλύζων
554 2826 597 2854 καὶ
627 2823 700 2863 ὕδωρ
729 2824 817 2858 οὕτως
841 2824 938 2863 ἐποχο-

986 2309 1091 2344 gniﬁce
1112 2309 1203 2336 erexit
1231 2311 1260 2336 et
1288 2310 1402 2337 ruentis
1430 2311 1613 2339 conﬁrmavit
1641 2312 1810 2348 sumptibus

987 2353 1151 2381 innumeris
1166 2356 1194 2380 et
1209 2353 1303 2380 multa
1318 2354 1380 2381 auri
1398 2355 1575 2389 profusione,
1593 2357 1669 2392 quod
1692 2365 1811 2386 omnem

988 2398 1142 2434 superabat
1158 2406 1341 2426 mensuram.
1360 2399 1424 2426 Ideo
1439 2402 1519 2427 stant
1538 2401 1680 2428 columnis
1698 2404 1811 2430 tantum

989 2442 1220 2470 muniﬁcentiam
1236 2442 1406 2478 inscriptam
1423 2445 1624 2479 praedicantes,
1639 2448 1667 2474 et
1682 2455 1717 2474 ex
1731 2447 1813 2475 omni

989 2490 1071 2515 terra:
1087 2489 1168 2522 parte
1183 2487 1294 2522 templa
1309 2487 1407 2515 divina
1430 2497 1495 2523 quis
1517 2491 1640 2518 funestae
1657 2491 1750 2519 cladis
1763 2491 1814 2519 tri-

990 2533 1062 2559 dens
1075 2540 1219 2559 concussa
1235 2531 1401 2567 prostravit.

1025 2649 1053 2676 5.
1077 2648 1124 2676 Sic
1147 2656 1216 2684 ergo
1246 2648 1341 2682 hodie,
1372 2648 1583 2685 imperatorum
1613 2653 1815 2681 beneﬁcentis-

991 2692 1076 2728 sime,
1093 2693 1170 2720 sicut
1186 2692 1243 2720 illis
1259 2693 1340 2721 fuisti
1366 2693 1500 2724 Pactolus
1523 2697 1643 2733 quidam
1660 2697 1815 2733 auriﬂuus,

992 2745 1063 2765 auro
1080 2737 1172 2765 multo
1188 2737 1217 2764 in
1230 2740 1366 2773 sumptus
1378 2740 1536 2774 proﬂuens,
1548 2742 1587 2769 ita
1599 2744 1626 2769 et
1638 2742 1722 2769 nobis
1733 2742 1816 2770 Nilus

993 2781 1043 2818 qui
1059 2782 1190 2809 (nativum
1208 2781 1326 2817 mitigat
1339 2786 1456 2817 metum,
1472 2793 1522 2812 seu
1541 2786 1638 2820 potius
1654 2789 1814 2824 utrumque

993 2826 1047 2854 ﬁas
1064 2826 1158 2861 nobis,
1174 2826 1283 2854 civitati
1299 2829 1355 2855 tua:
1370 2836 1475 2857 aurum
1496 2830 1677 2867 profundens
1700 2833 1728 2861 et
1748 2831 1817 2861 vivi-
