2002 3158
207 146 265 176 9-15

596 145 806 178 EUSTATHII
829 146 1212 178 THESSALONICENSIS
1236 147 1527 180 METROPOLI'LE
1673 140 1678 145 ”
1817 154 1864 185 936

209 216 239 242 ut
254 214 418 242 secundum
444 213 630 241 Psalmislam
656 213 770 248 loquar,
796 213 824 239 in
850 212 958 248 quibus
975 222 1020 240 no:

1088 212 1215 250 βασιλεὺς
1239 212 1410 242 διεδείκνυτο,
1441 214 1492 242 Καὶ
1508 214 1541 249 ἦν
1567 216 1646 242 τοῦτο
1669 217 1753 252 κρότος
1772 227 1807 248 τις
1823 228 1863 245 πο-

207 258 295 286 laatati
307 267 411 286 sumus
424 261 541 294 propter
550 258 707 286 Jordanem
721 258 837 291 quidem
849 258 922 285 festa
933 265 1030 293 agere,

206 311 259 330 nec
275 311 332 330 non
347 306 466 339 propter
481 303 665 330 abundantes
690 304 865 338 tropaeorum
887 302 1030 338 regalium

205 347 378 375 diﬂusiones
403 347 526 374 ﬂumina
556 347 692 382 plaudere
723 346 860 373 manibus
886 347 921 373 ad
952 346 1029 374 idem

206 392 306 420 referri
321 392 502 428 putavimus.
534 391 627 427 thue
657 391 750 427 magis
773 399 807 419 ex
836 390 894 418 illis
910 391 1029 419 Davidis

206 437 340 464 hauriam
355 436 449 464 verbis
463 444 469 464 ι
487 436 639 464 invocabat
654 435 778 471 abyssus
797 436 936 470 abyssum
951 445 957 470 ;
974 438 1029 463 ﬂu-

205 481 269 509 vius
284 481 332 509 ille
345 481 441 516 abyssi
458 480 663 508 misericordia:
681 481 754 507 hanc
768 479 926 508 illustrium
944 480 1029 516 abys—

205 533 272 553 sum
301 525 464 553 facinorum
493 525 645 552 invocabat
673 525 704 552 in
732 533 829 552 vocem
857 533 912 552 non
930 525 1028 553 minus

205 578 294 606 quam
310 572 453 598 cataracta
474 569 653 606 mugientem
670 569 1026 605 auribuspue-tonantem.

239 680 265 705 2.
285 678 317 705 Et
332 678 393 706 hare
416 678 535 714 quidem
562 678 615 705 fuit
632 677 702 704 mihi
725 677 873 712 quondam
889 679 917 704 et
933 685 1027 712 usque

204 723 239 750 ad
270 723 344 750 hanc
367 723 444 750 diem
475 722 518 750 lex
547 721 638 750 semel
662 722 780 755 jubens,
811 721 871 749 sole
900 721 1026 756 singulis

204 776 238 794 an
246 767 290 794 nis
306 767 333 794 in
349 767 484 794 eumdem
503 767 596 794 locum
615 767 765 798 redeunte,
783 765 911 801 provolvi
927 774 1024 793 coram

205 811 300 846 adytis
315 814 463 846 gestorum
481 810 666 846 imperatoris
683 811 821 842 felicium,
838 810 915 837 velut
928 818 1024 837 coram

203 856 261 883 Deo
277 857 442 884 sacerdotes
456 856 528 892 legis
548 856 662 889 veteris,
682 856 722 883 ita
747 859 775 883 et
791 864 843 883 nos
868 855 1024 891 imperato-

204 908 265 927 rem
281 900 378 928 diviuo
393 901 502 936 Spiritu
529 901 650 928 ductum
676 900 841 928 allocuturi.
860 899 942 926 Nunc
957 900 1023 935 qui-
1040 911 1062 943 Β

203 946 268 972 dem
285 945 420 973 Jordanis
436 953 482 972 me
498 945 684 980 praeterfugit,
702 945 773 972 alter
784 947 880 971 autem
898 952 946 971 me
960 953 1025 972 sus-

203 990 273 1025 cipit
288 990 394 1017 fluvius
424 991 474 1025 qui
499 990 596 1017 exsilit
621 998 655 1016 ex
683 989 785 1025 gratiis
812 989 859 1016 Dei
889 988 973 1023 quasi
990 996 1024 1015 ex

203 1034 301 1070 abyssi
333 1035 476 1069 fontibus,
503 1037 747 1069 unguentnmque
772 1032 882 1061 redolet
905 1035 968 1060 tum
994 1039 1024 1060 re

204 1081 264 1106 tum
279 1079 406 1106 nomine.
442 1079 574 1106 Refertus
599 1078 653 1105 fuit
680 1077 821 1114 prodigiis
851 1086 908 1104 non
924 1077 1024 1104 minus

203 1131 292 1159 quam
308 1123 445 1151 ﬂuctibus
461 1123 617 1150 ﬂuminum
635 1131 697 1158 quea
720 1122 851 1149 ditantur
867 1120 978 1154 rivulis,
996 1122 1024 1148 et

201 1168 266 1196 ideo
296 1168 416 1195 omnino
454 1175 573 1196 necesse
607 1169 652 1194 est
681 1175 727 1194 me
764 1167 794 1193 in
822 1167 875 1194 hoc
902 1166 1024 1193 ﬂumine

201 1213 347 1248 immergi,
364 1221 399 1240 ne
427 1211 558 1247 undique
585 1211 620 1238 ad
649 1211 728 1238 hunc
745 1210 871 1246 regalem
902 1209 1023 1237 ﬂuvium

201 1256 350 1284 conﬂuant
363 1255 504 1283 orationis
527 1254 622 1281 rivuli.
646 1255 727 1286 Quod
752 1261 868 1289 semper
892 1254 1022 1289 quandiu

201 1301 308 1336 vixero,
335 1309 401 1336 pars
425 1300 481 1327 sim
511 1298 708 1334 imperialium
739 1302 922 1334 tropaeorum,
950 1298 1023 1325 nihil

202 1353 308 1373 novum
323 1346 514 1380 ;justumque
526 1345 603 1371 esset
615 1351 660 1370 me
674 1343 761 1370 etiam
773 1345 921 1370 mortuum
933 1342 1022 1370 talem

202 1398 331 1420 manere,
347 1389 443 1416 divine
459 1388 622 1423 inspirante
647 1387 764 1414 ﬂamine
778 1396 784 1421 ;
806 1387 856 1414 sed
885 1395 952 1414 cum
968 1387 1023 1415 hoc

202 1442 258 1462 non
275 1435 313 1462 sit
341 1435 369 1461 in
396 1435 496 1460 nostra
523 1434 675 1467 potestate,
701 1431 806 1459 saltem
836 1431 864 1458 in
886 1431 1022 1467 praesenti

200 1488 253 1515 per
267 1479 355 1507 vitam
371 1478 450 1514 loqui
468 1486 523 1505 non
540 1477 684 1505 desinam.
705 1476 794 1504 Aliter
817 1476 895 1503 enim
913 1476 1022 1504 nullius

200 1525 308 1561 gratias
338 1525 461 1551 facerem
489 1522 585 1559 pretii,
615 1530 681 1549 cum
716 1522 785 1557 ipsa:
814 1520 877 1548 laete
908 1529 953 1548 me
981 1521 1021 1548 sio

199 1569 365 1604 aspexerint
380 1571 408 1596 et
432 1567 556 1595 dulciter
581 1567 650 1594 mihi
678 1566 862 1599 subriserint,
889 1566 1021 1601 mihique

199 1614 315 1641 illarum
332 1622 401 1649 ergo.
430 1613 635 1648 imperatorem
664 1611 851 1646 antiquarum
878 1610 1020 1638 festivita-

199 1661 260 1685 tum
275 1657 401 1694 singulis
416 1657 501 1684 annis
517 1655 727 1684 recurrentium
754 1656 896 1691 pretiosas
912 1663 1020 1682 merce-

198 1703 249 1730 des
265 1703 374 1737 largitas
389 1704 469 1728 sunt.
487 1701 544 1737 Ego
560 1703 658 1728 autem
676 1700 822 1735 meipsum
840 1703 976 1727 converto
993 1702 1021 1726 et

198 1747 234 1774 ad
264 1746 464 1774 excutiendum
505 1745 649 1780 pigritiam
679 1744 807 1780 suscipio
843 1752 1018 1777 sermonem,

199 1792 316 1826 quando
333 1791 426 1825 magis
441 1797 559 1816 necesse
574 1792 619 1816 est
633 1789 748 1816 excitari
775 1791 802 1815 et
818 1797 884 1816 cum
907 1789 1017 1816 sobrie-

200 1837 258 1862 tate
286 1835 376 1870 loqui.
406 1834 549 1860 Erubesce
579 1834 613 1860 de
652 1833 704 1860 hac
731 1833 825 1861 amica
854 1833 1019 1868 nutricique

200 1878 364 1913 eloquentia
387 1887 449 1913 quae
479 1885 525 1904 me
554 1877 649 1905 adhuc
676 1881 853 1913 pucrum,et
881 1877 1019 1913 lanugine

200 1923 329 1950 nondum
356 1922 492 1949 vestitum
518 1922 661 1949 rhetorem
687 1922 797 1957 regium
828 1923 1017 1958 proponebat,

199 1967 315 2002 quando
332 1967 408 1994 Deus
425 1974 517 2001 nuper
542 1967 569 1993 in
596 1966 644 1994 illa
659 1967 726 1994 sede
748 1970 775 1994 te
804 1967 1017 2002 constituisset,

197 2015 225 2039 et
241 2014 308 2038 tunc
338 2011 447 2038 fontem
472 2011 643 2046 eloquentiae
668 2011 791 2046 aperuit,
819 2014 918 2046 postea
933 2011 1017 2038 vehe-

196 2057 368 2084 mentiorem
386 2056 494 2083 factum
511 2064 613 2083 rursus
630 2055 837 2088 manifestavit,
852 2065 887 2082 an
905 2055 1017 2090 specio-

196 2102 256 2128 sior
271 2104 299 2128 et
311 2100 456 2136 copiosior
482 2100 520 2127 sit
540 2100 590 2128 illo
612 2100 691 2127 fonte
701 2100 763 2135 jam
794 2103 964 2134 memorato,
980 2107 1016 2126 an

195 2146 305 2182 pariter
319 2145 442 2172 indivise
464 2144 680 2180 tranquilleque
702 2147 830 2177 emanet,
856 2153 892 2172 an
911 2145 1018 2180 pariter

195 2193 271 2218 recte
286 2190 323 2218 ab
337 2190 415 2217 exitu
431 2189 532 2216 efﬂuat
553 2192 582 2216 et
605 2189 667 2216 sine
689 2189 812 2216 circuitu
839 2192 948 2222 currat,
964 2197 1016 2223 ego

195 2236 314 2271 quidem
330 2234 437 2262 nescio.
450 2234 554 2262 Verum
572 2234 618 2260 hic
634 2234 668 2261 ad
687 2242 732 2260 me
748 2234 944 2269 evangelicum
960 2233 1015 2261 im-

1085 260 1187 293 ταμῶν,
1206 258 1288 285 εἰπεῖν
1312 257 1471 295 ψαλμικῶς,
1493 258 1538 286 καὶ
1555 260 1596 291 οἷς
1624 260 1697 296 ἡμεῖς
1723 259 1862 298 διεχεόμεῦα.

1084 301 1121 330 Τὸ
1138 302 1184 338 μὶν
1202 302 1245 329 ἐπὶ
1260 304 1299 338 τῷ
1325 301 1447 340 Ἰορδάνῃ
1472 302 1572 340 ἐόρτια,
1587 303 1618 331 τὸ
1634 302 1661 331 δὲ
1679 303 1717 331 ἐπὶ
1731 308 1781 336 ταῖς
1794 305 1865 333 πολυ-

1084 346 1201 384 χεόμοσι
1220 349 1274 374 τῶν
1300 346 1449 384 βασιλικῶν
1476 347 1612 385 τροπαίων
1634 349 1778 386 προχεύσεσι
1799 360 1865 377 ποτα-

1124 390 1130 408 .‘
1250 394 1264 399 ~
1303 402 1309 407 .
1438 392 1445 402 κ
1480 393 1486 400 ε
1539 392 1544 401 ι
1569 392 1575 401 ι
1605 392 1610 400 ’
1667 392 1672 401 ι
1807 394 1812 401 ι
1831 393 1841 404 π

1085 401 1153 426 μους
1173 401 1279 429 κροτειν
1305 391 1377 430 χειρὶ
1401 391 1445 419 ἐπι
1461 403 1491 420 το
1517 403 1580 419 αυτο
1602 391 1758 429 εδοξαζομεν.
1773 397 1815 420 Κιι
1836 405 1868 421 ινα

1081 437 1131 462 τοῦ
1158 438 1300 463 Δαυϊτικοῦ
1325 436 1458 474 ῥεύματος
1481 435 1525 463 ἐπὶ
1551 436 1634 464 πλέον
1656 437 1780 474 ἁρύσαιμι,
1801 448 1867 474 προε-

1082 479 1192 508 καλεῖτο
1217 478 1333 512 ἄϐυσσος
1355 478 1482 515 ἄϐυσσον,
1507 481 1630 517 ποταμὸς
1659 481 1751 512 ἐκεῖνος
1773 479 1869 509 ἀϐύσσου

1082 524 1175 556 ἐλέους
1204 523 1317 553 ἄϐυσσον
1350 525 1449 560 ταύτην
1479 526 1695 563 κατορθωμάτων
1723 525 1756 557 εἷς
1782 527 1867 563 φωνὴν,

1082 568 1160 597 οὐδὲν
1191 570 1272 604 ἦττον
1302 571 1471 608 καταράκτου
1502 571 1654 608 βροντῶσαι
1685 570 1719 601 εἷς
1749 570 1810 605 ἀκοὴ
1834 570 1870 598 καὶ

1082 613 1252 649 ἐξάκουστον.

1118 677 1151 714 β’.
1165 677 1217 704 Καὶ
1230 679 1314 704 ταῦτα
1331 678 1379 714 μὲν
1404 687 1450 714 μοι
1478 677 1543 715 ἄχρι
1568 678 1612 704 καὶ
1638 676 1721 715 ἐσάρτι
1743 677 1782 704 καὶ
1803 677 1870 713 νόμος

1079 732 1121 752 τις
1137 721 1216 752 οὗτος
1232 720 1329 756 ἔκειτο,
1346 722 1418 756 ἅπαζ
1433 732 1485 749 που
1511 721 1685 758 θεμιστεύων,
1708 725 1753 756 τῆς
1773 720 1870 755 ἡλιακῆς

1080 765 1161 792 αὐτοῦ
1191 766 1431 796 ἀποκαταστάσεως
1458 766 1495 797 εἰς
1524 767 1557 793 τὰ
1581 768 1635 793 τῶν
1664 765 1799 803 βασιλικῶν
1817 776 1870 802 προ-

1079 809 1189 837 κόπτειν
1218 811 1436 848 κατορθωμάτων
1467 810 1561 845 ἄδυτα,
1590 812 1658 842 καθὰ
1685 813 1740 846 Θεῷ
1760 809 1815 841 τοὺς
1835 812 1872 836 τοῦ

1079 853 1247 882 παλαιτάτου
1275 856 1362 891 νόμου
1389 855 1490 893 ἱερεῖς,
1520 855 1591 882 οὕτω
1622 855 1725 893 βασιλεῖ
1747 855 1787 881 καὶ
1813 855 1871 890 ἡμᾶς

1079 897 1161 935 ἐνοέῳ
1190 899 1466 936 προσομιλήσοντας.
1498 902 1552 928 Νῦν
1584 898 1613 927 δὲ
1642 900 1655 927 ὁ
1685 899 1729 936 μὶν
1757 897 1872 935 Ἰορδάνης

1079 943 1306 980 παραῤῥυίσκεταί
1331 954 1375 980 με,
1400 943 1485 975 ἄλλος
1502 943 1531 971 ὂὶ
1553 944 1677 980 ποταμὸς
1698 941 1872 980 μιτεκὸἐχεται,

1078 988 1106 1018 ὃς
1124 988 1244 1025 χαρίτων
1261 989 1307 1024 μὲν
1330 991 1397 1015 Θεοῦ
1421 987 1578 1022 ἀναποδύει,
1595 989 1645 1016 ὅσα
1665 988 1708 1015 καὶ
1732 988 1755 1023 ἐξ
1776 985 1872 1014 ἆὸόσσου

1077 1035 1186 1069 πηγῶν
1205 1033 1290 1071 μύρου
1306 1031 1334 1061 δὲ
1355 1031 1442 1060 ὄδωδε
1463 1033 1531 1071 πρὸς
1555 1034 1586 1060 τὸ
1601 1036 1712 1071 πρᾶγμα.
1734 1033 1774 1060 καὶ
1791 1030 1870 1067 ὄνομα.

1078 1076 1205 1112 Ηέπληθε
1221 1076 1249 1105 δὲ
1265 1078 1396 1115 θαύμασιν
1421 1077 1474 1115 οὐχ
1497 1078 1578 1112 ἦττον
1602 1079 1622 1113 ἢ
1644 1077 1754 1114 νάμασιν
1769 1076 1816 1104 τῶν
1837 1086 1873 1102 πο-

1077 1124 1183 1158 ταμῶν,
1201 1123 1226 1149 οἳ
1242 1121 1391 1149 πλουτοῦσι
1415 1125 1473 1153 τοῖς
1499 1122 1623 1160 ῥεύμασι·
1646 1122 1691 1150 καὶ
1714 1122 1797 1159 χρεὼν
1819 1119 1872 1147 πάγη

1077 1177 1131 1197 τως
1146 1166 1190 1194 καὶ
1206 1165 1251 1194 διὰ
1265 1169 1345 1194 τοῦτο
1366 1169 1406 1203 τῷ
1429 1169 1548 1203 ποταμῷ
1572 1166 1668 1204 ἐκείνῳ
1692 1164 1825 1202 ἐμϐάπτων
1841 1174 1875 1200 με,

1076 1210 1121 1238 ’ίνα
1145 1212 1182 1247 μή
1208 1211 1378 1248 πανταχόθεν
1404 1212 1417 1238 ὁ
1435 1211 1577 1248 βασιλικὸς
1606 1211 1685 1242 οὗτος
1711 1210 1823 1246 ποταμὸς
1842 1207 1876 1243 εἴη

1077 1257 1129 1282 τῶν
1156 1257 1204 1282 τοῦ
1229 1255 1312 1292 λόγου
1334 1255 1474 1293 ῥευμάτων
1500 1256 1555 1283 οἷον
1586 1256 1755 1293 μισγάγκεια.
1778 1254 1823 1282 Καὶ
1847 1252 1878 1280 ἀεὶ

1078 1299 1164 1337 λάχος
1187 1302 1240 1327 τῶν
1266 1299 1416 1338 βασιλικῶν
1440 1300 1579 1337 τροπαίων
1602 1300 1727 1338 γίνομαι,
1753 1299 1781 1326 οὐ
1802 1297 1878 1326 καινὸν

1077 1343 1166 1378 οὐδὲν,
1193 1343 1235 1371 ἐὰν
1263 1346 1326 1378 ζῶν·
1351 1344 1384 1378 ἧν
1410 1343 1439 1371 δὲ
1464 1343 1494 1371 ἂν
1518 1343 1636 1377 δίκαιον,
1664 1344 1688 1372 εἷ
1708 1343 1751 1371 καὶ
1773 1349 1878 1374 τεθνιωςι

1077 1388 1263 1424 ἐμπνεομὲνου
1293 1389 1428 1426 ζωογόνου
1457 1388 1624 1425 πνεύματος·
1647 1389 1706 1416 ἐπεὶ
1729 1387 1757 1415 δὲ
1773 1388 1807 1424 μή
1824 1386 1878 1413 ἐκεῖ·

1077 1443 1117 1466 vo,
1131 1433 1162 1460 τὸ
1176 1435 1238 1469 γοῦν
1255 1433 1340 1469 παρὸν
1356 1432 1405 1460 οὐκ
1427 1432 1456 1460 ἂν
1471 1433 1631 1470 παυσαίμην
1660 1432 1705 1460 διὰ
1720 1432 1777 1470 βίου
1791 1430 1878 1458 λαλῶν.

1076 1478 1111 1505 Ἢ
1126 1477 1177 1515 γὰρ
1192 1476 1222 1504 ἂν
1239 1475 1363 1512 ἀδικοίην
1376 1477 1424 1508 τὰς
1447 1477 1573 1515 χάριτας,
1600 1478 1645 1506 ἐὰν
1671 1477 1747 1505 αὐταὶ
1774 1477 1816 1513 μὶν
1830 1474 1879 1502 ἴλα-

1077 1521 1123 1558 ρὸν
1138 1521 1210 1549 οὕτω
1234 1519 1433 1559 προσέϐλεψαν,
1458 1523 1504 1549 καὶ
1528 1521 1617 1560 γλυκύ
1643 1533 1690 1559 μοι
1709 1518 1879 1559 προσεμειδία-

1077 1577 1135 1600 σαν,
1164 1566 1208 1593 καὶ
1236 1568 1288 1593 τῶν
1318 1565 1403 1593 πάλαι
1434 1565 1582 1603 βασιλικῶν
1624 1567 1733 1594 ἐκείνων
1759 1564 1880 1603 ἐγκαινίων

1076 1608 1194 1646 ἀμοιϐὰς
1214 1610 1385 1647 πολυτίμους
1410 1609 1632 1648 ἑδαψιλεύσαντο·
1661 1611 1714 1649 ἰγὼ
1740 1609 1761 1638 δ’
1783 1606 1880 1645 ἒμαυτᾶν

1075 1655 1247 1692 ἀποστρέψιυ,
1262 1655 1307 1682 καὶ
1333 1655 1371 1686 εἷς
1398 1654 1477 1682 ὅκνον
1499 1653 1700 1693 καταϐαρυνοῶ
1723 1657 1769 1682 τοῦ
1791 1652 1882 1685 λαλεῖν,

1074 1699 1119 1727 ὅτε
1144 1700 1188 1726 καὶ
1220 1699 1326 1736 μᾶλλον
1357 1699 1534 1738 ἐγρηγορέναι
1563 1701 1680 1738 χρεὼν,
1708 1699 1751 1727 καὶ
1779 1696 1882 1733 νηφάλια

1074 1744 1241 1782 φθέγγεσθαι.
1266 1743 1392 1781 Δῖ¹σχυνῶ
1420 1743 1443 1771 δ’
1462 1743 1491 1771 ἃν
1507 1744 1551 1772 καί
1566 1746 1618 1779 τὴν
1645 1745 1729 1784 φίλην
1746 1744 1882 1780 θρέπτειραν

1075 1788 1225 1826 ῥητορείαν.
1241 1788 1302 1822 ἥτις
1327 1787 1365 1815 ἔτι
1389 1787 1473 1816 παῖδά
1499 1799 1532 1825 με
1547 1787 1624 1824 ὄντα,
1650 1789 1695 1816 καὶ
1711 1787 1772 1816 οὐδὲ
1786 1787 1820 1817 εἷς
1834 1786 1883 1813 ἴου-

1075 1832 1121 1860 λον
1151 1833 1267 1871 ἀρτιφυῆ
1296 1833 1486 1870 λασιούμενον,
1512 1833 1618 1871 ῥήτορα
1648 1833 1788 1872 βασιλικὸν
1814 1839 1883 1867 παρε-

1074 1877 1201 1912 στήσατο,
1229 1877 1309 1912 ἡνίκα
1337 1878 1402 1908 Θεὸς
1430 1878 1463 1905 τὰ
1488 1880 1583 1916 πρῶτα
1615 1879 1661 1906 ἐπὶ
1686 1882 1735 1913 τῆς
1757 1875 1882 1915 βασιλικῆς

1071 1921 1171 1956 ταύτης
1186 1921 1291 1949 ἐκάθισὲ
1315 1932 1344 1949 σε
1369 1925 1521 1958 περιωπῆς,
1537 1923 1581 1950 καὶ
1606 1923 1660 1957 τὴν
1678 1919 1764 1961 φλέϐα
1786 1922 1830 1948 τοῦ
1842 1919 1882 1957 ρη-

1071 1965 1190 2003 τορεύειν
1219 1966 1281 1993 τότε
1308 1967 1354 2002 μὲν
1384 1967 1536 2002 ὑπήνοιξεν,
1566 1967 1625 1995 εἶτα
1655 1966 1700 1994 ἐπὶ
1732 1965 1826 2003 μακρὸν
1846 1973 1883 1990 σν-

1072 2010 1213 2038 σταλεῖσαν
1240 2009 1313 2041 αὖθις
1337 2010 1458 2049 ἐξέφηνεν
1476 2033 1483 2045 ,
1501 2011 1550 2038 οὐκ
1574 2010 1638 2039 οἶδα
1666 2012 1726 2048 μὲν,
1750 2010 1771 2038 εἰ
1785 2007 1884 2037 κάλλιον

1071 2055 1121 2082 me
1146 2055 1342 2094 πρωτοφανοῦς
1372 2055 1474 2083 ἐκείνου
1502 2056 1546 2083 καὶ
1572 2056 1760 2094 άθρούστιρον
1788 2053 1885 2092 ῥευμα-

1070 2110 1128 2133 τος,
1156 2100 1306 2137 βλύζουσαν
1335 2099 1363 2127 δὲ
1387 2099 1464 2136 ὅμως
1488 2099 1600 2138 ἀσχιδὲς
1628 2101 1677 2128 καὶ
1703 2097 1884 2138 άρῥέμϐαστον,

1071 2144 1114 2171 καὶ
1133 2143 1258 2176 ίθυτενῶς
1272 2146 1324 2171 τῶν
1348 2142 1470 2172 ἐκϐολῶν
1498 2144 1659 2182 ἐφιεμένην,
1687 2144 1733 2173 καί
1753 2141 1887 2181 ἀπεριπλά-

1071 2199 1139 2224 νητα
1155 2189 1275 2220 θέουσαν.
1298 2189 1368 2226 Ἐγὼ
1394 2187 1422 2216 ’δὲ
1445 2188 1556 2216 ἐνταῦθα
1578 2190 1627 2216 καὶ
1654 2190 1704 2224 τὴν
1727 2185 1886 2226 εὖαγγελικὴν

1070 2234 1185 2271 κατάραν
1216 2233 1325 2269 Ξμαυτῷ
1348 2232 1464 2269 ἐπικλῶ,
1493 2233 1539 2261 καὶ
1565 2233 1637 2269 ἆξιῶ
1664 2233 1782 2271 ἐμαυτὸν
1807 2231 1834 2260 οὗ
1856 2229 1886 2266 μὴ

193 2280 387 2316 precationem
403 2279 506 2313 refero,
523 2280 564 2305 -ει
592 2286 639 2305 me
663 2286 720 2305 non
736 2277 868 2306 existimo
893 2278 1016 2314 dignum

1076 2277 1181 2315 βλέπειν
1210 2279 1259 2313 τὴν
1290 2278 1338 2312 σὴν
1369 2276 1518 2316 βασιλείαν,
1549 2277 1582 2313 ἢν
1614 2282 1678 2310 ταῖς
1712 2275 1886 2314 ἀνδραγαθίαις

194 2325 244 2359 qui
258 2326 339 2351 tuam
357 2324 549 2359 majestatem,
568 2322 625 2349 luis
644 2323 801 2350 benefactis
816 2325 931 2350 auctam
948 2331 1016 2350 con-

195 2369 328 2404 templor,
347 2369 402 2396 nisi
430 2376 587 2396 conversus
610 2368 677 2395 ﬁam
705 2368 753 2396 ille
780 2377 851 2404 puer
876 2369 1016 2404 temporis

195 2413 323 2448 acti,quo
332 2415 360 2440 te
371 2413 409 2440 im
416 2416 576 2448 peratorem
586 2412 742 2440 laudativis
749 2413 934 2441 sermonibus
941 2413 1017 2441 salu-

195 2456 293 2484 tabam
309 2457 381 2484 etin
408 2457 461 2484 hac
487 2457 638 2485 nobilitate
667 2466 832 2486 remaneam
858 2467 909 2493 per
923 2461 1014 2486 totam

194 2501 410 2535 vitam,necnon
424 2502 500 2529 sicut
515 2501 583 2529 olim
601 2501 766 2529 balbutiens
782 2502 952 2538 eloquentiae
968 2502 1014 2530 lit-

192 2549 271 2574 teras
284 2546 405 2582 indigno
420 2546 626 2574 festivitatibus
638 2547 777 2581 modo,ita
792 2549 820 2574 et
831 2556 907 2575 nunc
919 2547 1016 2575 senior

193 2591 320 2620 tremula
329 2598 398 2618 voce
407 2590 520 2626 loquor.
530 2591 705 2626 Nonnejure
716 2591 851 2620 criminis
860 2591 1015 2628 ingratitu-

192 2638 270 2666 dinis
286 2644 433 2674 arguerer,
450 2636 475 2663 si
492 2645 586 2664 meum
608 2636 636 2663 iu
653 2645 702 2664 ore
719 2645 783 2664 meo
810 2637 1015 2665 concluderem

192 2682 335 2719 linguam,
351 2689 510 2716 vocemque
525 2681 657 2708 attollere
672 2685 701 2708 et
722 2689 888 2709 sermonem
910 2681 1016 2710 habere

193 2735 358 2755 recusarem
371 2726 385 2754 ?
401 2726 526 2758 Etenim,
544 2733 592 2752 rex
615 2725 838 2761 benignissime,
864 2728 895 2754 tu
920 2735 967 2754 me
981 2735 1016 2754 ex

192 2779 289 2799 rerum
306 2771 377 2799 limo
402 2771 432 2798 in
460 2769 647 2806 splendorem
677 2770 752 2798 lucis
767 2771 886 2799 evexisti
906 2771 1016 2799 vitam-

193 2823 250 2853 que
265 2816 409 2844 humilem
423 2816 454 2844 in
470 2813 621 2845 Pactolum
636 2815 755 2844 divitem
782 2816 971 2846 commutasti
986 2819 1015 2846 et

1071 2321 1236 2360 οὐράνωσας,
1264 2321 1287 2349 εί
1319 2323 1357 2359 μὴ
1379 2323 1504 2362 στραφεὶς
1528 2322 1658 2361 γένωμαι
1685 2324 1699 2351 ὁ
1716 2325 1779 2354 παῖς
1802 2321 1888 2349 ἐκεῖνος

1071 2367 1085 2394 ὁ
1108 2365 1205 2400 πάλαι,
1236 2366 1280 2394 ὅτε
1302 2377 1331 2394 σε
1353 2366 1517 2405 τὸνβασιλέα
1541 2367 1700 2405 ἐγκαινίοις
1728 2367 1816 2404 λόγων
1842 2363 1887 2391 ἑδε-

1071 2411 1222 2448 ξιωσάμην,
1249 2411 1293 2439 καὶ
1319 2412 1391 2448 μενὼ
1414 2411 1439 2439 ἰν
1465 2413 1499 2449 τῇ
1522 2412 1729 2450 εὐγνωμοσύνᾳ
1754 2412 1831 2447 ταύτῃ
1853 2406 1889 2435 διἂ

1073 2457 1134 2494 βίου
1163 2455 1262 2487 παντὸς
1291 2456 1316 2483 εἷ’
1342 2456 1388 2484 καὶ
1422 2455 1512 2494 ὥσπερ
1540 2456 1604 2484 τότε
1634 2458 1671 2484 τὰ
1691 2457 1730 2488 εἰς
1763 2453 1887 2494 ῥητορείαν

1070 2499 1219 2538 ψελλίζων,
1243 2501 1288 2528 καὶ
1308 2501 1339 2528 οὐ
1362 2501 1431 2538 πρὸς
1456 2501 1529 2537 ἀξίαν
1552 2505 1606 2536 τῆς
1634 2502 1749 2540 ἑορτῆς,
1766 2500 1833 2528 οὕτω
1854 2495 1889 2524 καὶ

1070 2548 1115 2573 νῦν
1141 2548 1181 2582 τῷ
1209 2546 1281 2584 γήρᾳ
1303 2545 1445 2584 τρομαλὲα
1469 2546 1669 2584 φθεγγόμενος.
1698 2547 1732 2575 'H
1759 2544 1833 2574 ποίας
1851 2540 1892 2569 οὒκ

1070 2590 1099 2617 ἂν
1128 2590 1250 2628 κριθείην
1273 2589 1470 2627 ἀγνωμοσύνης
1486 2614 1494 2627 ,
1520 2591 1569 2625 τὴν
1603 2590 1738 2628 γλῶσσαν
1766 2587 1892 2627 ἐγκλείσας

1069 2637 1108 2671 τῷ
1123 2634 1282 2671 ἐξανοίξαντί
1312 2645 1359 2671 μοι
1387 2635 1419 2662 τὸ
1448 2634 1546 2671 στόμα,
1571 2635 1621 2662 καὶ
1650 2635 1749 2663 λαλεῖν
1772 2630 1895 2671 καὶςδέγ·

1069 2682 1186 2719 γεσοαι;
1208 2681 1262 2709 Ναὶ
1289 2680 1351 2718 γὰρ,
1381 2681 1404 2707 ὦ
1434 2680 1567 2718 βασιλέων
1601 2681 1841 2719 εὐεργετικώτατε,
1868 2674 1893 2702 σύ

1072 2736 1105 2762 με
1125 2725 1169 2753 καὶ
1194 2725 1247 2752 ἀπὸ
1274 2724 1352 2756 ἰλύος
1375 2726 1546 2763 πραγμάτων
1568 2725 1610 2756 εἰς
1639 2724 1805 2763 λάμπουσαν
1824 2720 1894 2759 μετή-

1069 2780 1160 2808 νεγκας
1187 2770 1370 2808 καθαρότητα,
1400 2770 1444 2798 καὶ
1470 2769 1591 2807 ἤμειψάς
1627 2781 1677 2807 μοι
1702 2771 1750 2798 τὸν
1774 2770 1820 2796 τοῦ
1842 2765 1892 2804 βίου

1069 2815 1160 2852 πηλὸν
1185 2815 1222 2847 εἷς
1246 2813 1430 2843 πλουτοποιὸν
1458 2813 1623 2852 Πακτωλὸν,
1645 2815 1694 2844 καὶ
1711 2816 1763 2852 τήν
1779 2810 1891 2853 ἆγοραίαν
