2002 3158
103 165 154 194 937

103 228 249 265 στωμυλίαν
282 229 320 260 εἷς
358 229 452 267 εὐγενῆ
497 230 632 269 λαμυρίαν
672 234 831 271 μετέθηκας,
870 239 913 265 καὶ

104 274 177 310 γῆθεν
197 271 333 300 λαλοῦντά
349 284 383 310 με
405 275 472 312 πρὸς
497 275 632 314 μετέωρον
663 277 790 315 ὕψωσας·
816 281 860 308 καὶ
888 282 919 309 τὸ

102 316 123 344 ἐν
143 316 202 353 ἐμοὶ
223 318 333 355 χθόνιον
357 320 406 346 τοῦ
420 319 525 357 Ἑρμοῦ
549 322 689 359 πτερώσας
707 325 764 351 οἷον
796 325 918 363 οὐράνιο-

102 372 152 396 σας,
166 361 209 388 καὶ
224 362 349 399 γλῶσσάν
369 373 416 399 μοι
444 364 618 402 μογγιλάλον
648 361 834 406 διήρθρωσας,
851 369 920 406 μᾶλ-

101 405 142 433 λον
159 405 203 441 μὲν
217 404 263 433 οὖν
289 406 429 438 παντελῶς
457 411 573 446 σιγῶσαν
599 410 759 448 ἐτράνωσας·
784 414 830 441 καὶ
859 414 917 443 ἀντὶ

101 449 234 487 ὀνόματος,
251 451 282 478 οὗ
299 451 423 489 μετέχειν
438 452 575 488 ἀξιοῦνται
595 455 640 482 καὶ
658 457 754 495 μικρόν
776 468 802 485 τι
828 469 917 497 γραμ-

101 494 182 530 μάτων
202 495 347 532 γευόμενοι
375 496 525 534 ἅνθρωποι,
555 496 641 536 ὄνομα
672 500 770 528 ἐκτίσω
813 513 859 540 μοι
885 503 916 531 τὸ

98 541 149 571 τοῖς
159 540 214 566 κατ’
229 539 277 576 ἐμὲ
292 540 358 577 ὑπὲρ
375 541 446 568 ἅπαν
465 542 628 580 κρινόμενον
639 542 738 582 όνομα.

129 637 160 674 γ’.
176 636 223 664 Καὶ
240 636 313 664 οὕτω
335 638 383 674 μὲν
408 637 523 676 ἐμαυτὸν
548 639 694 670 ἐδικαίωσα
720 644 757 680 μή
789 644 915 672 ἀπενιαυ-

98 680 169 715 τίζειν
193 681 241 714 τὰς
271 681 379 717 λαλιὰς,
403 683 476 711 ἀλλὰ
500 685 663 723 συχνότεραν
685 688 855 727 φθέγγεσθαι,
869 690 914 718 καὶ

99 726 140 756 τὰς
176 726 319 763 βασιλικὰς
358 727 495 765 ἀριστείας
537 733 718 768 περικροτεῖν.
748 733 783 760 Τὸ
823 732 852 761 δέ
886 745 915 772 γε

99 770 238 806 παρεστὼς,
254 770 281 797 τί
303 770 332 798 ἂν
362 770 423 809 ἔχοι
451 772 544 811 ῥήτωρ
563 775 612 809 τήν
642 775 761 814 γραφίδα
788 777 835 814 μὶν
865 770 914 806 ὅσα

99 814 137 841 καὶ
154 813 242 852 βέλος,
259 815 305 842 καὶ
321 817 463 855 φαρμάξας
485 817 592 854 μέλανι,
608 820 653 847 καὶ
681 813 741 852 τοῖς
767 813 914 860 βαρϐάροις

101 857 226 897 ἐπαφιέναι
251 859 422 898 καραδοκῶν,
444 861 490 889 καὶ
520 862 630 900 βάπτειν
657 864 695 896 εἰς
721 864 833 903 α’ίματα,
858 867 914 896 εἶτα

100 901 124 930 δὲ
138 902 242 939 βλέπων
270 903 386 937 ἰκείνους
407 906 499 943 ἡρέμα
520 908 698 943 πτήσσοντας,
714 901 759 937 καί
784 911 815 938 οὐ
842 922 911 951 προ-

99 946 275 984 καλουμένους
304 949 336 976 τὸ
365 948 533 987 βάλλεσθαι;
558 953 592 981 Ἠ
623 952 730 986 πάντως
760 946 910 994 ἀγάγοίᾶν

101 990 139 1019 διὰ
152 992 287 1029 θαύματος
301 994 350 1028 τὴν
373 994 519 1032 βασιλικὴν
545 995 696 1035 εὐανδρίαν,
713 997 748 1026 δι’
770 990 803 1034 ἧς
819 990 911 1030 ’ταῦτα

102 1035 204 1072 ἐγένετο·
226 1036 263 1064 δι’
287 1038 318 1073 ἣν
341 1039 431 1074 σχάζει
456 1040 504 1076 μὲν
529 1044 587 1072 τοῖς
621 1041 767 1080 πολεμίοις
797 1047 909 1084 μηχανή

101 1083 164 1108 πᾶσα
177 1081 214 1113 εἷς
231 1080 382 1120 ἄπρακτον,
398 1083 430 1111 οὗ
447 1083 541 1112 πολλᾶ
557 1084 585 1113 δὲ
609 1087 706 1124 κάμνει
728 1087 790 1116 οὐδὲ
812 1090 843 1117 τὸ
863 1091 910 1129 βα-

99 1124 192 1152 σιλικὸν
217 1125 334 1158 ἐκείνοις
372 1127 635 1166 ἀντιπαλαμώμενον
674 1133 836 1170 στράτευμα,
865 1135 910 1162 καὶ

96 1169 122 1197 τὸ
143 1169 286 1208 ῥητορικὸν
308 1170 337 1198 δὲ
362 1170 407 1199 διὰ
431 1175 514 1200 ταῦτα
529 1178 668 1214 γραφεῖον,
683 1169 714 1204 τό
729 1188 759 1216 γε
781 1169 818 1210 εἰς
845 1178 911 1207 ἐκεί-

93 1224 146 1245 νους
160 1215 234 1251 ἧκον,
254 1218 365 1253 ναρκοῖ.

129 1266 158 1297 δ’.
173 1269 204 1296 Ὠ
220 1268 370 1307 βασιλικῆς
393 1272 602 1308 κραταιότητος,
621 1272 655 1301 δι⁸
669 1275 702 1310 ἧς
726 1276 795 1312 ἡμῖν
814 1276 912 1315 ἀγαθὸν

98 1313 319 1351 καταπέπρακται.
350 1315 382 1342 Ὢ
412 1315 586 1354 παγγάληνον
625 1317 672 1357 ἔαρ
712 1313 861 1358 βασιλείας,
884 1321 911 1350 ἐν

100 1357 119 1392 ᾦ
131 1359 178 1384 πᾶν
194 1358 296 1396 ἀγαθὸν
312 1358 457 1404 ἐξήνθησεν
479 1361 616 1399 κάρπιμον
643 1364 682 1400 (τὸ
761 1365 848 1404 ἀέρων
860 1377 866 1382 ·
882 1367 913 1395 τὸ

100 1400 124 1428 ἐκ
149 1401 308 1438 θαλάσσηςε
333 1403 367 1431 τὰ
394 1403 424 1432 ἐκ
446 1408 514 1442 γῆς·
544 1407 590 1434 καὶ
618 1408 649 1435 τὸ
677 1407 742 1437 ὅλον
770 1400 855 1439 εἰπεῖν
880 1411 914 1439 τὰ

100 1445 241 1484 πάντοθεν),
274 1447 319 1474 καὶ
347 1448 360 1475 ὁ
399 1447 588 1486 παμϐασιλιὺς
616 1452 722 1487 Ἰησοῦς
761 1455 828 1482 κατᾶ
865 1458 913 1484 τοῦ

99 1489 266 1528 παλαμναίου
290 1492 402 1520 αίωνίου
427 1495 540 1526 θανάτου
563 1496 594 1523 τὸ
624 1497 758 1535 πάμμεγα
782 1499 913 1537 τρόπαιον

100 1534 192 1571 ἔστησε.
211 1537 246 1564 Σὲ
263 1535 304 1571 δὲ,
321 1538 344 1564 ὧ
364 1540 448 1576 σῶτερ
477 1539 600 1577 βασιλεῦ,
618 1541 790 1580 θαρρούντως
815 1543 844 1572 ἃν
873 1544 913 1572 εἶ’-

99 1589 171 1617 ποιμι
194 1580 359 1614 ὁπλίσασθαι
385 1583 453 1610 κατὰ
487 1585 535 1611 τοῦ
566 1584 748 1624 βροτολοιγοῦ
775 1587 911 1626 πολέμου,

99 1624 137 1651 καὶ
161 1625 190 1652 τὸ
220 1626 373 1663 θανάσιμον
396 1629 477 1655 τοῦτο
508 1629 589 1657 κακὸν
627 1630 700 1658 κάτω
740 1631 844 1669 βαλεῖν.
867 1633 916 1662 Καὶ

104 1671 142 1696 νῦν
156 1670 185 1698 τὸ
208 1671 332 1706 ὑπήκοον
359 1671 427 1699 ἅπαν
457 1672 563 1709 εὐζωεῖ,
578 1674 624 1702 καὶ
654 1677 841 1714 κατακροαίνει
870 1677 918 1706 τοῦ

102 1712 227 1752 πολέμου,
244 1715 288 1743 ὅτι
304 1716 349 1743 καὶ
364 1719 418 1744 τῶν
445 1716 599 1755 πολεμίων,
614 1720 658 1747 καὶ
683 1712 819 1759 εἴρηναῖον
845 1734 920 1761 σκιρ-

103 1760 141 1794 τᾷ.
157 1760 203 1787 Καὶ
218 1761 236 1795 ἡ
255 1760 304 1797 μὲν
329 1761 408 1800 φύσις
434 1762 496 1800 ἄτερ
521 1761 609 1800 ὅχλου
632 1763 689 1802 ἄγει
717 1766 761 1793 καὶ
791 1760 920 1807 τελεσφο-

103 1805 148 1837 ρεῖ,
162 1804 206 1831 καὶ
232 1804 264 1832 τὸ
290 1804 341 1832 πὰν
361 1805 498 1841 αὐξάνεται
522 1807 567 1834 καὶ
582 1808 762 1844 πληθύνεται·
778 1812 792 1838 ὁ
821 1810 850 1840 δὲ
873 1815 922 1841 τοῦ

105 1847 146 1882 ζῇν
172 1848 361 1886 παρατρώγων
387 1849 513 1893 πόλεμος
541 1851 592 1878 οὐκ
619 1851 694 1885 ἐντὸς
723 1854 806 1892 ὀργῆς
837 1857 921 1893 μιένιει⁹

105 1889 161 1917 ἀλλ’
186 1891 213 1918 εἷ’
234 1903 289 1919 που
320 1893 364 1920 καὶ
404 1892 474 1921 ἔστιν
504 1895 601 1930 εἰπεῖν,
631 1896 843 1936 ἐξωκεανίζεται,
863 1904 923 1933 ταῖς

106 1934 238 1973 Ἀρπνίαις
260 1936 361 1973 δοθεὶς,
386 1938 430 1965 καὶ
453 1938 503 1966 οὐκ
526 1936 564 1967 ἔτι
589 1941 634 1969 τὸν
652 1945 702 1977 τῆς
730 1944 834 1982 φύσεως
858 1945 922 1983 ῥοῦν

107 1979 259 2009 ἀνακόπτειν
289 1982 487 2019 παρεμπίπτων
518 1985 601 2012 ὁποῖά
635 1997 677 2018 τις
715 1979 791 2021 λίθος
818 1979 923 2028 τραχὺς

105 2024 144 2051 καὶ
166 2025 318 2057 ἆτίνακτος·
335 2026 409 2054 ἀλλὰ
431 2029 640 2065 παραράσσεται,
665 2030 771 2067 μᾶλλον
801 2034 849 2070 μὲν
877 2034 922 2062 οὖν

107 2067 133 2096 ἐκ
154 2069 235 2106 μέσου
264 2070 401 2110 πελάγους
428 2073 620 2111 παρασύρεται.
647 2076 739 2114 Ἀργεῐ
764 2067 807 2105 τὸ⁷
825 2082 923 2112 Σκυθι-

106 2113 146 2140 κὸν
161 2115 250 2150 τόξον,
277 2116 322 2143 καὶ
351 2117 368 2151 ὴ
384 2117 465 2155 νευρᾶι
489 2117 528 2149 εἷς
543 2119 619 2146 κενὸν
645 2122 787 2157 τεινομένη
817 2127 923 2159 κτυπεῖ,

107 2159 227 2198 καὶπρὸς
247 2160 334 2196 μόνην
359 2160 509 2199 ἀπόπειραν
530 2162 713 2201 ῥυθμιζομένη
737 2167 866 2203 (ποιητὴς
893 2167 923 2196 ἃν

107 2200 184 2240 εἴποι)
211 2203 341 2242 χελιδόνι
371 2204 461 2250 ἴκελον
489 2200 654 2245 φθέγγεταιξ
669 2200 716 2241 Εἷς
741 2200 855 2250 ’ἄγαλμα
880 2213 925 2241 καὶ

109 2246 183 2282 μόνον
206 2251 266 2280 τοῖς
293 2249 410 2281 Ἰταλοῖς
429 2249 516 2282 ’ίππος
540 2253 730 2291 φριμάσσεται,
754 2246 824 2293 πρὸς
852 2268 926 2296 γυμ-

107 2291 189 2320 νασίαν
220 2294 433 2332 φανταζόμενος.
462 2296 493 2324 Et
526 2294 555 2323 δὲ
582 2299 641 2325 κατ’
669 2291 802 2336 ἀλλήλων
830 2291 968 2333 ἐκεῖνοιῐ)

109 2337 170 2374 πρὸς
198 2336 272 2365 ὅπλα
303 2338 463 2375 μαίνονται,
488 2340 711 2376 ὁπλιζέσθωσαν·
738 2345 929 2384 ἀντιπαλαμά-

109 2385 220 2418 σθωσαν,
236 2382 260 2410 εί
288 2382 445 2420 βούλοιντο,
465 2385 508 2412 καί
534 2387 719 2423 πεπτώκεσαν,
740 2389 777 2422 ὠς
805 2393 874 2428 ἡμῖν
898 2404 929 2431 γε

111 2425 188 2461 μέλον
203 2429 259 2454 τῶν
274 2427 408 2455 τοιούτων
423 2427 509 2456 οὐδέν.
526 2431 562 2458 Ἤ
591 2432 645 2470 πρὸ
660 2432 751 2462 ποδῶν
779 2434 831 2472 ἤδη
850 2425 928 2475 βασί-

109 2467 188 2498 λικῶν
218 2472 253 2499 τὰ
278 2471 351 2500 ὅπλα
371 2470 492 2511 ἕῤῥιψαν,
508 2475 554 2502 καὶ
578 2476 626 2507 τὰς
655 2478 745 2515 ψυχὰς
770 2467 876 2519 ἐξέχεαν
902 2483 928 2510 οἱ

109 2515 154 2549 τῆς
170 2515 272 2554 Ἀγαρ.
301 2516 391 2545 Ἀλλὰ
412 2519 456 2545 καί
480 2519 587 2551 τούτοις
612 2522 628 2555 ἡ
655 2522 789 2560 θηριωδία
814 2515 928 2558 "ineam-

111 2558 197 2595 asden'
214 2561 260 2588 καὶ
284 2561 343 2588 ἂντὶ
363 2561 441 2598 τόξου
459 2563 506 2599 μὲν
527 2562 641 2602 ἄροτρον
668 2566 759 2599 αὐτοῖς
782 2571 849 2605 μετά
872 2574 930 2609 χεῖ-

112 2612 163 2654 ρας,
177 2605 220 2632 καὶ
237 2606 256 2640 ὴ
272 2609 306 2643 γῆ
322 2607 391 2643 πρὸς
407 2606 526 2639 αὔλακας
550 2609 686 2647 σχίζεται·
702 2612 758 2640 ἀντὶ
789 2612 818 2645 δὲ
837 2605 929 2654 ξίιρους

568 2645 586 2647 η
841 2645 849 2650 ,
868 2645 873 2654 ,
921 2645 927 2649 ,

112 2645 250 2684 δρέπανον,
265 2650 310 2677 καὶ
330 2651 362 2678 τὸ
387 2651 466 2686 λήϊον
490 2652 617 2690 τέμνεται
630 2664 636 2671 ·
653 2655 711 2683 ἀντὶ
732 2656 819 2686 ’ίππου
844 2660 930 2689 πολε-

113 2695 255 2732 μιστηρίου
281 2694 417 2730 ζεύξαντες
453 2696 530 2734 βοῦν,
553 2697 691 2737 τρίϐουσιν
725 2702 864 2739 ἀμαξιτὸν,
885 2706 930 2733 καὶ

113 2736 212 2770 ἅλωνος
248 2740 472 2775 καθιππάζονται.
502 2743 550 2770 Καὶ
592 2743 679 2782 ἀφῆκε
722 2736 769 2783 μέν
787 2736 929 2788 ’κατέχειν

112 2780 199 2814 αὐτοῖς
224 2784 238 2811 ὸ
263 2787 350 2820 Ἄρης
373 2785 405 2812 τὸ
431 2786 597 2823 μαινόμενον
615 2780 890 2826 -κακὸνξτελοῦνταιῆ
903 2794 932 2824 δὲ

115 2827 260 2866 σωφρόνως
275 2830 308 2866 τῇ
324 2830 465 2868 Δήμητρι.
482 2831 533 2860 Καὶ
553 2833 579 2860 οἱ
594 2833 680 2862 πάλαι
693 2834 753 2863 τότε
783 2837 866 2877 μέχρι
887 2841 932 2869 καὶ

267 2894 400 2926 Panos.
423 2894 479 2927 Gn.
502 2895 646 2930 CXXXV.

543 167 765 200 ALLOCUTIO
788 171 840 201 AD
866 172 1086 207 MANUELEM
1110 179 1342 213 COMNENUM.

1732 193 1792 223 938

931 245 954 277 Α
972 249 1024 276 pro
1040 243 1146 272 forensi
1158 246 1295 275 facundia
1309 251 1415 285 aptasti
1433 253 1503 281 mihi
1519 257 1663 285 sermonis
1679 258 1793 295 elegan-

974 286 1056 332 tiam,
1077 290 1106 316 et
1120 298 1166 318 me
1180 290 1332 321 humiliter
1357 293 1524 330 loquentem
1555 300 1584 327 in
1600 300 1692 330 altum
1709 286 1791 332 clitu-

973 329 1034 358 listi
1059 342 1066 367 ;
1096 335 1173 369 quod
1203 336 1232 363 in
1255 345 1302 364 me
1331 329 1481 368 terrenum
1508 345 1580 377 erat,
1609 329 1698 381 super
1713 329 1791 377 Vales

973 376 1106 405 Mercurii
1122 380 1263 415 exultans,
1285 383 1402 412 caeleste
1417 385 1523 421 fecisti,
1540 376 1714 425 estlinguam
1733 395 1791 420 tar-

973 420 1041 448 dam
1057 422 1193 458 depolisti
1205 427 1232 452 et
1246 434 1313 454 vero
1332 427 1436 456 infanti
1451 429 1590 466 loquendi
1619 420 1791 469 potestatem

972 464 1090 499 dedisti,
1107 471 1134 495 et
1149 477 1199 504 pro
1217 471 1336 499 nomine
1365 473 1400 501 de
1429 464 1496 509 quoi
1507 464 1793 514 curare-dignantur

971 508 1189 545 aliquantulum
1204 514 1258 542 viri
1274 515 1380 544 litteris
1406 508 1571 554 studentes,
1595 508 1702 550 nomEn
1719 525 1792 552 mihi

969 554 1117 589 protulisti
1133 566 1222 594 super
1235 567 1432 590 omnenomen
1443 563 1527 592 absis
1537 566 1587 600 qui
1603 575 1649 594 me
1665 568 1793 597 circum-

969 598 1041 627 dant
1052 600 1231 635 judicatum.

1004 652 1030 680 3.
1049 653 1090 681 Ita
1106 658 1215 684 memet
1225 656 1356 692 judicavi
1376 660 1483 689 debere
1500 671 1556 690 non
1572 663 1625 692 hoc
1654 673 1731 694 anno
1748 669 1792 695 ta-

969 703 1045 732 cere,
1062 698 1111 725 sed
1127 700 1275 735 copiosius
1289 702 1398 738 alloqui
1415 705 1708 744 reginquedivulgare
1720 711 1791 738 faci-

969 748 1049 769 nora.
1067 742 1098 770 In
1114 745 1429 784 praesentiarum,quid
1448 750 1554 779 faceret
1568 742 1666 781 oratur
1682 755 1791 789 stylum

969 793 1057 814 manu
1074 789 1158 823 quasi
1169 789 1304 824 jaculum
1316 794 1604 827 tenens,atramento
1617 806 1668 833 pro
1679 806 1790 827 veneno

967 829 1120 866 infectum,
1138 837 1259 869 paratus
1274 837 1310 863 ad
1326 836 1519 872 injiciendum
1547 840 1677 871 inimicis
1707 847 1733 871 et
1760 844 1790 871 in

968 882 1068 904 eorum
1082 885 1184 906 cruore
1197 879 1435 916 immergendum
1449 892 1456 917 ;
1473 884 1522 919 qui
1546 887 1634 914 modo
1655 887 1722 915 illos
1738 888 1789 916 ob-

967 921 1119 956 stupentes
1134 926 1276 956 cerneret,
1292 927 1320 953 et
1330 934 1387 953 non
1395 930 1566 962 provocatos
1580 930 1678 966 fugam
1688 940 1789 968 capes-

965 972 1029 992 sere
1038 965 1051 992 ?
1067 965 1192 995 Omnino
1202 971 1379 1004 stupendam
1390 965 1665 1003 redderetvirtutem
1676 965 1788 1012 reg—iam

966 1016 1017 1044 per
1032 1017 1120 1045 quam
1136 1011 1196 1039 haec
1211 1012 1288 1041 facta
1302 1017 1382 1050 sunt,
1397 1024 1448 1051 per
1464 1025 1550 1052 quam
1561 1011 1788 1049 claudicatiirri-

965 1055 1054 1088 taque
1069 1055 1165 1083 evadit
1175 1057 1272 1085 omnis
1283 1058 1415 1087 hostium
1434 1061 1563 1096 solertia,
1585 1064 1692 1100 regalis
1720 1073 1787 1094 vero

965 1098 1110 1127 exercitus
1125 1100 1184 1128 illis
1200 1101 1355 1131 obluctans
1384 1105 1464 1133 nullo
1492 1108 1577 1135 modo
1608 1098 1732 1144 laborat,
1757 1112 1787 1138 et

966 1150 1033 1170 mox
1047 1147 1200 1180 propterea
1215 1146 1277 1182 ipse
1292 1149 1416 1177 oratoris
1441 1150 1546 1186 stylus,
1567 1152 1672 1182 saltem
1698 1156 1787 1190 prout

965 1189 1068 1216 contra
1083 1189 1266 1219 adversarios
1281 1191 1424 1228 vibratur,
1436 1197 1543 1231 torpet.

1004 1285 1030 1313 4.
1047 1286 1188 1323 Oregalis
1201 1289 1305 1324 virtus,
1322 1299 1374 1327 per
1400 1300 1488 1328 quam
1520 1294 1606 1323 nobis
1635 1296 1714 1324 bona
1737 1305 1790 1333 pa-

969 1332 1045 1358 trata
1066 1334 1135 1359 sunt
1152 1332 1158 1360 Ξ
1175 1333 1197 1360 0
1221 1335 1443 1365 serenissimum
1472 1346 1521 1366 ver
1549 1339 1633 1374 regis;
1663 1332 1792 1376 potesta-

969 1374 1017 1408 tis,
1048 1375 1078 1403 in
1103 1385 1160 1412 quo
1191 1378 1290 1407 floruit
1318 1380 1395 1408 bona
1424 1382 1520 1411 omnis
1541 1384 1628 1412 arbor
1643 1374 1793 1415 fructifera

970 1419 1043 1454 (sive
1057 1428 1091 1448 ex
1115 1430 1191 1455 aere,
1219 1423 1279 1451 sive
1308 1433 1343 1452 ex
1371 1425 1454 1461 mari,
1483 1427 1542 1455 sive
1566 1436 1600 1456 ex
1629 1431 1716 1464 terra,
1743 1439 1795 1459 seu

973 1472 1030 1491 uno
1046 1465 1133 1493 verbo
1148 1474 1183 1493 ex
1199 1475 1375 1504 quacunque
1399 1471 1501 1506 parte),
1529 1474 1558 1500 et
1587 1481 1636 1500 rex
1659 1475 1793 1503 omnium

970 1509 1057 1536 Jesus
1072 1510 1214 1539 adversus
1242 1513 1434 1548 sanguineam
1450 1518 1648 1553 aeternamque
1668 1522 1792 1547 mortem

971 1552 1157 1587 splendidum
1173 1558 1314 1591 tropaeum
1330 1558 1438 1586 erexit!
1454 1559 1494 1587 Te
1509 1568 1586 1595 vero,
1600 1552 1628 1589 io
1660 1562 1794 1591 salutifer

972 1596 1140 1633 imperator,
1156 1600 1294 1628 audacter
1306 1602 1433 1630 dicerem
1457 1607 1559 1632 contra
1582 1605 1656 1633 illud
1685 1606 1795 1636 bellum

975 1641 1144 1670 mortalium
1162 1643 1310 1680 ﬂagellum
1337 1646 1494 1676 dimicasse
1517 1648 1724 1686 letiferumque
1740 1651 1797 1680 hoc

975 1685 1086 1714 malum
1103 1687 1139 1714 ad
1156 1687 1216 1715 ima
1230 1688 1381 1724 dejecisse.
1393 1691 1427 1718 Et
1443 1700 1521 1719 nunc
1549 1693 1651 1721 docilis
1666 1685 1796 1723 mundus

975 1730 1097 1758 feliciter
1107 1731 1186 1766 vivit,
1215 1735 1244 1760 et
1271 1734 1412 1763 adversus
1428 1736 1540 1764 bellum
1557 1737 1698 1773 clamitat,
1716 1740 1796 1775 ipso-

976 1783 1101 1811 rumque
1124 1776 1300 1806 bellatorum
1329 1780 1460 1808 studium
1491 1790 1591 1818 pacem
1622 1784 1743 1819 appetit.
1766 1787 1801 1814 Et

976 1819 1095 1854 quidem
1113 1823 1218 1849 natura
1234 1822 1297 1850 sine
1323 1824 1450 1853 tumultu
1477 1826 1536 1861 agit
1564 1829 1593 1855 et
1617 1828 1740 1864 perficit,
1773 1832 1802 1858 et

977 1872 1065 1892 omne
1089 1869 1213 1902 augetur
1232 1876 1344 1896 necnon
1370 1869 1545 1906 completur.
1562 1872 1674 1901 Bellum
1701 1877 1802 1902 autem

977 1908 1067 1936 vitam
1083 1911 1188 1939 rodens
1204 1920 1262 1939 non
1276 1912 1354 1941 intra
1367 1913 1440 1942 iram
1452 1918 1585 1944 moratur
1597 1925 1604 1951 ;
1616 1918 1678 1951 sed,
1707 1918 1733 1946 si
1762 1919 1804 1947 ita

978 1953 1045 1982 licet
1062 1954 1154 1991 loqui,
1166 1959 1247 1984 extra
1270 1966 1412 1986 oceanum
1443 1961 1662 1997 transmittitur,
1670 1964 1804 2000 Harpyiis

978 1999 1132 2034 traditum,
1149 2009 1201 2028 nec
1214 2001 1277 2036 jam
1306 2002 1451 2031 incumbit
1471 2007 1582 2033 naturae
1607 1999 1735 2035 cursum,
1749 1999 1803 2036 rin-

979 2044 1174 2078 terscindens,
1187 2054 1267 2073 more
1282 2046 1390 2082 lapidis
1406 2049 1503 2083 gravis
1532 2052 1560 2077 et
1576 2050 1734 2085 immanis;
1752 2052 1802 2079 sed

979 2088 1124 2124 frangitur
1152 2097 1204 2117 seu
1235 2091 1332 2125 potius
1360 2100 1375 2119 e
1402 2093 1498 2120 medio
1525 2102 1641 2129 aequore
1668 2095 1800 2131 eripitur.

980 2132 1109 2164 Quiescit
1124 2141 1210 2161 arcus
1235 2135 1399 2170 Scythicus,
1429 2139 1458 2164 et
1483 2145 1589 2165 nervus
1618 2138 1647 2166 in
1675 2147 1800 2168 vacuum

980 2179 1084 2205 tensus
1109 2178 1225 2212 stridet,
1259 2182 1288 2206 et
1323 2181 1440 2208 nonnisi
1467 2182 1665 2218 experimento
1707 2184 1800 2212 inser-

981 2221 1062 2249 viens
1076 2221 1197 2256 (diceret
1220 2224 1325 2260 poeta),
1355 2225 1392 2252 ad
1422 2226 1517 2254 instar
1543 2226 1710 2256 hirundinis
1739 2237 1803 2264 per-

981 2267 1075 2294 sonat.
1093 2268 1123 2293 1n
1145 2267 1393 2297 oblectamentum
1410 2270 1506 2298 solum
1532 2271 1612 2299 Italis
1641 2281 1735 2309 equus
1750 2273 1802 2302 ad-

984 2310 1082 2338 hinnit
1096 2311 1131 2338 ad
1147 2312 1318 2341 exercitium
1334 2313 1491 2344 exhibitus.
1518 2316 1625 2344 Verum
1650 2318 1675 2344 si
1706 2317 1748 2345 illi
1769 2319 1805 2346 de

982 2355 1070 2383 armis
1086 2358 1188 2384 contra
1203 2365 1234 2385 se
1250 2357 1373 2386 invicem
1398 2359 1525 2388 ferendis
1556 2361 1716 2397 insaniunt,
1748 2362 1806 2391 bel-

983 2399 1078 2428 lantor
1092 2408 1098 2434 ;
1111 2401 1222 2436 perﬁda
1232 2405 1333 2430 mutuo
1345 2403 1505 2432 moliantur
1517 2405 1649 2440 consilia,
1666 2406 1691 2434 si
1707 2406 1805 2435 volue-

984 2445 1054 2479 rint,
1071 2447 1099 2472 et
1112 2445 1291 2482 dispereant,
1307 2448 1467 2477 dummodo
1484 2449 1567 2478 nulla
1582 2450 1622 2478 sit
1640 2452 1726 2480 nobis
1738 2461 1808 2488 pars

984 2489 1013 2516 in
1029 2489 1117 2517 rebus
1133 2489 1208 2518 istis.
1225 2491 1418 2528 Insuperjam
1434 2501 1532 2522 coram
1562 2495 1651 2531 regiis
1680 2497 1806 2532 pedibus

983 2541 1065 2560 arma
1093 2533 1275 2570 abjecerunt,
1317 2536 1431 2565 animas
1469 2538 1610 2567 fuderunt
1636 2540 1689 2569 ﬁlii
1717 2543 1804 2578 Agar.

983 2578 1039 2605 Sed
1054 2580 1082 2606 et
1092 2586 1193 2607 eorum
1209 2580 1307 2609 feritas
1323 2582 1524 2612 mansuefacta
1535 2584 1602 2621 fuit,
1618 2587 1647 2614 et
1661 2594 1713 2622 pro
1736 2595 1805 2614 arcu

984 2624 1114 2651 aratrum
1132 2624 1203 2660 ipsis
1218 2625 1294 2653 inter
1310 2634 1425 2662 manus,
1448 2630 1585 2665 terraque
1609 2630 1700 2658 sulcis
1728 2631 1806 2658 scin-

983 2667 1083 2702 ditur;
1100 2677 1152 2704 pro
1168 2677 1238 2698 ense
1267 2670 1336 2704 falx,
1366 2680 1425 2707 qua
1453 2673 1635 2702 frumentum
1665 2678 1804 2709 secatur;

983 2719 1036 2748 pro
1052 2719 1125 2747 equo
1137 2713 1241 2742 bellico
1256 2714 1321 2742 bovi
1344 2716 1451 2752 jugum
1480 2718 1648 2755 imponunt,
1673 2719 1735 2747 vias
1765 2722 1806 2747 te-

985 2759 1065 2792 runt,
1079 2760 1215 2787 etaream
1231 2767 1376 2795 equorum
1406 2763 1532 2798 pedibus
1561 2764 1746 2793 conculcant.
1772 2764 1808 2794 Et

986 2801 1110 2830 cessavit
1124 2804 1201 2839 apud
1227 2804 1292 2832 illos
1321 2808 1495 2835 commorari
1512 2808 1600 2844 Mars,
1629 2809 1730 2838 furens
1758 2810 1810 2839 illa

987 2846 1091 2883 pestis,
1108 2848 1158 2876 sed
1174 2848 1323 2886 sapienter
1337 2850 1368 2879 in
1384 2850 1524 2881 honorem
1553 2853 1664 2882 Cereris
1689 2855 1808 2886 cedunt.

1610 2917 1650 2961 30.
