2002 3158
212 177 271 208 939

599 175 810 207 EUSTATHll
833 176 983 208 TllESSA
989 176 1188 207 LONICENSI
1195 177 1214 207 S
1237 174 1531 206 METltOPOLI'l‘IE

1819 179 1867 209 940

214 244 247 272 Et
271 243 322 279 qui
351 242 421 270 olim
450 242 572 278 herique
599 243 685 270 etiam
712 251 763 278 per
785 252 864 272 mare
890 243 1020 271 Asianun

1088 242 1131 269 ἐπὶ
1160 240 1277 274 θάλασαν
1301 248 1352 276 τήν
1380 241 1506 275 ’Δσιανήν
1538 239 1738 278 πλατυνόμενοι,
1759 243 1796 270 καὶ
1820 245 1871 281 κρά-

214 289 273 317 late
302 288 450 324 patebant,
484 289 571 322 atque
599 287 780 315 maritimum
806 289 958 323 jactabant
986 289 1037 315 im-

214 333 340 369 perium,
361 340 440 359 nunc
461 340 516 358 non
541 334 656 359 tantum
673 340 704 358 se
728 341 745 358 a
770 332 916 360 vicinitate
947 332 1035 360 maris

214 380 394 410 amoverant,
405 376 454 404 sed
471 375 558 403 etiam
579 375 709 411 plerique
721 376 866 408 nesciunt.
884 377 939 405 nisi
968 385 1035 405 voce

214 422 287 455 sola,
303 429 430 457 aequora,
447 420 584 456 proximae
598 420 661 447 loco
684 420 875 449 habitationis
895 422 923 449 in
938 430 1034 450 remo-

214 468 259 494 tas
275 463 452 493 continentis
467 466 558 491 terras
575 465 643 499 l'uga
657 465 844 500 emigrantes,
857 475 922 494 cum
939 467 1033 502 primo

212 510 331 538 Alexius
347 510 422 537 inter
436 509 628 544 imperatores
643 508 864 538 illustrissimus
880 519 929 538 eos
945 520 1033 547 repu-

211 555 304 588 lisset,
320 554 396 582 malo
411 553 512 589 procul
528 554 672 588 ablegato,
687 554 792 582 deinde
819 555 949 584 Joannes
974 559 1032 584 tro-

209 601 280 636 paeis
295 607 408 627 mersus
424 606 510 633 quem
523 599 639 632 justum
668 601 713 626 est
736 599 813 627 inter
842 600 1032 636 imperatores

209 645 347 673 eximium
370 643 482 675 audire,
511 651 561 670 eos
589 642 706 678 longius
740 644 908 680 compulsos
927 646 963 673 de
989 646 1029 673 vi-

208 689 282 718 cinis
298 688 453 723 dejeoisset
478 687 733 722 possessionibus;
757 689 841 716 tertio
867 698 934 717 cum
967 692 1032 726 post

208 734 275 762 illos
288 731 511 768 potentissimus
527 731 695 767 imperator,
718 733 767 768 qui
798 736 905 761 terram
923 743 1030 762 oceano

209 778 373 806 facinorum
410 775 512 808 cinxit,
541 775 603 810 ipse
643 776 767 804 validius
814 778 957 807 excitatus
999 780 1029 807 in

209 830 258 850 eos
273 821 420 854 irruisset,
436 819 477 847 ita
505 822 537 847 ut
554 828 633 847 mare
659 821 694 848 ab
724 821 797 856 ipsis
809 823 872 857 jam
901 824 1029 859 conspici

209 874 268 894 non
297 865 399 901 possit.
424 865 455 892 Et
483 872 517 892 ex
553 864 648 892 tribus
687 865 748 892 istis
778 867 861 901 quasi
892 868 1029 897 ﬂuctibus

208 910 284 939 alius
299 909 417 945 quidem
434 908 538 936 avertit
553 917 569 935 a
585 908 658 935 mari
681 910 832 938 confusam
851 914 924 944 Agar
938 913 1027 940 collu-

205 955 338 988 vionem;
355 953 430 981 alius
445 961 512 980 vero
540 952 611 980 illud
642 954 736 988 magis
757 954 901 991 ablegavit
918 965 924 990 ;
955 957 1028 985 alter

203 1001 302 1027 autem
318 998 417 1034 procul
431 998 519 1025 avisu
535 997 783 1033 repulit,etmaris
799 1000 933 1028 dominos
944 1001 973 1028 in
984 1001 1027 1029 in-

202 1043 282 1071 colas
296 1042 475 1071 continentis
491 1042 683 1077 transposuit,
710 1043 750 1070 ita
779 1045 811 1071 ut
832 1045 958 1072 arduum
987 1046 1027 1074 sit

202 1088 311 1116 nostris
327 1086 530 1122 navigantibus
548 1086 649 1114 faciem
668 1087 819 1116 [smaelitsz
834 1089 1026 1123 noscere,illis

201 1142 268 1161 vero
283 1141 387 1160 rursus
403 1131 590 1159 rarissimum
606 1140 670 1159 esse
701 1133 790 1160 maris
814 1135 1025 1170 spectaculum,

203 1178 260 1205 nisi
276 1177 318 1206 eis
333 1178 384 1213 qui
401 1178 436 1205 ad
453 1176 661 1204 commercium
680 1178 905 1213 peregrinantur
921 1181 949 1207 et
977 1180 1024 1215 qui

203 1231 220 1251 a
234 1221 449 1258 campestribus
463 1223 566 1248 emunt
586 1230 704 1257 pascua,
723 1231 773 1257 pro
803 1223 906 1250 bestiis
931 1224 1024 1259 pacis-

203 1271 311 1296 centes.
328 1267 363 1295 Et
378 1266 485 1294 multos
503 1266 588 1294 modo
612 1274 761 1294 sermones
777 1267 944 1296 exhauriret
971 1278 1024 1296 au-

202 1312 444 1348 ribusjuoundos
459 1312 503 1338 vir
519 1311 675 1345 lsmaelita,
688 1311 737 1346 qui
753 1320 833 1339 mare
845 1313 908 1348 jam
921 1313 1022 1342 nescit.

202 1357 244 1384 Tu
274 1356 393 1393 quidem
422 1356 463 1383 sic
486 1355 545 1382 illis
573 1355 715 1383 ﬂuentum
743 1356 904 1384 insolentia:
933 1358 1022 1386 inter-

201 1401 318 1437 rupisti,
334 1403 362 1428 et
377 1409 584 1432 sursum,seu,
615 1402 646 1427 ut
674 1401 787 1434 dicunt,
818 1402 938 1430 adverso
968 1403 1023 1430 ﬂu-

199 1445 279 1474 mine
295 1445 450 1474 ascendere
463 1444 583 1480 coegisti
600 1444 684 1478 ;illos
702 1454 767 1473 vero
793 1445 940 1474 demulcet
955 1455 1022 1483 spes

199 1490 344 1524 currendi,
372 1493 402 1517 ut
428 1489 521 1523 aiunt,
566 1490 685 1517 adverso
717 1489 847 1524 ﬂumine,
888 1493 915 1518 et
946 1492 1021 1519 desi-

199 1535 298 1563 derato
328 1534 470 1570 potiendi.
494 1536 554 1561 Non
580 1534 620 1561 ita
649 1543 729 1568 sane,
756 1535 805 1562 sed
844 1536 951 1570 saepius
980 1536 1021 1564 al-

198 1587 267 1608 veos
278 1580 337 1607 illis
349 1579 664 1612 concludis,etvereus
685 1580 765 1615 ipsos
795 1580 889 1608 fontes
917 1581 943 1608 vi
975 1590 1020 1609 re-

1090 297 1136 318 τος
1151 287 1300 324 αὐχοῦντες
1315 285 1463 323 ἀγχίαλον,
1478 287 1523 312 νῦν
1547 285 1601 323 οὐχ
1624 285 1693 316 ὅπως
1713 289 1757 320 τῆς
1778 287 1870 325 αἱγιαλί-

1089 330 1164 362 τιδος
1182 331 1263 367 μόνον
1281 331 1431 368 ἀνήνεγκαν
1447 329 1568 365 ἑαυτοὺς,
1584 329 1647 358 ἀλλ’
1669 329 1724 358 οὖόὶ
1747 327 1832 359 οἴδασιν
1851 333 1871 360 οἱ

1089 375 1205 411 πολλοὶ⁷
1217 375 1258 403 ὅτι
1275 376 1313 412 μή
1328 374 1403 412 λόγῳ
1420 375 1507 411 μόνῳ,
1523 375 1572 409 τὴν
1593 373 1730 409 θάλασσαν,
1743 379 1785 410 τῆς
1801 387 1869 414 παρα-

1090 419 1152 448 λίου
1168 419 1306 450 κατοικίας
1333 420 1441 457 βαθιῖαν
1464 418 1577 457 ἤπειρον
1601 419 1630 447 ἐκ
1649 423 1729 458 φυγῆς
1745 420 1872 458 ἀλλαξάμε-

1088 475 1141 499 νοι,
1156 465 1190 492 τὰ
1218 467 1313 502 πρῶτοι
1326 463 1452 499 Ἀλεξίου
1464 466 1512 491 τοῦ
1540 465 1609 491 πάνυ
1637 463 1662 492 ἐν
1687 463 1821 501 βασιλεῦσιν
1837 465 1873 493 ἐκ-

1087 509 1268 546 κυμανθὲντος
1294 508 1396 544 αὐτοῖς,
1423 508 1467 536 καὶ
1502 509 1532 536 τὸ
1565 509 1645 536 κακὸν
1683 510 1873 547 παρασέιραντομ

1089 554 1145 581 εἶτα
1173 556 1220 581 τοῦ
1248 552 1439 591 πιλαγίζοντος
1463 556 1521 585 τοῖς
1548 553 1685 591 τροπαίοις
1711 554 1830 591 Ἰωάννου,
1852 555 1875 582 ὃν

1088 600 1165 635 οὲμις
1199 597 1225 626 ἐν
1260 597 1414 636 βασιλεῦσιν
1447 597 1555 625 ἀκούειν
1590 597 1728 632 κάλλιστα,
1753 599 1874 636 βαρύτερον

1087 643 1180 670 ἑαυτὸν
1206 642 1424 680 ἐπεξαγαγόντος.
1450 642 1495 670 καὶ
1520 643 1551 670 τὸ
1574 643 1632 670 κατ’
1656 642 1735 670 ἐκεῖνο
1758 642 1795 670 ἐπὶ
1817 642 1875 680 μᾶλ-

1087 687 1134 715 λον
1155 687 1393 718 ἀνασκευάσαντος¹
1408 687 1501 724 τρίτου
1517 686 1546 714 δὲ
1569 687 1610 714 ἐπ’
1633 687 1737 718 huich
1756 689 1798 714 τοῦ
1823 698 1874 725 κρα-

1085 732 1176 759 τίστου
1201 731 1344 769 βασιλέως,
1370 732 1400 763 ὃς
1429 733 1463 768 τῇ
1491 731 1638 769 οἰκουμένῃ
1668 731 1775 759 ὠκεανὸν
1796 742 1874 770 κατορ-

1086 777 1220 813 θωμάτων
1255 776 1386 814 ἐγύρωσε,
1413 776 1603 814 κραταιότερον
1630 776 1800 812 ἐντινάξαντος
1828 777 1875 804 ἑαυ-

1084 821 1129 848 τὸν
1145 821 1189 848 καὶ
1206 821 1403 859 ἀπαγαγόντος,
1421 821 1456 852 ὡς
1488 821 1586 858 μηκὲτι
1609 821 1698 852 αὐτοῖς
1718 821 1818 858 ἐπόψιον
1836 821 1874 856 τὴν

1084 865 1217 894 θάλασσαν
1233 866 1421 903 γίνεσθαι.Καὶ
1451 866 1579 902 κυμάτων
1609 867 1666 893 οἷον
1690 865 1784 893 τούτων
1809 868 1874 901 τριῶν

1083 911 1114 939 τὸ
1144 911 1191 947 μὲν
1223 909 1345 945 διέστησε
1371 912 1421 943 τῆς
1449 909 1587 946 θαλάσσης
1612 911 1658 938 τὸν
1685 909 1713 938 ἐκ
1742 912 1786 943 τῆς
1808 911 1875 947 ’Ἅγαρ

1083 955 1277 993 ἀκριτόφυρτον
1309 955 1454 993 συρφετόν-
1482 955 1513 982 τὸ
1544 953 1572 982 δὲ
1599 954 1637 986 εἷς
1666 954 1746 982 πλᾶον
1769 955 1875 993 ἀφώρισε.

1081 999 1112 1027 τὸ
1129 999 1157 1027 δὲ
1171 1000 1216 1027 καὶ
1232 1000 1385 1038 ἠφάντωσε,
1405 1000 1448 1027 καὶ
1466 1000 1524 1027 ἀντὶ
1551 999 1696 1028 Gala-nios
1723 998 1758 1030 εἲς
1777 999 1876 1036 ἠπειρώ-

1080 1055 1126 1075 τας
1157 1044 1330 1080 κατέστησεν,
1347 1044 1383 1075 ὡς
1412 1042 1488 1082 ἔργον
1516 1045 1582 1072 εἶναι
1608 1047 1665 1075 τοῖς
1681 1045 1737 1072 καθ’
1750 1045 1815 1080 ἡμᾶς
1839 1044 1874 1070 θα-

1081 1088 1254 1116 λαττεύουσιν
1291 1087 1387 1116 εἰδέναι
1416 1086 1476 1126 ὄψιν
1505 1088 1705 1126 Ἰσμαηλίτιδα,
1734 1087 1832 1119 ἐκείνοις
1855 1086 1876 1114 δὶ

1082 1133 1156 1165 αὖθις
1184 1133 1366 1161 σπανιώτατον
1397 1133 1462 1161 εἶναι
1492 1134 1634 1170 θεαμάτων
1672 1135 1721 1168 τὴν
1754 1132 1875 1166 θάλασσαν,

1080 1177 1152 1212 πλὴν
1180 1177 1238 1205 ὅσοι
1263 1178 1321 1205 κατ’
1341 1177 1473 1215 ἐμπορίαν
1499 1189 1551 1205 που
1578 1178 1746 1212 στέλλονται,
1767 1178 1804 1205 καὶ
1831 1177 1876 1204 ὅσοι

1079 1222 1126 1252 τὰς
1156 1221 1186 1248 ὶκ
1207 1223 1261 1248 τῶν
1287 1219 1421 1248 πεδιάδων
1456 1220 1589 1249 ὠνοῦνται
1613 1222 1712 1258 νομὰς,
1735 1223 1787 1251 τοῖς
1813 1220 1876 1254 ζώοις

1081 1264 1257 1293 ὑπόσπονδοι.
1277 1266 1324 1294 Καὶ
1352 1265 1476 1296 πολλοὺς
1506 1265 1535 1292 ἂν
1560 1264 1621 1304 ὂὶρτι
1651 1265 1747 1303 λόγους
1771 1264 1876 1300 ἀναλώσῃ

1078 1310 1145 1347 πρὸς
1174 1310 1279 1349 τρυφὴν
1307 1310 1391 1345 ἀκοῆς
1428 1310 1494 1347 ἀνὴρ
1532 1310 1720 1346 Ἰσμαηλίτης,
1748 1308 1876 1347 ἁρτιμαθὴς

1078 1354 1214 1390 θαλάσσης
1230 1355 1385 1392 γενόμενος.
1403 1354 1440 1381 Σὺ
1453 1353 1481 1382 δὲ
1501 1353 1572 1382 οὕτω
1589 1354 1638 1391 μὶν
1656 1354 1744 1385 αὐτοῖς
1759 1354 1787 1381 τὸ
1809 1353 1877 1391 ῥεῦμα

1076 1401 1126 1426 τοῦ
1149 1400 1262 1436 θράσους
1296 1398 1438 1436 ἀνέκοψας,
1467 1399 1512 1426 καὶ
1547 1399 1584 1430 εἷς
1617 1399 1747 1437 ἇνάρρουν
1774 1397 1876 1434 ἔτρεψας,

1076 1443 1121 1470 καὶ
1136 1444 1161 1480 (ὃ
1178 1442 1210 1477 δὴ
1224 1443 1341 1481 λέγεται)
1365 1443 1420 1471 ἅνω
1436 1446 1577 1480 ποταμῶν·
1598 1443 1749 1471 ὑποθὰλπιι
1777 1441 1802 1469 δὲ
1826 1440 1878 1468 τού-

1076 1499 1139 1518 τους
1168 1488 1246 1519 ἐΛπὶς
1273 1487 1395 1526 δραμεῖν,
1412 1488 1426 1514 ὃ
1443 1498 1516 1526 φασι,
1532 1489 1599 1515 κατὰ
1625 1488 1708 1526 ῥοῶν,
1722 1487 1764 1514 καὶ
1791 1484 1877 1522 συμμί-

1076 1533 1116 1568 ξαι
1134 1532 1173 1564 εἲς
1192 1534 1223 1560 τὸ
1252 1533 1430 1569 ποθούμενον.
1459 1531 1609 1569 Οἰίμενουν·
1627 1532 1701 1561 ἀλλὰ
1726 1531 1804 1569 συχνὰ
1828 1529 1879 1559 τοὺς

1078 1576 1192 1614 ὀχετοὺς
1206 1578 1367 1615 ἐμφράττεις
1392 1577 1495 1612 αὐτοῖς,
1511 1578 1554 1604 καὶ
1587 1577 1671 1616 βιάζῃ
1686 1577 1730 1604 καὶ
1754 1575 1788 1607 εἷς
1813 1573 1878 1604 αὐτὰς

199 1623 298 1659 pellis.
313 1624 391 1651 Nihil
419 1623 572 1659 impediret
600 1624 670 1659 quin
696 1624 754 1651 haec
783 1624 839 1651 cito
864 1625 934 1652 ﬁant
964 1625 1019 1653 nisi

1076 1622 1122 1652 τὰς
1148 1621 1245 1659 πηγάς.
1273 1621 1393 1649 Ἐκώλυε
1418 1621 1446 1648 δὲ
1476 1620 1551 1648 οὐδὲν
1581 1622 1625 1648 καί
1657 1621 1726 1659 ταχὺ
1752 1623 1824 1647 τοῦτο
1847 1628 1878 1655 γι-

202 1670 238 1697 ab
255 1670 376 1705 antiquo
391 1671 522 1705 tempore
538 1670 652 1696 fervens
667 1669 779 1696 malum
796 1670 831 1697 ab
860 1670 927 1698 altis
955 1679 1021 1699 eru-

201 1714 294 1749 pisset
309 1713 434 1750 abyssis,
450 1716 478 1741 et
493 1713 600 1740 ﬂuctus
624 1713 680 1740 late
705 1713 830 1741 dilt'usus
855 1716 944 1742 totam
974 1723 1021 1743 oc-

201 1761 337 1793 cupasset
350 1761 470 1793 terram,
494 1766 583 1793 quam
600 1766 616 1785 a
640 1758 709 1785 solis
732 1758 844 1785 ortibus
873 1760 1022 1794 cognomi-

202 1811 321 1833 namus.

237 1865 264 1892 5.
281 1865 387 1892 Verum
415 1863 470 1891 hoc
499 1864 553 1891 erit
582 1863 700 1898 quando
725 1863 917 1891 insulﬂaverit
947 1867 1021 1894 Deus

202 1908 252 1944 qui
268 1908 359 1943 replet
373 1916 475 1935 omnes
490 1907 645 1943 petitiones
674 1908 770 1935 cordis
799 1908 852 1941 tui,
871 1917 1020 1945 manuque

200 1951 296 1979 valida
312 1951 437 1987 arripuit
462 1953 558 1980 tontes
581 1951 670 1987 hujus
695 1952 825 1979 ﬂuminis
851 1961 924 1988 quos
955 1955 1017 1989 jam

199 1996 353 2024 retundere
369 1996 492 2032 coepisti,
508 1999 537 2024 et
547 1997 680 2024 recedere
694 1997 824 2032 coegisti.
848 1999 913 2024 Jam
941 2007 1019 2026 nunc

197 2040 270 2068 illud
287 2040 420 2068 contines
437 2039 591 2074 ﬂuentum,
607 2043 636 2067 et
651 2041 772 2068 reﬂuere
801 2041 906 2076 adigis,
922 2044 1016 2070 terrae-

196 2094 254 2122 que
269 2088 381 2114 secreta
395 2085 504 2119 subire,
522 2086 668 2113 mcsnibus
689 2085 788 2113 hostes
817 2094 930 2119 arcens,
956 2088 1017 2116 vias

195 2131 298 2159 solidis
310 2131 431 2158 ﬁrmans
453 2129 681 2161 munitionibus,
709 2133 738 2157 et
761 2133 828 2157 tuos
853 2130 911 2158 illis
938 2131 1016 2160 insu-

194 2175 316 2212 perabili
331 2174 445 2203 vallans
459 2182 574 2211 aggere.
591 2175 677 2202 Juvat
692 2182 810 2202 cernere
834 2175 905 2209 vias,
934 2177 1015 2212 prius

192 2219 366 2248 Christianis
382 2219 547 2255 impervias,
564 2227 642 2246 nunc
672 2218 773 2246 multis
797 2219 893 2254 tritas,
919 2223 947 2247 et
977 2222 1012 2249 ad

191 2273 342 2292 accessum
357 2266 490 2299 patentes
507 2271 564 2290 non
582 2265 698 2290 tantum
726 2263 807 2296 viris,
837 2264 930 2299 iisque
968 2274 1012 2293 ar—

1077 1665 1176 1699 νέσθαι,
1193 1665 1215 1692 εἶ
1239 1666 1276 1701 μὴ
1304 1665 1406 1702 μακρὸς
1430 1665 1532 1703 ἁφότου
1548 1666 1651 1703 χρόνος
1668 1665 1765 1695 ἔκεῐνος
1792 1663 1819 1691 lx
1841 1663 1879 1700 βί-

1078 1710 1144 1736 Οέων
1174 1710 1254 1736 ποθὲν
1278 1710 1309 1737 τὸ
1338 1710 1418 1737 κακὸν
1449 1709 1589 1748 ἒξερῥάγη,
1611 1711 1657 1738 καὶ
1680 1708 1817 1742 ἐσκεδάσθη
1842 1716 1878 1733 πᾶ·

1079 1754 1182 1791 λαγιον,
1198 1754 1242 1781 καὶ
1257 1755 1306 1789 τήν
1320 1756 1370 1791 γῆν
1385 1758 1469 1782 πᾶσαν
1487 1754 1611 1792 ἐπέσχεν,
1628 1756 1662 1790 ἣν
1679 1757 1736 1786 ταῖς
1756 1755 1799 1781 τοῦ
1813 1751 1878 1787 ἡλίου

1077 1797 1258 1835 ἐπικαλοῦμεν
1277 1799 1305 1826 ἀν
1310 1798 1375 1826 ατολ
1381 1802 1432 1830 αῖς.

1112 1862 1140 1889 ε’,
1154 1860 1242 1889 Ἀλλά
1269 1863 1349 1888 τοῦτο
1380 1862 1427 1897 μὲν
1458 1861 1568 1895 ἐσεῖται,
1587 1861 1632 1889 ὅτε
1647 1862 1712 1892 Θεὸς
1729 1860 1878 1892 ἐπινεύσειεν,

1076 1906 1089 1933 ὁ
1105 1905 1219 1943 πληρῶν
1241 1905 1327 1933 πάντα
1349 1906 1383 1933 τὰ
1408 1905 1545 1942 αἶτήματα
1563 1911 1614 1942 τῆς
1638 1905 1749 1943 καρδ¹ας
1778 1902 1877 1939 σου,καῖ

1074 1951 1148 1987 χειρὶ
1177 1953 1292 1987 κραταιιᾷ
1321 1949 1487 1986 δραξάμενος
1513 1953 1568 1977 τῶν
1604 1953 1701 1989 πηγῶν
1729 1950 1821 1977 τούτου
1841 1948 1878 1974 τοῦ

1075 1994 1220 2031 ῥεύματος,
1245 1994 1277 2025 ’ὰς
1298 1995 1343 2021 καὶ
1381 1993 1581 2032 ἀναμοχλεόειν
1611 1994 1667 2030 ἤδη
1702 1994 1818 2031 ἁπήρξιι),
1840 1991 1879 2018 οὐκ

1073 2039 1178 2077 ἀφήσας
1208 2037 1271 2066 οὐδὲ
1301 2038 1469 2074 ἐξάλλεσθαι·
1491 2040 1525 2066 τὰ
1547 2041 1591 2066 νῢν
1615 2038 1644 2067 δὲ
1670 2039 1761 2070 ἄλλως
1789 2037 1879 2073 ἐπέχεις

1071 2082 1175 2117 ἐκείνην
1205 2084 1253 2117 τὴν
1285 2082 1423 2121 σύρροιαν,
1448 2083 1493 2110 καὶ
1523 2083 1698 2112 παλινοστεῖν
1728 2083 1878 2119 ἀναγκάζεις,

1071 2127 1115 2154 καὶ
1142 2127 1168 2154 ἐν
1192 2128 1287 2166 ἀφανεῖ
1312 2128 1547 2164 καταχώννυσθαι.
1564 2127 1739 2166 διατειχίζων
1760 2127 1817 2157 τοὺς
1838 2135 1878 2151 πο·

1071 2172 1195 2208 λεμίους,
1211 2172 1256 2199 καὶ
1281 2173 1327 2202 τὰς
1356 2171 1468 2210 ἐφόδους
1498 2172 1624 2211 διείργων
1651 2172 1816 2211 στεριμνίοις
1834 2170 1879 2198 ἑπι-

1068 2217 1239 2254 τειχίσμασι,
1255 2218 1299 2244 καὶ
1328 2217 1507 2254 ἀνατειχίζων
1532 2217 1619 2249 οὕτως
1644 2219 1739 2248 αὐτοῖς
1755 2217 1784 2244 τὸ
1799 2215 1877 2244 ἀκάθε-

1068 2272 1141 2288 κτον.
1156 2262 1204 2289 Καὶ
1227 2260 1296 2288 ἔστιν
1317 2260 1382 2288 ἰδεῖν
1402 2260 1494 2296 ὁδοὺς,
1511 2260 1626 2294 ἀϐάτους
1650 2264 1684 2290 τὰ
1709 2263 1800 2300 πρώην
1823 2260 1877 2295 Χριν

191 2309 290 2342 matis,
307 2309 358 2336 sed
374 2311 404 2336 et
417 2307 519 2336 leviter
538 2307 574 2334 ad
599 2307 654 2334 iter
682 2307 835 2342 expeditis,
865 2310 893 2335 et
920 2308 1011 2337 viato-

1076 2308 1193 2339 mavoiq,
1224 2305 1284 2342 ἄρτι
1320 2305 1479 2344 λεωφόρους
1512 2307 1556 2334 καὶ
1593 2307 1813 2342 ἀναπεπταμένας
1846 2301 1876 2332 εἷς

189 2353 266 2380 rium
283 2354 390 2381 ferrum
405 2353 452 2380 vix
466 2355 495 2380 et
505 2352 622 2379 nonnisi
639 2352 752 2379 decoris
772 2353 867 2388 gratia
895 2354 1010 2381 succin-

188 2397 277 2432 gitur.
305 2399 372 2425 Jam
401 2396 538 2424 mulleres
566 2396 637 2432 ipsae
663 2395 728 2423 illas
762 2397 871 2424 audent
900 2400 1011 2426 tentare

187 2442 260 2475 vias,
277 2442 348 2477 ipsae
364 2442 451 2469 etiam
467 2450 531 2478 quas
561 2441 763 2469 delectationis
779 2450 866 2470 causa
881 2444 1009 2479 peregri-

187 2487 308 2519 nantur,
319 2485 364 2513 vel
374 2494 448 2521 quas
476 2494 510 2514 ex
537 2486 652 2514 civitate
678 2486 811 2513 divinum
835 2487 941 2515 ardens
966 2488 1008 2516 lo-

185 2538 286 2559 eorum
300 2534 467 2557 sanctorum
497 2530 675 2558 desiderium
702 2529 760 2557 illic
776 2530 910 2559 viatriees
926 2533 1006 2561 facit.

183 2575 210 2603 Si
223 2582 292 2611 ergo
305 2577 388 2602 vetus
403 2575 523 2609 quidam
540 2583 587 2602 rex
603 2574 723 2602 ﬂuvium
740 2575 913 2603 insolentem
925 2578 1007 2612 etju-

182 2622 281 2649 menta
289 2619 319 2647 in
334 2619 513 2655 profundum
522 2619 828 2655 trahentem,virisque
845 2621 1004 2650 terribilem

181 2664 298 2693 mulieri
305 2664 449 2692 vadosum
461 2663 662 2698 fecerat,illum
674 2664 835 2691 innumeris
845 2665 1004 2694 minuendo

181 2709 386 2743 incisionibus,
403 2707 452 2735 alii
469 2716 535 2736 vero
550 2708 603 2735 hoc
619 2708 729 2742 regium
748 2707 861 2736 facinus
877 2710 1003 2737 venerati

183 2754 393 2787 laudaveram;
409 2761 461 2788 ego
477 2752 595 2788 quidem
612 2752 647 2779 de
659 2752 724 2779 istis
744 2752 856 2786 dubito,
886 2756 914 2781 et
930 2753 1002 2782 illud

184 2797 310 2825 incisum
326 2798 437 2826 ﬂumen
457 2805 561 2826 censeo
583 2798 718 2824 devotum
744 2797 834 2825 fuisse
856 2798 951 2831 furiis,
975 2802 1003 2826 et

185 2849 265 2870 mare
278 2841 467 2879 ﬂagellatam,
483 2842 560 2878 quod
590 2841 659 2869 olim
688 2849 795 2877 passus
819 2844 864 2870 est
892 2841 1001 2871 Helles-

1068 2351 1198 2388 βάσιμον*
1225 2350 1269 2377 καὶ
1290 2350 1321 2377 οὐ
1349 2350 1431 2387 μόνον
1457 2350 1579 2388 ἀυδράσι,
1604 2352 1651 2378 καὶ
1678 2351 1784 2380 τούτοις
1806 2347 1876 2376 ὁπλο-

1065 2397 1205 2433 φοροῦσιν,
1221 2393 1293 2422 ἀλλὰ
1316 2395 1361 2421 καὶ
1386 2395 1426 2425 οἷς
1447 2396 1480 2422 τὰ
1503 2399 1554 2430 τῆς
1578 2396 1693 2433 πορείας
1721 2390 1876 2429 εὔζωνακαὶ

1065 2440 1078 2467 ὁ
1094 2438 1195 2470 ἐνόδιος
1220 2438 1331 2476 σίδηρος
1359 2438 1441 2476 μόλις
1466 2450 1519 2466 που
1543 2440 1587 2467 καὶ
1617 2440 1657 2471 εἰς
1679 2438 1876 2476 παρηρτημὲνην

1063 2485 1224 2522 πεπόρισται
1255 2485 1403 2521 μάχαιραν.
1435 2483 1507 2519 ’Ἡδη
1532 2485 1577 2512 καὶ
1609 2488 1737 2523 γυναῖκες
1766 2483 1875 2518 τολμῶσι

1061 2529 1108 2561 τὰς
1134 2527 1213 2559 ὁδοὺς
1237 2527 1349 2560 ἐκείνας,
1378 2528 1423 2555 καὶ
1454 2529 1530 2556 αὗται
1567 2532 1621 2556 τῶν
1651 2527 1876 2568 τρυφεριυομὲνων

1056 2574 1104 2611 ικαὶ
1119 2575 1173 2600 τῶν
1193 2572 1218 2607 ἐξ
1244 2571 1347 2607 ἄστεος,
1363 2571 1426 2603 ὅσας
1441 2573 1455 2599 ὁ
1476 2574 1548 2604 θεῖος
1573 2573 1659 2604 πόθος
1685 2571 1873 2609 ἀναθιρμαίνων

1059 2619 1153 2648 τόποις
1170 2617 1254 2654 ἁγίοις
1287 2617 1354 2644 ὅπου
1373 2616 1476 2650 δήποτε
1499 2622 1548 2653 τῆς
1574 2618 1628 2646 ἐκεῖ
1657 2622 1711 2656 γῆς
1739 2615 1875 2651 ὶπιδτξμους

1059 2665 1142 2691 ποιεῖ.
1159 2662 1190 2690 Εἰ
1222 2662 1268 2698 μὲν
1298 2661 1343 2689 οὖν
1372 2662 1488 2693 παλαιός
1517 2673 1558 2694 τις
1600 2663 1731 2701 βασιλεὺς
1765 2658 1873 2695 ποταμὸν

1058 2706 1302 2743 ἀναιδευσάμενον,
1344 2706 1389 2734 καὶ
1429 2707 1561 2745 ὑποζύγια
1605 2708 1810 2743 κατασύραντα,
1835 2703 1873 2730 καὶ

1059 2751 1120 2780 οὐδὲ
1150 2750 1253 2788 ἀνδρῶν
1285 2751 1457 2790 φεισάμενον,
1489 2752 1570 2789 βατὸν
1603 2752 1740 2788 πεποίηκα
1771 2747 1872 2788 γυναιξὶ,

1056 2799 1169 2827 πυκναῖς
1188 2796 1288 2823 ἐκεῖνον
1314 2795 1519 2834 λεπτουργῆσας
1539 2799 1721 2834 κατατομαῖς,
1746 2793 1824 2823 ἄλλοι
1845 2791 1873 2819 τὰ

1055 2846 1104 2878 τῆς
1130 2841 1275 2879 βασινιικῆς
1308 2839 1413 2877 ἰκείνης
1447 2839 1650 2879 σεμνυνὲτωσαν
1681 2840 1822 2880 πράξιως·
1839 2836 1872 2868 ὡς
