2018 3158
130 228 186 259 941

587 229 806 261 ALLOCUTIO
827 230 878 261 AD
901 229 1120 261 MANUELEM
1143 233 1376 266 COMNENUM.

1770 240 1830 270 912

132 293 185 331 ἐγὼ
200 296 280 322 τοῦτο
305 295 351 331 μὲν
380 294 461 331 ὀκνῶ,
485 296 530 322 καὶ
553 295 591 326 εἰς
615 297 711 323 ταυτὸν
737 296 801 333 ἄγω,
829 296 953 332 ποταμόν

1013 299 1130 332 pontus.
1148 298 1219 327 Vere
1236 302 1333 328 autem
1362 300 1517 336 pulchrum
1541 302 1642 336 judico
1665 307 1694 332 et
1717 314 1829 341 magnis

130 349 159 366 τε
199 339 423 374 ποινηλατεῖσθαι
463 339 653 376 τεμνόμενον,
696 341 740 368 καὶ
782 341 953 377 μιστὲζετθαι

132 382 279 418 Θάλασσαν,
304 385 369 422 ὅπερ
389 383 592 420 Ἑλλήσποντος
619 385 699 412 πάθοι
724 385 797 412 ποτὲ
821 385 904 413 καλὸν
926 384 954 412 δὲ

131 427 214 458 ὅντως
233 428 316 466 κρίνω
338 429 381 456 καὶ
409 428 553 466 βασιλικῆς
580 429 701 467 μεγάλης
725 429 820 468 ἒσχύος
833 429 952 466 ἐπάξιον,

129 476 180 509 γῆν
206 471 280 508 μάλα
303 473 351 509 μὶν
367 473 488 509 πολλὴν,
507 472 581 510 μάλα
597 473 625 501 δὲ
654 474 678 501 ἐν
703 476 875 512 καιριωτάτῳ
896 485 952 501 κιι-

131 516 225 553 μένην,
242 516 334 548 ἄλλως
350 516 378 545 δὶ
392 520 451 549 τοῖς
469 515 644 556 προσϐαίνειν
670 518 791 547 ἐθέλουσι
817 516 951 556 δυσέμϐα-

126 572 172 589 τον
197 561 243 588 καὶ
258 559 415 597 ἇνὲκῧατον,
433 561 463 590 οὒ
480 561 514 590 δι’
530 562 656 600 ἐρημίαν,
673 563 704 590 οὐ
721 561 790 591 διότι
805 564 950 601 θηριοτρό-

127 606 218 644 φος,ἢ
245 605 286 633 ὅτι
309 603 446 644 προϐολαὶ
474 610 579 645 πετρῶν
609 608 693 643 αὐτὴν
720 607 905 646 ἐξετράχυνον,
933 608 950 642 ἢ

125 650 170 678 καὶ
200 650 252 685 ὕλη
271 650 433 690 ἀμφιλαφὴς
446 651 510 683 τοὺς
535 651 698 689 ὁδοιπόρους
722 652 863 688 ἐξέκλειεν·
890 652 953 681 ἀλλ’

126 699 167 726 ὅτι
183 698 320 727 σκάνδαλα
339 698 440 738 τρίϐων
462 702 520 739 εἶχε
543 703 624 736 πᾶσι,
645 702 690 729 καὶ
716 702 814 733 ὅπλοις
840 703 951 738 Ἰσμαη-

126 743 243 776 λιτικοῖς
258 743 340 779 ληίου
357 743 432 780 δίκην
456 745 572 784 ἔφριττε,
602 746 647 774 καὶ
673 746 721 783 (ὥς
749 745 778 773 ἂν
807 757 848 779 τις
865 746 949 784 εἷ’ποι)

127 787 244 826 σιδηρέῳ
271 789 357 827 τείχει
390 788 485 817 διόλου
513 790 661 829 πέφρακτο,
691 791 736 818 καὶ
755 792 828 827 ἡμᾶς
843 790 949 818 ἀπετεί-

127 836 200 870 χιζε,
225 834 341 870 βάσιμον
366 837 478 869 ποιῆσαι
503 837 560 866 τοῖς
582 833 712 862 διοδεύειν
741 835 875 870 ἐθέλουσι,
904 836 949 863 καὶ

126 877 229 912 αὐτοῖς,
247 878 304 905 ὅσοι
321 877 407 906 δειλοὶ
424 879 491 916 πρὸς
519 879 605 914 ἀλκὴν
633 880 678 907 καὶ
694 878 804 917 σίδηρον
830 879 946 916 εἶσορᾷν.

125 922 162 950 Τὸ
187 920 215 949 δὲ
229 923 289 950 καθ’
310 924 384 959 ἡμᾶς
410 922 521 955 ἐνταῦθα
537 926 590 951 ποῦ
606 934 670 951 ποτε
697 925 773 959 θήσει
787 935 828 955 τις
844 924 949 961 θαύμα-

122 977 180 1003 τος,
205 966 338 1003 βασιλέων
356 966 558 1005 ἀνδρικώτατε;
583 967 615 997 Ο’ί
638 968 682 996 καὶ
711 969 790 996 αὐτοῖ
818 972 868 1003 τῆς
895 972 948 1006 γῆς
966 983 988 1015 Β

124 1011 224 1046 ταύτης
247 1010 301 1047 ἤδη
324 1012 555 1051 καταθαρῥοῦμεν,
580 1011 719 1051 ἅνθρωποι
749 1012 863 1051 σιδήρου
894 1025 946 1050 μη-

124 1053 167 1082 δὲν
195 1056 410 1093 παραπτόμενοι,
439 1056 513 1092 πλὴν
547 1057 572 1084 εἴ
601 1068 652 1084 που
683 1057 847 1095 μαχαιρίδος
874 1058 947 1089 τινὸς

125 1099 294 1138 ἐνοχλούσης
309 1100 427 1138 καλάμῳ
452 1101 497 1128 καὶ
513 1101 718 1139 παραποιούσης
745 1103 790 1130 καὶ
819 1102 947 1139 ἀποξεού-

126 1155 175 1178 σης
212 1144 249 1176 εἷς
287 1147 450 1183 γράμματα.
487 1146 656 1183 Πεποίθαμεν
682 1148 700 1181 ἧ
730 1147 805 1183 μῆν,
838 1146 881 1174 ἐὰν
904 1147 948 1174 καὶ

127 1189 223 1223 Θεατὴς
260 1190 433 1228 παριππιῦσῃ
472 1189 634 1226 ἀλλόκοτος,
674 1191 881 1228 ἀποπέμψεσθαι
917 1192 948 1219 τὺ

125 1234 218 1268 κακὸν,
233 1232 450 1272 άναϐοησάμινον
468 1235 498 1262 τὸ
514 1235 559 1262 σὸν
583 1236 627 1263 καὶ
645 1236 726 1272 μόνον
743 1234 840 1272 ὄνομα.
865 1235 949 1265 Οὐδὲν

126 1283 194 1319 ἡμῖν
211 1283 336 1310 ἀπαίσιον
353 1285 553 1319 συναντήσεται,
582 1285 614 1311 οὐ
637 1282 722 1322 φόϐος
737 1285 900 1322 νυκτερινὸς,
917 1285 948 1312 οὐ

127 1326 207 1365 βέλος
221 1327 326 1366 ἡμέρας
343 1328 501 1364 πετόμενον·
518 1328 669 1356 αἰδέσονται
682 1329 727 1356 τὸν
743 1330 849 1366 κήρυκα
864 1330 889 1356 οἱ
902 1330 946 1357 τὸν

123 1372 326 1409 κήρυσσόμενον
343 1373 508 1411 φρίσσοντες.
525 1374 619 1401 Ἔσται
640 1374 707 1410 ἡμῖν
734 1373 792 1401 ἀντὶ
816 1374 948 1411 κηρυκίου

124 1416 155 1444 τὸ
181 1416 321 1454 βασιλικὸν
347 1414 443 1452 ὄνομα.
461 1414 651 1454 Διαϐησόμεθα
677 1417 713 1448 ὡς
737 1416 781 1445 ἰπὶ
797 1418 946 1456 πανήγυριν

124 1459 239 1490 ἄσυλοι.
283 1462 498 1498 Ἀναπετάσομεν
541 1461 700 1500 ὀφθαλμοὺς
740 1463 785 1488 καῖ
828 1463 946 1500 ἀροῦμεν

123 1505 228 1542 κύκλῳ,
254 1506 434 1542 θαυμάζοντές
459 1516 506 1533 σου
529 1506 563 1532 τὰ
589 1505 668 1544 ἔργα.
697 1507 946 1545 Τοπογρςιφήσομὲν

124 1561 172 1578 σου
187 1550 233 1581 τὰς
258 1550 402 1587 ἀριστείας.
428 1549 642 1587 Περιοδεύσομεν
669 1551 781 1585 τόπους,
806 1550 832 1578 ἐν
856 1551 895 1581 οἷς
920 1552 946 1578 οἳ

123 1595 166 1623 σοὶ
192 1595 288 1631 ὡραῖοι
313 1593 395 1625 πόδες
416 1595 561 1629 ἐπάτησαν,
589 1595 655 1632 ὑπὲρ
687 1596 767 1631 ἡμῶν
793 1597 945 1631 πονοῦντες,

1009 342 1086 376 regis
1101 343 1217 372 virtutis
1239 345 1361 380 dignum
1387 353 1524 381 magnam
1541 347 1659 381 quidem
1682 349 1830 384 regionem

1009 387 1057 413 sed
1076 386 1104 413 in
1122 390 1214 415 morte
1225 389 1369 423 jacentem
1387 389 1505 417 aliunde
1520 390 1562 418 eis
1583 393 1632 427 qui
1650 401 1766 429 pergere
1781 403 1830 423 vo-

1008 429 1108 458 lebant
1123 431 1294 467 impervium
1318 436 1345 460 et
1359 433 1603 470 inaccessibilcm,
1620 444 1677 464 non
1699 439 1768 473 quia
1780 439 1830 467 de-

1007 478 1095 508 serta,
1118 479 1169 504 aut
1197 477 1264 504 l‘eris
1289 478 1436 513 frequens,
1461 481 1511 506 aut
1535 488 1672 508 saxorum
1698 482 1830 511 eminen-

1007 519 1086 548 tibus
1101 529 1214 556 aspera,
1232 522 1340 550 nedum
1358 522 1427 558 quia
1442 532 1546 552 nemus
1561 532 1595 552 ex
1611 527 1732 561 utraque
1747 529 1830 563 parte

1007 567 1162 599 patescens
1187 567 1311 594 viatores
1341 567 1543 603 concludebat,
1570 569 1619 596 sed
1650 571 1719 605 quia
1743 580 1830 600 scan-

1008 609 1075 636 dala
1089 611 1204 638 terrena
1228 610 1355 638 habebat
1380 612 1488 647 omnia,
1506 615 1533 640 et
1548 614 1632 648 quasi
1649 615 1830 644 frumentum

1008 653 1192 682 Ismaeliticis
1209 655 1299 683 armis
1319 656 1498 684 horribiliter
1518 658 1683 692 secabatur,
1697 661 1735 693 et,
1752 660 1831 688 dixe-

1007 703 1043 730 rit
1059 703 1217 739 quispiam,
1229 704 1330 732 ferreis
1342 705 1488 733 moenibus
1503 706 1632 741 undique
1647 707 1831 743 cingebatur,

1007 748 1133 783 perviam
1162 749 1265 776 fecisse
1286 749 1325 776 ibi
1351 749 1481 777 itineruri
1511 751 1696 786 cupientibus
1716 755 1744 779 et
1758 753 1831 788 ipsis

1005 792 1092 819 etiam
1123 793 1173 828 qui
1204 796 1363 821 trementes
1392 802 1521 829 pugnam
1553 796 1722 831 ferrumque
1750 797 1829 824 intu-

1005 839 1099 864 entur.
1116 838 1170 865 Sed
1199 838 1264 872 quis
1294 846 1422 874 unquam
1453 839 1530 874 apud
1555 847 1608 867 nos
1629 843 1745 868 tantum
1762 850 1830 877 pro-

1006 882 1076 909 feret
1102 882 1289 914 miraculum,
1307 891 1322 910 ο
1348 883 1557 918 imperatorum
1582 885 1831 919 generosissime?

1004 927 1063 954 Nos
1078 926 1134 962 ipsi
1152 926 1201 962 qui
1214 927 1300 954 istum
1314 927 1531 962 regionemjam
1544 929 1687 956 audemus
1699 930 1829 966 aggredi,

1004 970 1139 998 homines
1155 971 1235 998 nullo
1251 971 1392 998 succincti
1409 972 1484 999 ferro
1498 972 1554 1000 nisi
1570 972 1684 1008 scalpro
1701 982 1758 1009 quo
1770 974 1830 1001 cir-

1004 1015 1190 1042 cumcidatur
1205 1015 1348 1047 calamus,
1365 1024 1422 1052 quo
1447 1019 1592 1051 expuncta
1615 1017 1734 1045 radatur
1757 1019 1828 1046 scri-

1005 1061 1100 1096 ptura.
1119 1060 1161 1087 Ita
1186 1068 1257 1087 sane
1281 1068 1458 1095 persuasum
1484 1060 1637 1096 habemus,
1655 1062 1679 1089 si
1700 1062 1767 1097 quis
1782 1071 1829 1090 ex-

1004 1106 1123 1131 traneus
1139 1107 1285 1140 spectator
1299 1103 1357 1132 illis
1383 1105 1414 1132 in
1439 1105 1533 1140 plagis
1549 1105 1732 1141 equitaverit,
1749 1106 1828 1134 hunc

1005 1149 1115 1176 malum
1131 1149 1496 1184 cxpulsurum,dummodo
1513 1150 1608 1177 solum
1625 1159 1728 1178 nomen
1742 1154 1826 1179 tuum

1004 1192 1272 1220 invoravnriLNihil
1289 1193 1408 1219 noxium
1422 1193 1505 1220 nobis
1517 1197 1658 1227 occurret,
1672 1202 1723 1222 nec
1738 1195 1828 1223 timor

1004 1239 1176 1268 nocturnus,
1193 1245 1244 1264 nec
1260 1237 1367 1272 sagitta
1382 1237 1482 1264 volans
1506 1237 1536 1265 in
1560 1238 1616 1266 die.
1642 1238 1828 1267 Verebuntur

1003 1293 1166 1320 praeconem
1201 1284 1251 1320 qui
1285 1285 1474 1320 praedicatum
1519 1286 1647 1314 horrent.
1681 1287 1744 1314 Erit
1776 1296 1826 1315 no-

1004 1329 1048 1356 bis
1083 1337 1133 1365 pro
1164 1329 1318 1364 przsdicato
1351 1329 1538 1364 imperatoris
1571 1339 1688 1358 nomen.
1720 1331 1827 1360 Trans-

1002 1373 1113 1401 ibimus
1148 1373 1249 1401 intacti
1279 1376 1419 1408 tanquam
1450 1374 1485 1401 ad
1507 1376 1687 1411 panegyrim.
1708 1376 1828 1411 Aperie-

1003 1427 1070 1445 mus
1097 1417 1199 1445 oculos
1215 1421 1243 1445 et
1258 1418 1523 1454 circumspiciendo
1540 1421 1590 1446 tua
1603 1419 1747 1447 miramur
1762 1428 1827 1456 opa-

1002 1471 1043 1489 ra.
1074 1462 1271 1490 Gircuibimus
1298 1461 1362 1490 loca
1396 1462 1426 1489 in
1456 1463 1564 1498 quibus
1593 1464 1719 1500 speciosi
1739 1465 1828 1500 pedes

1002 1507 1043 1534 tui
1061 1508 1205 1533 steterunt
1220 1515 1271 1542 pro
1287 1507 1371 1534 nobis
1382 1506 1549 1535 laborantes
1560 1516 1612 1535 nec
1624 1508 1686 1536 sine
1698 1508 1827 1544 periculo

1002 1553 1161 1577 currentes.
1179 1551 1213 1578 Et
1227 1550 1282 1578 erit
1297 1550 1382 1577 nobis
1407 1553 1484 1578 terra
1508 1551 1566 1578 ista
1587 1553 1683 1587 magis
1707 1561 1826 1580 venera-

1001 1595 1080 1622 tione
1096 1595 1185 1630 digna
1200 1602 1288 1629 quam
1304 1595 1430 1622 Thraces
1446 1595 1475 1621 in
1495 1595 1609 1631 Europa
1626 1598 1732 1623 terram
1747 1596 1825 1625 illam

123 1640 169 1667 καὶ
199 1638 261 1667 οὐδὶ
294 1638 421 1666 ἀκίνδυνα
455 1639 607 1677 τρέχοντες.
639 1639 687 1665 Καὶ
721 1636 794 1666 ἔσται
831 1641 898 1676 ἡμῖν
926 1641 944 1674 ἡ

1003 1639 1030 1666 in
1048 1639 1156 1666 honore
1171 1638 1318 1666 habebant
1333 1646 1383 1674 per
1406 1647 1493 1674 quam
1519 1639 1679 1666 ambulavit
1695 1647 1744 1667 rex
1758 1641 1824 1668 Per-

123 1683 235 1720 τοιαῦτη
261 1687 297 1721 γῆ
322 1683 348 1711 ἒν
368 1681 516 1720 σεϐάσματι
541 1681 718 1720 δικαιότερον,
741 1682 810 1720 ἤπερ
834 1685 860 1711 οἱ
875 1687 945 1722 Θρᾷ-

123 1739 167 1760 κες
185 1729 210 1756 ἒν
236 1727 352 1766 Εὐρώπῃ
374 1731 425 1765 γῆν
451 1727 553 1763 ἐκείνην
571 1728 645 1766 εἶχον
670 1727 714 1755 διὰ
728 1731 823 1764 τιμῆς,
836 1729 866 1762 ἣν
883 1728 947 1756 ἐπά-

121 1784 188 1809 τησε
226 1775 334 1811 Περσῶν
368 1771 508 1810 βασιλεὺς,
547 1773 604 1800 καθ’
631 1771 764 1804 Ἑλλάδος
789 1773 944 1810 ἐκστρατευ-

123 1817 249 1855 σάμινος.
267 1817 345 1846 Οὕτω
360 1817 492 1844 κάνταῦθα
508 1817 587 1853 ήμῶν
610 1817 641 1844 τὸ
666 1814 759 1848 θλίϐον
777 1818 856 1854 ἡμῶν
873 1818 945 1853 ἀπή-

123 1862 217 1893 λασας.
256 1862 334 1891 Οὕτω
372 1859 458 1900 φόϐου
492 1862 592 1892 παντὸς
624 1862 697 1898 ἡμᾶς
724 1861 871 1897 ἀπέλυσας,
900 1862 945 1889 καὶ

121 1913 171 1948 τὴν
196 1911 289 1943 ἄλλως
315 1911 484 1950 θηροτρόφον
512 1909 556 1938 διὰ
582 1910 645 1943 τοὺς
668 1911 751 1948 θῆρας
775 1911 838 1942 τοὺς
853 1911 879 1946 ἐξ
895 1912 945 1940 Ἰσ-

124 1957 201 1994 μαὴλ
217 1957 366 1994 ἀνθρώπων
392 1955 524 1990 ἕπλησας.
552 1956 630 1983 Εἶπεν
648 1955 678 1982 ἃν
700 1967 740 1987 τις
765 1955 864 1987 λῦκους
879 1955 943 1983 ἐκεί-

122 2012 193 2035 νους,
228 2001 312 2028 πάλαι
345 2000 410 2028 ποτὶ
439 2000 507 2027 κατά
535 2010 588 2027 τινι
620 1999 724 2036 ποίμνῃ
745 2002 779 2036 τῇ
804 2003 944 2038 Ῥωμαῖκῇ

123 2044 343 2080 ἒπεισπηδῶντας
368 2043 560 2082 κληρονομίᾳ,
586 2043 630 2071 καὶ
656 2047 715 2075 τοῖς
741 2047 795 2071 τῶν
818 2046 944 2082 Χριστια-

121 2091 175 2117 νῶν
198 2089 292 2126 α’ίμασι
324 2089 481 2127 χαίροντας,
505 2088 551 2115 καὶ
576 2088 624 2115 οὒκ
657 2088 694 2119 εἰς
722 2089 809 2124 μάτην
837 2089 946 2126 χαίνον-

121 2145 180 2169 τας,
206 2133 269 2161 ἀλλ’
297 2134 465 2171 ἀρτιάζοντας
489 2133 534 2160 καὶ
564 2131 758 2171 λαφύσσοντας.
784 2135 836 2160 Νῦν
861 2132 889 2160 δὲ
912 2134 944 2161 οὗ

124 2179 206 2215 μόνον
229 2177 484 2216 ἀπεσφενδόνηνται,
513 2176 584 2204 ἀλλὰ
609 2176 653 2204 καὶ
669 2177 695 2203 οἱ
721 2177 768 2213 μὲν
792 2175 854 2204 οὐδὲ
877 2177 944 2205 εἰσιν

122 2222 171 2258 ἔτι,
189 2224 215 2251 οἳ
240 2222 268 2250 ’δὶ
291 2225 339 2250 τοῦ
362 2222 429 2250 ιῖναι
454 2220 534 2249 λύκοι
558 2220 612 2257 ἦξε)
621 2222 726 2253 άῦοντο.
752 2221 880 2250 Μάλιστα
897 2223 943 2259 μὶν

122 2268 167 2295 οὖν
202 2267 232 2295 ἐκ
258 2266 350 2295 λύκων
385 2266 484 2297 αὐτοὺς
518 2266 557 2297 εἷς
585 2266 743 2304 ἀνθρώπους
770 2267 942 2303 μετὲστησας·

120 2317 166 2345 καὶ
207 2318 272 2354 ὅπερ
305 2318 319 2344 ὁ
356 2320 406 2351 τῆς
440 2315 544 2352 Κίρκης
581 2315 682 2364 κυκεὼν
727 2315 941 2364 λογογραφεῖται
962 2332 984 2364 D

121 2365 221 2396 ποιεῖν,
236 2364 319 2389 τοῦτο
335 2361 376 2388 ἐπ’
397 2360 527 2396 ἀληθείας
557 2358 641 2397 φόϐος
667 2359 808 2398 βασιλικὸς
832 2360 856 2396 ἐξ
872 2361 943 2389 ἀντι-

122 2406 239 2445 στρόφου
254 2408 300 2433 νῦν
325 2405 519 2443 κατεπράξατο,
543 2405 588 2432 καὶ
615 2405 663 2432 οὐκ
687 2404 713 2440 ἐξ
734 2405 883 2443 ἀνθρώπων
907 2405 945 2436 εἷς

122 2452 219 2489 θῆρας,
250 2450 314 2478 ἀλλ’
351 2450 376 2486 ἐξ
410 2450 519 2477 ἐκείνων
557 2449 595 2481 εἰς
618 2450 733 2480 τούτους
763 2447 945 2486 μεταϐιϐάσας

122 2496 256 2524 θειότατα.
287 2495 335 2522 Καί
362 2505 403 2526 τις
430 2494 478 2530 μία
504 2495 548 2521 καὶ
569 2494 636 2530 αὕτη
662 2494 766 2531 ποίμνη
793 2494 844 2522 ὑπὸ
868 2494 946 2531 καλῷ

123 2540 231 2576 ποιμένι
255 2543 295 2575 τῷ
319 2539 399 2575 ἐνθὲῳ
433 2539 573 2576 συνάγεται
600 2539 723 2576 βασιλεῖ,
759 2541 813 2566 τῶν
844 2538 944 2576 θηρίων

121 2585 171 2612 οὐκ
194 2583 317 2611 ἐνόντων.
345 2583 402 2612 Οὐκ
425 2582 470 2610 οὖν
501 2582 608 2619 μερίδες
632 2584 658 2610 αἱ
685 2584 733 2620 μὲν
758 2585 837 2619 ἡμῖν,
864 2583 890 2609 αἱ
918 2581 947 2609 δὲ

119 2631 179 2660 τοῖς
204 2627 299 2656 ἔθνεσι·
327 2626 390 2655 ἀλλ’
418 2624 487 2654 ἔστιν
510 2628 589 2663 ἡμῶν
614 2628 648 2655 τὰ
670 2629 766 2656 πάντα.
793 2627 840 2654 Καὶ
855 2627 887 2654 σὺ
903 2625 948 2653 διὸ.

120 2675 204 2700 ταῦτα
230 2671 357 2710 βασιλεὺς
381 2671 424 2698 ἐπὶ
455 2671 556 2702 πάντας
583 2671 718 2707 ἀήττητος
734 2683 740 2689 ·
771 2672 816 2699 καὶ
842 2670 948 2699 δέδεται

121 2718 197 2745 νῦνὸ
224 2717 347 2753 πόλεμος
376 2714 420 2743 διὰ
448 2717 506 2750 σοῦ,
534 2715 564 2743 οὐ
593 2715 706 2754 χαλκέῳ
728 2717 851 2755 κεράμῳ,
880 2715 948 2743 κατὰ

120 2762 166 2789 τὸν
181 2764 229 2789 τοῦ
257 2761 378 2789 παλαιοῦ
408 2759 491 2797 λόγου
506 2760 600 2798 Ἄρεα,
617 2760 643 2796 ἐξ
661 2761 692 2788 οὗ
708 2760 815 2796 λυθείη,
831 2760 861 2787 ἂν
879 2760 947 2787 ἐκεῖ-

121 2817 167 2837 νος
183 2805 457 2843 τρισκαιδεκάμηνος,
473 2803 546 2832 ἀλλὰ
562 2803 654 2842 δεσμῷ
677 2805 799 2843 ἀρρετῳ,
825 2805 948 2844 ἀφύκτῳ,

122 2850 224 2887 ἀλύτῳ·
261 2850 302 2888 ἐφ’
340 2850 402 2878 ὅσον
427 2849 457 2877 ἃν
485 2848 516 2877 οὐ
543 2848 624 2886 μόνον
659 2853 717 2882 τοῖς
743 2851 950 2888 στρατιωτικοῖς

123 2895 233 2930 ὅπλοις,
260 2896 292 2923 τὸ
318 2899 368 2930 τῆς
396 2894 554 2933 παροιμίας,
584 2893 858 2933 ἐνιστουργηθήσεται
887 2893 951 2933 ἆρά-

1001 1692 1100 1712 sarum
1117 1683 1256 1710 adversus
1272 1683 1409 1710 Greeciam
1426 1683 1630 1711 dimicaturus.
1643 1684 1690 1711 Sic
1706 1694 1722 1712 δι
1738 1684 1824 1712 nobis

1001 1727 1147 1764 ﬂagellum
1164 1730 1294 1755 nostram
1311 1727 1454 1755 amovisti.
1471 1727 1517 1754 Sic
1532 1728 1567 1755 ab
1583 1728 1664 1755 omni
1676 1731 1752 1756 metu
1771 1737 1824 1757 nos

1001 1773 1125 1807 solvisti,
1137 1774 1166 1800 et
1180 1772 1293 1808 plagam
1305 1775 1391 1800 antea
1407 1772 1475 1800 feris
1491 1773 1518 1799 id
1536 1774 1581 1800 est
1596 1772 1753 1801 Ismaelitis
1768 1774 1823 1801 fre-

1001 1820 1138 1853 quentem
1157 1816 1325 1844 hominibus
1347 1816 1504 1852 replevisti.
1522 1817 1634 1844 Dixeris
1652 1825 1722 1845 sane
1737 1817 1824 1853 lupos

1000 1862 1066 1889 illos
1082 1861 1150 1889 olim
1168 1861 1197 1888 in
1221 1868 1349 1896 gregem.
1368 1860 1529 1888 Romanam
1545 1860 1656 1888 scilicet
1672 1861 1824 1890 haeredita-

999 1909 1057 1934 tem
1064 1906 1169 1940 ,irruen
1176 1909 1217 1933 tes
1226 1909 1254 1932 et
1260 1905 1491 1933 Christianorum
1501 1905 1643 1941 sanguine
1652 1906 1824 1942 gaudentes,

999 1958 1028 1983 et
1037 1964 1093 1983 non
1106 1955 1252 1982 inhiantes
1265 1956 1494 1987 tantum,verum
1505 1954 1679 1990 arripientes
1690 1958 1718 1983 et
1726 1955 1826 1992 deglu-

999 1999 1113 2027 ticntcs.
1126 1999 1209 2026 Nunc
1220 2007 1286 2026 vero
1302 1998 1349 2026 alii
1367 1998 1457 2026 armis
1470 1999 1581 2034 expulsi
1598 2002 1677 2033 sunt,
1695 1999 1743 2026 alii
1760 2007 1824 2027 esse

999 2043 1213 2076 desierunt,alii
1230 2043 1407 2069 ferocitatem
1423 2050 1506 2070 suam
1523 2043 1731 2078 deposuerunt.
1749 2044 1823 2071 Prae-

1000 2088 1098 2115 sertim
1116 2089 1213 2114 autem
1227 2095 1261 2114 cx
1273 2085 1351 2121 lupis
1366 2094 1415 2113 eos
1431 2087 1458 2112 in
1476 2086 1608 2114 homines
1621 2087 1782 2121 mutavisti;
1794 2089 1824 2115 et

1000 2132 1076 2167 quod
1093 2131 1179 2158 Circae
1191 2131 1269 2166 potio
1281 2130 1383 2158 fecisse
1394 2130 1631 2165 perhibetur,hoc
1647 2131 1753 2167 reipsa,
1770 2131 1821 2159 sed

999 2185 1014 2204 e
1025 2175 1370 2211 contrurio,imperatoris
1382 2174 1469 2202 timor
1480 2175 1565 2202 modo
1577 2175 1823 2211 perpetravit,non

1000 2221 1118 2257 quidem
1135 2220 1268 2247 homines
1292 2219 1321 2246 in
1339 2220 1424 2252 feras,
1441 2219 1491 2246 sed
1516 2219 1588 2246 istas
1613 2220 1641 2247 in
1667 2219 1733 2247 illos
1749 2220 1823 2248 divi-

1000 2266 1081 2293 nitus
1097 2264 1301 2292 convertendo.
1318 2264 1352 2291 Et
1374 2272 1451 2291 unus
1474 2263 1593 2298 quidam
1610 2272 1677 2298 grex
1693 2265 1748 2292 sub
1764 2272 1823 2292 uno

999 2314 1104 2343 eximio
1121 2316 1247 2349 pastore,
1263 2313 1329 2339 divo
1360 2311 1471 2339 scilicet
1495 2312 1681 2348 imperatore,
1702 2321 1824 2349 congre-

1002 2361 1095 2395 gatur,
1114 2358 1183 2385 feris
1198 2366 1384 2393 nequaquam
1402 2357 1752 2393 concurrenlibungitur
1767 2366 1825 2386 non

1001 2406 1071 2431 sunt
1088 2405 1182 2439 partes
1198 2402 1261 2430 aliae
1286 2401 1404 2437 quidem
1431 2401 1527 2434 nobis,
1555 2401 1616 2428 alia}
1639 2404 1736 2429 autem
1753 2410 1824 2438 gen-

1000 2449 1090 2481 tibus,
1108 2448 1156 2475 sed
1176 2450 1274 2474 nostra
1291 2449 1361 2474 sunt
1376 2446 1486 2473 omnia.
1504 2448 1536 2473 Et
1551 2449 1582 2473 tu
1600 2449 1753 2482 propterea
1768 2448 1826 2474 im-

1001 2495 1117 2528 perator
1143 2500 1232 2527 super
1255 2499 1357 2518 omnes
1383 2489 1578 2524 invincibilis;
1595 2493 1623 2517 et
1639 2499 1716 2518 nunc
1734 2499 1785 2526 por
1799 2493 1828 2519 te

1002 2536 1213 2572 constringitur
1237 2535 1359 2569 bellum,
1386 2542 1442 2561 non
1469 2534 1560 2561 ferreo
1585 2542 1709 2569 carcere,
1723 2542 1828 2562 secun-

1001 2582 1071 2609 dum
1087 2583 1171 2608 vetus
1186 2581 1222 2608 de
1242 2580 1334 2607 Marte
1350 2579 1474 2612 dictum,
1491 2587 1525 2606 ex
1541 2587 1597 2614 quo
1613 2587 1671 2607 non
1688 2579 1745 2607 nisi
1761 2581 1828 2615 post

1002 2626 1140 2653 tredecim
1152 2633 1268 2653 menses
1283 2623 1454 2652 solvendum
1468 2623 1610 2657 esset,sed
1624 2623 1739 2651 vinculo
1752 2624 1828 2651 indi-

1003 2669 1091 2702 cibili,
1108 2669 1302 2702 ineluctabili,
1318 2667 1576 2702 indissolubili,ita
1593 2669 1624 2695 ut
1640 2676 1699 2695 non
1713 2670 1830 2695 tantum

1003 2714 1182 2743 bellicisarm
1189 2714 1258 2747 is,ut
1265 2713 1337 2741 dicit
1346 2712 1482 2748 adagium
1489 2712 1585 2745 ,telam
1593 2712 1833 2740 ordiaturarach-

1004 2768 1066 2793 nea,
1085 2759 1133 2787 sed
1151 2759 1249 2794 ipsum
1276 2757 1342 2785 belli
1368 2764 1474 2784 nomen
1500 2757 1662 2784 abolentur.
1685 2756 1832 2788 Quidnam

1004 2802 1278 2838 Greecijactabundi
1306 2802 1437 2829 dicerent
1463 2802 1513 2836 qui
1540 2804 1656 2828 tantum
1672 2800 1832 2828 Antalcidts

1004 2848 1155 2876 victoriam
1186 2849 1214 2874 et
1244 2848 1377 2874 secutam
1404 2853 1504 2881 pacem
1531 2844 1714 2878 altollebant,
1731 2845 1753 2872 si
1779 2853 1835 2873 no-

1005 2897 1098 2921 stram
1114 2891 1286 2920 novissent?
1310 2890 1433 2919 Ubinam
1460 2892 1543 2918 tanta
1567 2889 1693 2918 victoria:
1709 2890 1789 2919 bona
1804 2892 1837 2919 ut
