2002 3158
182 188 241 219 943

565 187 776 218 EUSTATHII
798 187 1181 218 THESSALONICENSIS
1206 185 1498 218 METROPOLITE

1827 187 1886 217 944

184 254 353 290 ubicunque
386 257 528 282 terrarum
562 262 661 289 pacem
695 254 801 282 habeat
831 262 1005 282 concurren-

1064 263 1152 291 χνειον
1182 251 1301 290 ὕφασμα,
1328 251 1400 279 ἀλλὰ
1428 252 1472 279 καὶ
1502 249 1592 288 ὄνομα
1617 251 1742 288 πολέμου
1761 273 1768 287 ,
1799 253 1890 288 οἶμαι,

183 299 378 327 tem?Juvat
411 299 530 335 quidem
564 306 644 326 mare
677 299 803 326 hiemem
839 299 954 335 fugiens
981 300 1009 326 et

184 344 220 371 ad
239 352 359 372 vernam
389 342 636 378 tranquillitatem
667 351 828 379 expansum
850 343 1009 379 placidam-

185 396 242 424 que
257 388 440 424 superﬁciem
469 387 504 415 ad
521 387 615 415 lucem
638 387 796 423 explicans,
813 387 891 415 istud
909 391 1007 414 autem

184 441 234 461 ver
259 436 352 466 tuum,
369 434 397 459 et
429 431 564 459 hiemalis
594 440 698 467 pugnae
729 431 894 467 dissolutio,
912 432 1008 468 pacis-

184 486 241 513 que
256 476 485 510 serenitas,uihil
502 476 750 511 estjucunditatis
763 477 840 512 quod
854 476 939 504 nobis
950 485 1008 504 non

182 521 318 558 prebeat.
342 521 364 549 Ο
392 520 469 548 bella
492 523 520 548 et
536 521 695 548 certamina
709 521 738 547 in
770 521 878 556 quibus
894 521 1008 549 hostem

182 570 352 598 universum
368 569 398 596 in
416 571 516 605 fugam
542 569 759 597 irrevocabilem
781 570 968 597 convertisti!
987 569 1008 597 Ο

181 614 322 651 procellas
338 623 411 650 quas
442 614 528 642 nobis
552 614 582 641 in
613 622 751 642 serenum
782 614 969 642 convertislil
986 614 1008 642 Ο

181 658 394 687 commotiones
416 658 547 686 ‘bellicss
577 667 640 695 qua:
675 659 868 687 fundamenta
900 659 1009 686 Roma-

181 712 286 732 narum
302 703 422 731 urbium
438 712 581 731 concussa
606 703 792 732 everterunt!
808 707 889 732 Nunc
910 706 1006 731 autem

179 748 267 777 nobis
283 749 372 776 urbes
387 748 416 775 in
433 748 518 776 ﬁrma
528 751 611 784 petra
621 749 803 776 conduntur:
817 757 880 784 quae
896 749 1009 776 excide'

181 796 384 827 runt,rursum
401 793 464 828 pari
481 801 603 820 numero
619 793 773 829 eriguntur
787 802 792 827 ;
808 801 871 829 qua:
887 802 954 822 vero
970 794 1007 821 ti-

181 837 299 865 mebant
326 846 362 865 ne
391 837 538 870 caderent,
569 837 692 865 ﬁrmiter
722 837 841 865 munita:
872 838 1006 866 corrobo-

180 884 303 910 rantur:
319 883 461 909 sexcenta:
487 889 566 915 vero,
591 890 641 917 pro
667 883 849 916 necessitate,
874 882 1006 910 turribus

180 926 380 954 instruuntur.
410 925 546 962 Prmripis
575 926 652 954 enim
684 926 713 953 in
739 926 804 954 istis
830 935 876 954 res
891 927 1006 955 futuras
1024 944 1047 976 Β

179 970 263 999 oculo
278 970 449 1007 perspicaci.
466 971 510 998 Sic
526 970 661 998 hostibus
677 979 797 1007 gressus
812 971 985 1008 supplantas
998 986 1009 1010 ι,

180 1020 223 1048 sic
238 1019 312 1056 ipsis
328 1022 436 1047 terram
468 1019 580 1047 metiris
608 1024 783 1056 angustam;
802 1020 844 1048 sic
869 1020 927 1048 illis
947 1029 1013 1048 con-

180 1064 273 1092 trabis
302 1064 508 1092 habitationes.
537 1064 672 1092 stimulis
699 1065 818 1101 quidem
842 1066 943 1093 ferreis
959 1065 1010 1093 ho-

183 1108 274 1137 stium
290 1117 411 1144 campos
426 1108 575 1144 stravisse,
593 1111 625 1137 ut
641 1109 699 1137 illis
723 1110 812 1145 pedes
828 1109 912 1139 defixi
929 1109 1009 1138 falle-

183 1156 297 1187 rentur,
310 1156 339 1181 et
355 1153 415 1181 sale
431 1154 595 1182 consevisse
621 1162 707 1190 agros
723 1154 837 1188 uberes,
855 1157 886 1182 ut
907 1154 1010 1183 sterili-

182 1200 273 1225 tatem
289 1197 362 1234 ipsis
378 1198 505 1234 proferat
521 1202 595 1226 terra
612 1198 694 1234 prius
717 1199 850 1231 fecunda,
869 1201 897 1226 et
913 1200 1008 1227 foveas

186 1242 343 1270 sufl‘cdisse
358 1243 387 1269 in
404 1242 521 1278 pedicas
536 1245 596 1270 tam
608 1251 750 1278 equorum
763 1252 851 1279 quam
868 1244 1007 1276 virorum,

184 1289 212 1314 et
228 1295 320 1323 aquas
333 1295 445 1315 veneno
475 1287 652 1323 corrupisse,
678 1296 851 1323 generosum
875 1288 948 1315 nihil
963 1291 1008 1316 est

181 1331 211 1359 in
226 1331 293 1359 istis
309 1331 468 1367 (quomodo
493 1332 571 1359 enim
597 1340 772 1368 generosum
789 1334 866 1368 quod
885 1333 1005 1360 fraudu-

177 1375 320 1404 lentum?
333 1376 480 1411 quomodo
496 1375 580 1403 virile
602 1377 680 1412 quod
705 1376 838 1404 dolosum
860 1379 905 1405 est
914 1377 938 1413 ἲ)
955 1386 1007 1405 nec

179 1420 317 1448 victimas
346 1420 450 1456 laqueo
480 1420 638 1455 interimi;
668 1423 786 1457 tempus
817 1422 894 1449 enim
925 1422 1007 1450 breve

180 1465 239 1493 ista
259 1465 293 1492 ad
315 1465 403 1492 ﬁnem
424 1465 564 1500 adduxit;
594 1466 644 1493 sed
674 1466 805 1494 Romana
824 1466 960 1502 prmsidia
979 1470 1008 1495 et

182 1510 270 1538 urbes
304 1510 458 1547 armigeris
490 1510 561 1538 viris
595 1511 719 1547 repletas
753 1520 803 1547 per
836 1514 925 1539 totam
957 1513 1006 1540 ud-

180 1555 379 1583 versariorum
428 1557 534 1583 terram
581 1557 802 1591 dissemiuasse,
841 1557 895 1584 hoc
938 1565 1007 1584 sane

182 1606 256 1634 opus
272 1602 334 1627 erat
349 1601 410 1628 arte
424 1599 528 1628 bellica
551 1601 684 1636 dignum.
703 1601 784 1629 Istud
810 1601 887 1629 haud
908 1601 1006 1629 minus

183 1652 215 1672 ac
232 1645 359 1674 murices
379 1645 509 1674 inimicis
533 1646 621 1674 urbes
650 1647 780 1675 munitas
809 1647 921 1675 evertit.
944 1647 1006 1675 Ful-

183 1687 218 1716 lit
245 1689 324 1718 enim
355 1689 397 1718 eis
431 1691 466 1718 ad
500 1691 689 1719 insolentiam
718 1700 846 1727 gressus,
866 1694 1006 1728 quemad-

183 1734 306 1762 modum
335 1733 438 1762 salinaa
468 1735 497 1762 in
533 1738 611 1762 terra
639 1736 834 1763 Barbarorum
873 1745 1006 1764 exercen-

183 1779 242 1811 tur,
272 1778 313 1806 ita
347 1781 380 1806 ut
413 1787 471 1806 non
518 1779 644 1806 habeant
679 1779 721 1806 illi
756 1780 858 1808 solitas
892 1781 1007 1809 telluris

181 1822 281 1857 fruges
315 1823 477 1858 percipere,
510 1825 539 1849 et
589 1823 765 1851 altissimam
809 1825 928 1853 suffodit
966 1826 1007 1853 fo-

182 1873 266 1893 veam
296 1874 355 1901 qua
387 1866 415 1892 in
449 1866 598 1894 iuleritum
631 1867 834 1904 detrahuntur,
867 1873 1006 1906 tanquam

183 1909 294 1936 lethale
322 1918 466 1938 venenum
503 1910 649 1947 impingit,
679 1913 768 1940 vitam
801 1922 901 1941 eorum
937 1915 1009 1950 peri-

185 1952 261 1981 culis
277 1953 497 1989 circumdando,
514 1958 543 1983 et
570 1955 672 1984 breves
694 1956 754 1985 illis
769 1957 831 1986 dies
851 1958 1008 1987 metiendo.

184 2001 312 2031 Tantum
324 2005 353 2031 te
367 2004 477 2040 experti
492 2007 562 2033 sunt
583 2005 764 2040 bellatorem,
791 2015 907 2043 semper
920 2008 1010 2036 victo-

184 2055 261 2083 rem,
277 2048 516 2083 solertissimum,
533 2049 626 2078 multa
640 2053 702 2079 arte
717 2052 1010 2087 praeditum,urbium

185 2092 382 2129 obsessorem,
400 2101 513 2122 necnon
528 2094 724 2130 defensorem,
741 2097 790 2132 qui
815 2097 912 2125 omnia
928 2100 1010 2133 potes

185 2138 367 2166 confortante
382 2140 411 2167 te
425 2139 562 2168 Deo.Idco
578 2141 744 2176 superbiam
762 2142 970 2177 deposuerunt,
982 2144 1011 2170 et

184 2183 215 2212 in
231 2184 402 2212 servitutem
415 2185 468 2212 tibi
484 2185 593 2213 redacti
607 2186 793 2214 sunt.Seiunt
807 2187 945 2222 praeclara
960 2190 1010 2215 tua

185 2229 325 2264 facinora,
344 2238 452 2266 magna
466 2231 562 2258 sciunl
578 2239 742 2267 opera,quaa
759 2232 816 2267 ipsi
831 2237 896 2260 ante
909 2241 1010 2261 omnes

185 2275 296 2310 experti
313 2277 385 2303 sunt
395 2283 452 2303 non
463 2275 601 2311 ignorant
611 2279 760 2312 gestet-um
771 2277 1012 2313 egregia,etvete-

1064 296 1296 334 ἀπαλλαγήσεται.
1321 297 1394 328 Τίνες
1416 296 1446 324 ἃν
1472 296 1539 330 ἦσαν
1565 296 1591 323 οἱ
1615 294 1808 335 μεγαλόφωνοι
1823 296 1891 325 Ἕλ-

1064 341 1154 377 ληνες,
1180 343 1228 376 τὴν
1254 341 1297 369 ἐπὶ
1327 340 1508 369 Ἀνταλκίδου
1534 340 1610 376 νίκην
1639 341 1683 368 καὶ
1713 342 1763 376 τὴν
1792 341 1892 374 ἐκεῖθεν

1064 386 1174 423 εἰρήνην
1192 386 1407 424 ὑψηγοροῦντες,
1425 385 1506 420 εἱτὴν
1531 386 1590 413 καθ’
1614 387 1687 422 ἡμᾶς
1712 386 1890 423 ὲωράκεισανο

1063 430 1133 458 ὅπου
1148 433 1259 459 τοιαῦτα
1280 432 1313 458 τὰ
1341 434 1391 465 τῆς
1416 430 1504 466 νίκης,
1530 431 1566 461 ὡς
1591 433 1677 458 πᾶσαν
1701 434 1753 467 γῆν
1778 430 1891 469 περιελ-

1063 477 1128 512 θεῖν,
1145 476 1189 503 καὶ
1211 476 1260 510 τήν
1289 475 1398 513 εἰρήνην
1423 473 1496 513 ἔχειν
1513 475 1681 514 σύντροχον,
1704 474 1767 503 Ἡδὺ
1783 476 1833 512 μὲν
1847 476 1896 503 καὶ

1064 520 1184 552 Θάλασσα
1200 522 1322 558 φυγοῦσα
1337 522 1471 558 χειμῶνα,
1498 519 1543 547 καὶ
1568 520 1638 557 πρὸς
1653 519 1762 558 ἐαρινήν
1784 519 1894 547 ἁπλου-

1065 570 1131 606 μένη
1149 569 1285 607 γαλήνην,
1311 569 1355 597 καὶ
1377 569 1426 604 τὴν
1449 568 1584 603 ἐπιπολήν
1606 568 1759 606 ἀκύμαντον
1786 579 1894 607 παραυ-

1062 614 1189 652 γάζουσα⁴
1205 615 1236 641 τὸ
1259 615 1304 642 σὸν
1328 612 1356 641 δὲ
1379 615 1447 650 ἡμῖν
1468 613 1513 651 ἔαρ
1537 616 1629 648 τοῦτο,
1652 613 1727 648 καὶὴ
1753 617 1805 648 τῆς
1829 623 1892 651 χει-

1065 659 1159 697 μερίου
1186 658 1279 696 μάχης
1304 657 1445 694 ἀπόλυσις,
1469 657 1513 685 καῗ
1532 658 1564 685 τὸ
1586 659 1636 693 τῆς
1662 657 1774 694 εἰρήνης
1800 658 1891 695 γαλη-

1062 707 1134 731 ναῖον
1163 704 1211 731 οὐκ
1233 701 1303 731 ἔστιν
1327 704 1341 730 ὃ
1366 714 1391 731 τι
1424 703 1504 741 μέρος
1527 702 1630 738 ἡδονῆς
1657 702 1687 730 οὐ
1719 702 1892 740 παρήλασεν.

1061 753 1095 776 VL!
1106 748 1236 785 πολέμων
1269 748 1389 782 ἐκείνων,
1419 747 1445 774 ἒν
1476 749 1519 779 οἱς
1547 748 1616 787 ἅπαν
1630 745 1767 783 πολέμιον
1785 746 1828 778 οἷς
1845 757 1893 786 φυ-

1062 794 1114 831 γὴν
1158 793 1376 831 ἀιίιετάστρεπτον
1402 790 1524 830 ἔτρεψας.
1570 793 1602 819 Ὠ
1641 790 1821 829 καταιγίδων,
1866 792 1895 823 ἅς

1061 839 1129 875 ἡμῖν
1159 837 1196 869 εἷς
1226 837 1329 876 αἲθρίαν
1358 835 1504 875 ἕστρεψας.
1531 837 1564 863 ’Ὡ
1592 835 1753 872 πολεμικῶν
1781 835 1892 863 ἐκείνων

1062 884 1191 919 σεισμῶν,
1223 881 1248 909 οἵ
1275 881 1340 913 τοὺς
1378 881 1524 918 θεμελίους
1555 883 1609 909 τῶν
1648 881 1812 918 Ῥωμαϊκῶν
1841 880 1894 908 πό-

1063 926 1132 954 λεων
1156 927 1190 961 ἦν
1227 926 1271 954 ὅτε
1303 926 1535 963 ὖπονομεύσαντες
1570 925 1764 964 ἀνερρήγνυον.
1801 923 1895 953 ’Δλλᾶ

1065 974 1110 998 νῦν
1135 973 1202 1009 ἡμῖν
1233 971 1274 999 ἐπ’
1306 971 1444 1010 ἀσφαλοῦς
1469 971 1496 998 αἱ
1522 970 1618 1001 πόλεις
1656 968 1790 1005 ἵδρυνται,
1832 969 1894 996 ὅσαι

1068 1021 1114 1057 μὶν
1153 1020 1310 1057 κατέπεσον,
1348 1021 1492 1047 ἀναστᾶσαι
1524 1019 1562 1050 εἰς
1600 1017 1726 1055 ἀριθμόν·
1760 1017 1822 1045 ὅσαι
1861 1016 1891 1045 δὲ

1065 1062 1150 1104 φόϐον
1179 1065 1253 1103 εἶχον
1282 1065 1331 1093 τοῦ
1354 1067 1455 1101 πεσεῖν,
1479 1064 1639 1102 ἐρεισθεῖσαι
1654 1063 1700 1090 καὶ
1723 1065 1890 1090 καταστᾶσαι

1065 1110 1103 1142 εἷς
1123 1109 1251 1149 ἀσφαλὲς·
1279 1109 1372 1147 μυρίαι
1395 1108 1423 1136 δὲ
1449 1108 1493 1136 καὶ
1518 1108 1548 1136 ἐκ
1570 1111 1664 1142 καινῆς
1691 1108 1890 1146 πυργωθεῖσαι,

1064 1155 1132 1182 ὅπου
1166 1154 1280 1191 καίριον.
1310 1154 1497 1191 Προαρπάζεις
1525 1152 1575 1191 γὰρ
1598 1152 1734 1184 κάνταῦθα
1761 1151 1793 1179 τὸ
1825 1151 1893 1188 μὲλ-

1064 1199 1111 1227 λον
1129 1197 1233 1236 ὄμματι
1250 1197 1406 1236 διοράσεως.
1438 1197 1516 1227 Οὕτω
1538 1200 1596 1228 τοῖς
1623 1195 1735 1234 ἆχϐρυῖς
1757 1194 1893 1234 σφάλλεις

1061 1244 1108 1275 τὰς
1134 1244 1235 1282 βάσεις·
1265 1243 1336 1271 οὕτω
1362 1244 1412 1277 τήν
1425 1247 1478 1280 γῆν
1494 1243 1587 1273 αὐτοῖς
1606 1244 1713 1280 μετρεῖς
1730 1241 1767 1271 εἷς
1787 1240 1893 1278 βραχύ·

1063 1289 1134 1316 οὕτω
1166 1291 1343 1326 στενοχωρεῖς
1369 1287 1481 1318 ἐκείνοις
1508 1287 1558 1321 τὴν
1579 1285 1687 1321 οἷ’κησιν
1704 1308 1711 1314 .
1739 1283 1894 1322 Τριϐόλοις

1064 1334 1110 1370 μὲν
1142 1333 1186 1360 οὖν
1216 1332 1340 1371 σιδηροῖς
1353 1333 1403 1367 τὴν
1419 1334 1472 1359 τῶν
1489 1330 1633 1368 πολεμίων
1658 1331 1813 1358 καταπάσαι
1844 1340 1894 1357 πε-

1062 1377 1151 1413 διάδα,
1176 1378 1212 1409 ὡς
1239 1377 1268 1404 ἂν
1299 1376 1340 1413 εἶή
1365 1377 1476 1408 ἐκείνοις
1506 1375 1681 1414 ἐμπείρεσθαι
1696 1374 1742 1402 καὶ
1767 1375 1817 1405 τὰς
1842 1373 1893 1412 βά-

1062 1433 1116 1450 σεις
1146 1421 1323 1462 σφάλλεσθαι·
1352 1422 1396 1449 καὶ
1422 1420 1503 1449 ἅλατι
1534 1422 1708 1458 κατασπεῖραι
1733 1420 1784 1454 τήν
1817 1418 1893 1456 ἀρώ-

1063 1478 1154 1504 σιμον,
1182 1467 1219 1498 ὡς
1245 1465 1274 1494 ἄν
1298 1466 1431 1505 ἀκαρπίαν
1453 1467 1470 1501 ἠ
1497 1464 1625 1502 ζείδωρος
1654 1464 1747 1502 ἐνέγκῃ
1783 1463 1891 1495 αὐτοῖς·

1061 1512 1105 1539 καῖ
1133 1511 1263 1548 βοθύνους
1289 1511 1425 1549 ὑπωρῦξαι
1449 1510 1487 1541 εἱς
1511 1508 1651 1547 ποδάγρας
1672 1508 1765 1535 ἳππων
1790 1519 1822 1535 τε
1845 1508 1893 1535 καὶ

1062 1555 1176 1594 ἀνδρῶν·
1202 1556 1247 1583 καὶ
1269 1554 1352 1583 ὕδατα
1376 1555 1510 1594 φαρμάκῳ
1526 1552 1707 1589 δηλήσασθαι,
1738 1550 1800 1580 οῧνε
1827 1563 1893 1589 γιν-

1062 1603 1136 1628 ναῖον
1163 1599 1240 1628 οὐδὲν
1266 1611 1291 1627 τι
1320 1600 1434 1635 τούτων,
1459 1601 1523 1634 (ποῦ
1546 1599 1596 1637 γὰρ
1623 1600 1747 1636 γενναῖον
1760 1597 1792 1624 τὸ
1806 1596 1895 1624 ὕπου-

1175 1647 1188 1653 -
1208 1644 1227 1653 ιι.
1256 1646 1261 1650 ν
1286 1644 1296 1653 κ
1331 1648 1341 1653 ε
1407 1644 1413 1653 ς
1434 1643 1446 1652 τι
1620 1642 1627 1653 κ
1674 1641 1711 1652 ,ιιι
1765 1643 1770 1649 .
1865 1642 1874 1650 .

1064 1645 1122 1680 λον,
1138 1656 1190 1672 που
1206 1654 1234 1672 οε
1250 1655 1371 1682 αηωρειον
1387 1655 1418 1672 το
1433 1643 1524 1671 οόλιοι
1541 1644 1560 1680 ;)
1584 1653 1628 1670 και
1654 1648 1716 1669 ουοε
1735 1653 1807 1668 πανυ
1823 1652 1894 1678 προς

1061 1690 1184 1728 ἀγχόνην
1208 1690 1315 1728 σφίγγει
1341 1688 1388 1716 τᾶν
1424 1686 1682 1724 ἐπιϐουλευόμενον·
1707 1686 1810 1725 χρόνος
1839 1687 1894 1724 γὰρ

1060 1737 1144 1762 ταῦτα
1177 1734 1281 1772 βραχὺς
1305 1734 1447 1771 ἀπήγαγε.
1474 1732 1597 1769 Φρούρια
1622 1730 1651 1758 δὲ
1676 1729 1819 1767 Ῥωμαίκὰ
1845 1730 1896 1757 καὶ

1061 1779 1157 1810 πόλεις
1172 1776 1335 1817 ὁπλοφόρων
1364 1776 1468 1816 ἀνδρῶν
1497 1775 1543 1804 διὰ
1572 1777 1661 1811 πάσης
1675 1779 1727 1810 τῆς
1741 1778 1797 1802 τῶν
1831 1775 1897 1802 ὑπε-

1061 1822 1174 1850 ναντίων
1204 1826 1254 1860 γῆς
1284 1821 1454 1858 διασπεῖραι,
1484 1821 1557 1849 ἀλλὰ
1581 1822 1662 1848 τοῦτο
1692 1819 1796 1855 θετέον,
1828 1820 1895 1846 ὅποι

1061 1878 1102 1898 τις
1129 1867 1257 1905 βούλεται
1289 1868 1469 1904 στρατηγικοῦ
1496 1866 1708 1903 μηχανήματος.
1735 1866 1823 1891 Τοῦτο
1848 1864 1894 1890 καὶ

1063 1913 1129 1940 κατά
1159 1909 1305 1949 τριϐόλους
1339 1912 1388 1942 τὰς
1421 1909 1659 1948 ἐπιτειχιζομένας
1694 1909 1791 1939 πόλεις
1816 1907 1896 1935 κατέ-

1064 1967 1167 1995 στρωσε
1189 1959 1247 1987 τοῖς
1270 1956 1399 1994 ἐχθροῖς.
1426 1954 1549 1993 Σφάλλει
1570 1955 1620 1992 γὰρ
1646 1953 1761 1984 ἐκείνοις
1788 1953 1825 1980 τὰ
1854 1952 1896 1984 εἷς

1064 2005 1155 2034 ἄνετον
1183 2003 1359 2042 διαδήματα,
1381 2005 1426 2032 καὶ
1461 2005 1498 2035 ὡς
1522 2004 1577 2031 οἷον
1604 2002 1744 2040 ἁλοπήγια
1772 2005 1807 2036 τῆ
1839 2004 1895 2028 τῶν

1066 2048 1208 2088 βαρϐάρων
1246 2051 1382 2087 πήγνυται
1419 2051 1466 2086 γῇ,
1497 2048 1538 2079 οἶς
1571 2048 1622 2075 οὐκ
1650 2044 1762 2084 ἔχουσιν
1793 2046 1896 2073 ἐκεῖνοι

1062 2095 1095 2123 τὰ
1128 2096 1232 2129 σηνήθη
1266 2098 1348 2132 γῆθεν
1374 2094 1570 2132 καρπίζεσθαι.
1605 2092 1761 2129 ’Δνοίγεται
1790 2090 1819 2118 δὲ
1848 2091 1896 2118 καὶ

1065 2139 1153 2176 ὥσπερ
1170 2139 1206 2170 εἰς
1224 2140 1373 2176 βαθυτατον
1401 2139 1523 2176 βόθυνον,
1547 2137 1588 2165 ὅτι
1612 2136 1658 2164 καὶ
1679 2138 1806 2171 κατασπᾷ
1826 2136 1898 2173 πρὸς

1065 2183 1187 2222 ὄλεθρον.
1209 2183 1397 2221 Φαρμάττεται
1417 2181 1446 2210 δὲ
1469 2182 1513 2210 καὶ
1539 2182 1575 2212 ὡς
1599 2181 1637 2212 εἷς
1667 2179 1842 2218 δηλητήριον
1861 2178 1899 2207 δι’

1065 2229 1101 2256 ὢν
1118 2230 1242 2266 περιιστᾷ
1269 2229 1314 2255 τὸν
1331 2227 1454 2255 κίνδυνον
1471 2226 1509 2258 εἷς
1535 2226 1567 2254 τὸ
1595 2228 1655 2262 ζῇν,
1680 2225 1726 2252 καὶ
1744 2225 1783 2256 εἷς
1803 2224 1898 2262 βραχὺ

1067 2276 1159 2311 μετρεῖ
1181 2273 1226 2300 τὸν
1252 2272 1310 2310 βίον
1336 2273 1440 2303 αὐτοῖς.
1470 2271 1606 2300 Τοιούτου
1635 2270 1815 2307 πεπείρανταί
1844 2279 1897 2296 σου

185 2327 251 2347 rum
265 2327 346 2347 more
357 2328 459 2356 regum
471 2320 586 2355 illos,ut
601 2321 642 2348 ita
653 2320 748 2348 dicam
765 2321 1008 2355 mutilantium,tu

1068 2320 1206 2355 μαχητοῦ,
1233 2318 1363 2348 νικῶντος
1391 2316 1449 2351 ἀεὶ,
1479 2316 1662 2353 εὐμηχάνου,
1687 2313 1899 2351 πολυμηχὰνου

189 2363 286 2392 media
301 2363 360 2392 illis
376 2366 464 2393 corda
489 2365 669 2402 percussisti.
688 2366 802 2402 Experti
820 2369 889 2394 sunt
904 2375 1010 2394 manus

186 2410 255 2435 tuas
268 2408 474 2444 invincibiles;
491 2412 520 2438 te
535 2410 701 2438 didicerunt
721 2413 749 2437 et
768 2410 798 2437 in
814 2410 944 2438 consiliis
958 2411 1012 2438 ad-

190 2451 354 2481 mirabilem
370 2462 459 2491 super
473 2454 549 2483 ﬁlios
564 2455 762 2488 hominum,et
774 2455 803 2482 in
815 2455 898 2483 bellis
910 2458 1011 2491 poten-

189 2497 248 2524 tem
276 2505 387 2527 necnon
412 2499 653 2536 insuperabilem,
679 2500 777 2527 anima
793 2500 1010 2535 fulminantem,

189 2546 308 2575 dextera
322 2549 483 2582 tonantem,
509 2552 676 2585 promptum
703 2549 731 2576 in
756 2549 947 2584 consiliando,
963 2558 1011 2577 ve-

185 2591 280 2620 locem
310 2592 340 2620 in
370 2593 529 2629 equitando
557 2602 697 2629 armaque
727 2594 888 2628 educendo,
913 2595 954 2622 ita
980 2596 1013 2622 ut

187 2645 275 2666 nemo
290 2637 343 2665 tibi
359 2638 523 2666 antecellat.
542 2638 575 2666 Et
591 2638 644 2666 hoc
668 2641 730 2666 erat
751 2639 821 2666 ordo
841 2639 970 2675 optimus
985 2641 1013 2667 et

186 2682 307 2718 sequels
323 2685 445 2711 naturae.
461 2683 532 2711 Nam
549 2691 635 2719 quem
653 2683 708 2718 ipsi
721 2683 860 2711 eximium
875 2684 1013 2711 videbant

186 2726 216 2754 in
233 2727 372 2763 primitiis
389 2728 453 2762 viri,
470 2737 537 2756 cum
553 2729 684 2756 nondum
707 2728 802 2765 gratia
817 2728 930 2765 physici
946 2737 1011 2765 gra-

187 2771 278 2800 minis
294 2775 381 2801 enata
397 2773 569 2808 ﬂorescerct,
585 2781 638 2801 nec
648 2773 748 2801 vultus
764 2776 880 2810 pratum
897 2782 1012 2809 percur-

188 2818 274 2850 reret,
290 2818 407 2853 qualem
423 2827 491 2846 eum
516 2820 600 2846 erant
622 2818 778 2854 experturi,
800 2818 916 2854 quando
937 2820 1011 2846 Deus

189 2857 275 2888 illum
290 2860 320 2889 in
336 2862 543 2899 perfectionem
568 2862 621 2891 viri
637 2862 789 2898 provexit?
803 2865 876 2890 Sane
892 2862 1011 2891 omnino

1066 2362 1263 2400 πολιορκητοῦ,
1298 2361 1467 2399 πολιούχου,
1506 2361 1593 2388 πάντα
1627 2359 1776 2397 ἴσχὺοντος
1801 2358 1827 2385 ἐν
1856 2359 1900 2394 τῷ

1066 2406 1258 2444 ἐνδυναμοῦντί
1294 2417 1322 2434 σε
1351 2408 1432 2442 Θεῷ.
1472 2404 1585 2442 Ἀμέλει
1625 2403 1670 2431 καὶ
1698 2404 1899 2441 καθαιροῦνται

1065 2456 1114 2487 τῆς
1142 2451 1234 2489 donec,
1250 2451 1293 2478 καὶ
1325 2451 1362 2482 εἲς
1392 2449 1516 2478 δουλείαν
1545 2460 1587 2476 σοι
1615 2448 1830 2485 καθυπάγονται.
1851 2446 1900 2474 0‘!-

1067 2496 1125 2524 δασι
1158 2497 1204 2531 μὲν
1227 2495 1272 2523 οὖν
1297 2495 1374 2523 αὐτοὶ
1395 2495 1429 2522 τὰ
1450 2496 1562 2522 τοιαῦτα
1577 2495 1781 2532 πρωτοπαθῶς·
1806 2491 1901 2519 οἴδασι

1065 2546 1112 2576 τὰς
1141 2545 1186 2576 σὰς
1216 2544 1363 2580 ἀριστείας,
1393 2544 1434 2575 οἷς
1463 2543 1539 2570 αὐτοὶ
1569 2539 1689 2572 ἔπαθον,
1722 2540 1820 2570 Οἷδασι
1853 2541 1906 2572 τὰς

1068 2590 1266 2628 μεγαλουργίας
1283 2600 1289 2606 ·
1331 2589 1380 2616 οὐκ
1406 2588 1530 2626 ἀγνοοῦσι
1557 2587 1591 2614 τὰ
1617 2589 1671 2614 τῶν
1702 2583 1790 2623 ἔργων
1815 2585 1904 2622 τερά-

1067 2645 1152 2668 στεια,
1176 2635 1221 2662 καὶ
1247 2635 1305 2669 dic,-
1323 2636 1376 2661 τῶν
1393 2632 1478 2660 πάλαι
1507 2630 1640 2670 βασιλέων
1671 2630 1904 2668 ἁκρωτηριαζόν-

1065 2691 1118 2708 των
1136 2679 1192 2707 οἷον
1210 2678 1316 2712 αὐτοὺς,
1340 2678 1371 2705 σὺ
1397 2677 1478 2714 μέσας
1505 2677 1600 2708 αὐτοῖς
1614 2675 1663 2706 τὰς
1691 2673 1806 2712 καρδίας
1830 2674 1903 2701 ἐπά-

1065 2725 1144 2760 ταξας
1162 2745 1169 2753 .
1199 2722 1396 2762 Ἐπειράοησάν
1426 2733 1473 2749 σου
1508 2723 1562 2749 τῶν
1586 2720 1730 2756 ἀηττήτων
1765 2721 1876 2756 χειρῶν
1897 2741 1905 2748 .

1067 2769 1185 2806 Ἐμαθόν
1203 2779 1241 2805 σε,
1271 2768 1315 2796 καὶ
1339 2767 1365 2795 ἐν
1394 2766 1507 2806 βουλαῖς
1536 2765 1692 2802 θαυμαστὸυ
1723 2764 1790 2801 ὑπὲρ
1819 2763 1903 2794 υἱοὺς

1066 2815 1228 2852 ἀνθρώπων,
1253 2814 1298 2841 καὶ
1323 2812 1349 2840 ἐν
1372 2811 1507 2849 πολέμοις
1526 2810 1654 2849 κραταιὸν
1679 2809 1724 2837 καὶ
1751 2808 1904 2846 ἀπρόσμα-

1067 2870 1129 2899 χον·
1163 2859 1333 2897 πρηστήρων
1374 2857 1422 2890 τὰς
1461 2856 1558 2897 φρένας
1600 2851 1800 2894 κεραυνοϐόλον
1848 2852 1902 2887 τὰς
