2018 3158
160 161 220 191 945
617 158 836 189 ALLOCUTIO
859 158 910 188 AD
934 158 1154 189 MANUELEM
1176 158 1408 189 GOMNENUM.
1809 157 1868 187 946

159 230 255 266 χεῖρας
272 236 278 243 ·
309 227 369 262 ὀξὺν
413 225 636 264 βουλεύσασθαι·
678 224 764 262 ταχὺν
805 223 977 257 ἱππάσασθαιη

1040 225 1129 253 talem
1145 226 1196 262 qui
1212 226 1345 254 cladibus
1361 235 1478 254 omnem
1494 235 1594 255 eorum
1617 225 1770 263 castigavit
1785 225 1866 253 inso-

158 271 233 300 ὅπλα
262 270 291 300 δὲ
319 272 442 309 ἄρασθαι,
472 271 530 298 οἷον
559 269 648 301 οὐδεὶς
677 269 934 305 ὑποστήσεται.Καὶ

1042 270 1173 298 lentiam.
1190 271 1272 298 Talia
1289 271 1378 307 igitur
1390 271 1487 298 sciunt
1504 271 1543 298 illi
1569 273 1703 307 terraque
1718 270 1864 298 universa.

157 319 238 344 τοῦτο
268 317 342 352 τάξις
370 315 466 354 ἀρίστη
496 315 541 342 καὶ
570 313 720 342 ἀκολουθία
748 313 865 353 φύσεως.
898 317 943 341 Ὃν
972 314 1022 351 γὰρ
1051 313 1126 340 αὐτοὶ
1142 313 1250 351 ἀριστέα
1266 313 1336 341 εἶδον
1365 314 1390 342 ἐν
1419 314 1577 352 προοιμίοις
1592 313 1698 352 ἀνδρὸς,
1716 313 1761 342 ὅτι
1778 315 1864 350 μήπω

159 361 230 398 μηδὲ
256 361 337 399 χάρις
364 360 454 398 χλόης
484 361 600 399 φυσικῆς
630 358 814 386 ἀνατέλλουσα
841 359 930 393 ἤνθει,
957 359 1000 386 καὶ
1031 358 1076 385 τὸν
1104 360 1153 385 τοῦ
1181 359 1328 395 προσώπου
1359 361 1481 395 λειμῶνα
1507 359 1674 397 περιέτρεχε,
1696 358 1754 386 οἵου
1783 355 1865 395 ἔμελ-

158 405 208 434 λον
234 405 333 433 τούτου
368 404 566 442 πειράσασθαι,
596 402 641 431 ὅτε
669 403 734 434 Θεὸς
763 403 844 430 αὐτὸν
885 402 929 430 καὶ
968 402 1005 433 εἰς
1039 401 1135 440 ἀνδρὸς
1173 401 1304 430 ἐντέλειαν
1342 402 1474 438 ἕστησεν;
1503 406 1536 430 ’Π
1574 404 1682 434 πάντως
1718 403 1865 433 τοιούτου.

157 449 216 477 ο¹ίου
243 450 293 484 τήν
324 449 430 477 ἐκείνων
469 449 572 476 ἅπασαν
613 447 778 487 σωφρονίσαι
817 447 912 484 μανίαν
951 446 1112 484 τραύμασιν.
1142 446 1237 475 Ο’ίδασι
1280 450 1376 484 μενοῦν
1403 447 1501 476 ἐκεῖνοι
1533 450 1625 483 ταῦτα,
1654 447 1699 475 καὶ
1727 451 1762 485 γῆ
1790 446 1819 475 δὲ
1846 449 1864 483 ὴ

156 494 294 531 σύμπασα.

191 548 224 579 ς’.
240 547 312 585 Ἐγὼ
337 546 366 575 δὲ
391 546 437 574 καὶ
463 546 497 574 τὰ
519 550 569 582 τῆς
595 547 733 584 Εὐρώπης
758 545 850 576 αὐτοῖς
866 543 984 580 ἀναϐοή-

157 602 250 629 σομαι,
276 592 330 630 οὐχ
354 593 396 619 ὅτι
420 592 457 628 μὴ
479 591 523 619 καὶ
548 593 632 619 ταῦτα
657 590 756 619 οἴδασι.
783 593 844 622 Πῶς
872 591 924 628 γὰρ
950 590 984 624 ἦν

155 636 200 664 καὶ
227 635 329 671 λαθεῖν,
356 633 418 668 ἔνθα
443 637 460 670 ἡ
485 637 564 675 φήμη
591 635 644 663 τῶν
668 634 807 673 τροπαίων
834 635 872 666 εἷς
898 637 982 662 πᾶσαν

156 685 207 719 γῆν
233 683 416 719 περιήχηται,
444 681 489 708 καὶ
518 681 560 716 (τὸ
589 681 769 717 ὑμνούμενον)
799 681 865 714 ὧζεν
895 681 912 714 ἡ
943 679 983 707 οἱ·

155 726 277 763 κουμένη
298 728 350 754 τῶν
366 726 391 754 ἒν
418 726 540 764 Εὐρώπῃ
565 724 708 762 πολεμίων
733 727 847 763 νεκρῶν,
861 725 906 752 καὶ
930 726 984 752 τῶν

157 768 332 809 βαρϐαρικῶν
362 770 470 798 ἐκείνων
507 771 662 807 πτωμάτων
694 771 708 798 ὁ
738 769 822 801 τύπος
850 769 984 807 περιῆλθε

155 816 218 847 τοὺς
247 816 405 853 ἁπανταχοῦ
433 815 496 854 γῆς,
526 815 708 853 περιηχηθεὶς
737 814 777 846 εἷς
801 814 981 849 ἐξάκουστον;

155 862 190 890 Ὃ
206 859 238 896 δή
264 871 340 891 τινος
368 860 411 888 ἐπὶ
442 862 555 897 σεισμοῦ
583 859 775 899 ὲφαντάσαντο,
807 860 982 889 ὑπονοοῦντες

156 904 250 944 λόφων
293 905 428 942 ὑψώματα
467 904 662 942 κατενεχθέντα
689 907 740 938 τῆς
779 903 908 938 στάσεως,
937 903 981 930 καὶ

156 949 323 986 κατάρξαντα
358 949 492 977 τινάσσειν
522 949 569 985 μὲν
601 949 650 982 τὴν
679 951 802 986 προσεχῆ
831 949 881 985 γῆν
899 969 906 982 ,
933 958 980 975 κα-

154 993 313 1021 τασαλεύειν
342 993 370 1021 δὲ
397 994 441 1021 καὶ
476 993 525 1021 ὅσα
553 993 687 1030 ἐχόμενα.
716 992 792 1020 Οὕτω
821 991 978 1027 κάνταῦθα,

155 1037 228 1072 πλὴν
256 1038 294 1069 εἰς
320 1037 469 1074 ἀλήθειαν,
499 1035 608 1066 ἔπιπτεν
637 1037 846 1074 κατασειόμενον
872 1036 950 1073 Εὑρω
966 1053 978 1060 ι-

154 1085 236 1110 παῖον
267 1082 379 1122 ὀφρυόεν
408 1082 511 1115 ἐθνικὸν
547 1082 724 1119 ἐπανάστημα
741 1104 748 1117 ,
776 1082 821 1109 καὶ
851 1082 865 1109 ὁ
895 1079 979 1120 φόϐος

155 1127 192 1159 εἷς
210 1127 301 1156 Ἀσίαν
327 1125 454 1162 διέϐαινε⁷
480 1127 525 1154 καὶ
549 1128 670 1154 κατέσειε
690 1127 721 1154 τὸ
746 1125 914 1164 ἀλλόφυλον,
934 1126 978 1153 καὶ

152 1172 185 1199 τὸ
210 1174 259 1199 τοῦ
295 1171 430 1210 βασιλέως
459 1171 499 1199 ἀπ’
531 1171 685 1211 ἀμφοτέρας
717 1171 830 1209 βλέμμα
857 1171 906 1198 ὅσα
933 1171 977 1197 καὶ

153 1218 220 1244 Θεοῦ
249 1216 294 1244 καὶ
321 1216 423 1252 ταύτην
452 1216 578 1251 κάκείνην
607 1215 715 1253 τρέμειν
743 1215 843 1243 ἐποίει.
874 1214 978 1243 Οὐκοῦν

153 1259 216 1288 οὐδὲ
239 1260 286 1292 τὰς
316 1259 450 1298 δυσμικὰς
479 1261 622 1296 ἀγνοοῦσιν
649 1259 838 1298 αριστουργίας
868 1260 893 1286 οἱ
917 1259 978 1296 περὶ

153 1308 205 1342 γῆν
237 1305 354 1340 ἐκείνην,
380 1306 412 1340 ἣν
439 1305 522 1343 ἐφορᾷ
546 1303 627 1339 ἥλιος
652 1304 819 1343 πρωτοφαῆς
847 1303 978 1331 ἀναπετά-

153 1360 201 1381 σας
217 1349 248 1377 τὸ
276 1349 423 1389 βλέφαρον.
450 1349 503 1378 Καὶ
523 1349 557 1384 ἦν
582 1349 630 1385 μὲν
653 1348 684 1376 οὺ
708 1348 777 1385 πρὸς
804 1347 920 1386 ἀνάγκης
945 1348 980 1375 τὰ

153 1396 264 1422 τοιαῦτα
299 1397 358 1426 τοῖς
404 1393 575 1431 μεμαθηκόσι
618 1393 723 1421 λαλεῖν·
758 1393 808 1428 τὴν
847 1391 875 1420 δὲ
909 1393 978 1429 ἐμὴν

152 1438 311 1476 γλῶσσαινή
339 1442 389 1473 τῆς
420 1438 565 1477 βασιλικῆς
595 1438 729 1475 θερμότης
757 1437 872 1468 πίστεως
905 1437 978 1475 χαλ-

153 1485 226 1511 κεῖον
253 1483 388 1521 ἐχώνευσε
411 1482 497 1511 λάλον
521 1482 567 1510 καὶ
596 1485 700 1518 σιωπᾷν
726 1482 776 1510 οὐκ
796 1481 877 1516 εἷδὸς,
907 1480 979 1509 ἀλλὰ

153 1527 199 1556 καὶ
223 1530 281 1560 τοῖς
311 1527 395 1556 εἰδόσι
423 1527 616 1567 φθεγγόμενον,
631 1527 676 1554 καὶ
699 1526 730 1554 οὐ
759 1525 794 1554 δι’
819 1524 907 1563 ὄχλου
935 1536 978 1563 γι-

153 1572 278 1610 νόμενον.
307 1571 361 1600 Καὶ
376 1572 418 1604 τίς
439 1571 491 1611 γὰρ
514 1571 563 1599 οὐκ
587 1571 617 1599 ἂν
634 1570 679 1599 διὰ
695 1571 756 1609 βίου
771 1569 977 1598 ἀνακυκλεῖσθαι

151 1617 186 1645 τὰ
200 1615 312 1645 τοιαῦτα
328 1616 458 1655 βούλοιτο
475 1625 484 1651 ;

1075 547 1102 574 6.
1114 547 1173 582 Ego
1189 555 1255 574 vero
1268 547 1298 574 in
1313 548 1374 574 tota
1396 549 1512 583 Europa
1528 547 1592 583 ejus
1612 548 1694 583 gesta
1709 545 1783 583 ipsis
1793 554 1863 582 pro-

1041 591 1193 625 nuntiabo,
1210 600 1266 619 non
1283 591 1367 627 quasi
1384 591 1435 619 illa
1462 591 1605 620 nesciant.
1620 591 1693 619 Nam
1716 591 1864 627 quomodo

1038 635 1079 663 ita
1091 643 1140 663 eos
1156 635 1279 664 laterent
1294 644 1360 664 cum
1378 636 1456 664 fama
1471 638 1645 672 tropasorum
1675 644 1726 671 per
1744 643 1863 664 omnem

1038 681 1146 708 terram
1163 680 1270 708 diﬁ'usa
1285 681 1323 708 sit
1338 683 1366 708 et
1381 681 1500 717 hymnis
1521 680 1699 709 resonaverit
1726 679 1814 708 tellus
1829 688 1864 708 ex

1038 724 1173 752 hostibus
1190 725 1218 753 in
1236 727 1350 761 Europa
1365 725 1500 760 mortuis,
1529 727 1558 753 et
1586 725 1704 753 illarum
1720 724 1862 752 Barbaro-

1037 778 1103 797 rum
1119 769 1247 798 cladium
1263 778 1365 798 rumor
1394 770 1526 806 circuivit
1560 770 1632 797 ﬁnes
1648 769 1810 804 universos,
1831 769 1861 797 in

1038 814 1170 842 omnium
1183 815 1305 843 auribus
1321 815 1486 843 celebratus
1498 814 1512 842 ?
1527 815 1591 842 Non
1621 822 1705 842 secus
1732 821 1766 841 ac
1795 815 1862 849 post

1036 861 1120 886 terrm
1145 861 1268 893 motum,
1308 859 1364 887 sibi
1398 859 1542 895 suspicati
1571 859 1687 895 ﬁngunt
1715 858 1860 886 montium

1036 903 1157 931 vertices
1173 904 1209 931 ab
1224 903 1380 932 altitudine
1396 904 1542 932 demissos
1567 904 1596 931 in
1626 906 1735 931 torrem
1765 902 1861 939 proxi-

1037 956 1116 975 mam
1145 948 1291 976 exsultare
1320 948 1464 984 incepisse
1493 950 1522 976 et
1549 947 1649 984 aliquo
1679 947 1764 976 modo
1780 947 1856 975 exsi-

1034 992 1136 1026 luisse,
1152 993 1204 1025 ita,
1221 995 1324 1028 praeter
1338 993 1416 1029 quod
1441 995 1504 1021 erat
1530 1001 1642 1026 verum,
1659 992 1763 1020 cecidit
1790 1000 1857 1020 con-

1034 1045 1136 1065 cussos
1151 1038 1283 1065 omnium
1299 1040 1419 1074 Europae
1431 1037 1584 1074 gentilium
1600 1037 1719 1065 inﬂatus
1747 1039 1855 1072 tumor,

1034 1085 1062 1110 et
1078 1083 1166 1110 timor
1180 1091 1231 1118 per
1246 1082 1344 1110 Asiam
1361 1082 1532 1115 ambulavit,
1557 1084 1585 1110 et
1603 1082 1713 1110 alienas
1729 1090 1856 1109 commo-

1034 1127 1074 1155 vit
1113 1127 1256 1163 regiones,
1286 1130 1314 1155 et
1342 1127 1528 1163 imperatoris
1569 1127 1646 1154 sicut
1673 1126 1724 1154 Dei
1753 1126 1856 1154 oculus

1034 1172 1173 1208 utrinque
1187 1173 1383 1200 attentustam
1395 1172 1483 1199 istam
1493 1171 1669 1207 quamillam
1685 1171 1857 1198 tremefecit.

1035 1216 1127 1252 Igitur
1142 1225 1194 1244 nec
1206 1216 1343 1252 praeclara
1359 1216 1387 1243 in
1398 1215 1548 1244 occidente
1578 1215 1706 1243 facinora
1722 1215 1858 1251 ignorant

1034 1261 1084 1296 qui
1101 1260 1183 1288 illam
1198 1260 1332 1288 habitant
1348 1263 1456 1288 terram
1472 1268 1560 1296 quam
1577 1259 1719 1294 conspicit
1739 1259 1782 1287 sol
1798 1259 1857 1295 pri-

1035 1313 1082 1332 mo
1106 1307 1181 1339 ortu,
1198 1304 1357 1333 sublevatis
1372 1304 1476 1332 oculis.
1503 1304 1581 1332 Nihil
1610 1304 1731 1340 quidem
1761 1311 1859 1332 neces-

1034 1350 1128 1378 sitatis
1144 1352 1206 1377 erat
1221 1349 1373 1385 taliajam,
1390 1349 1500 1377 eductis
1516 1349 1714 1385 prmcipiendi,
1725 1351 1856 1377 nostram

1034 1397 1132 1422 autem
1145 1394 1277 1430 linguam
1294 1394 1378 1430 regis:
1400 1394 1488 1422 ardor
1502 1393 1652 1422 ﬁdelitatis
1667 1401 1771 1422 (aream
1786 1402 1856 1422 con-

1034 1439 1346 1474 ﬁavitloquacitatem,
1363 1441 1391 1466 ct
1414 1439 1477 1474 jam
1505 1438 1591 1466 silere
1620 1439 1725 1474 nescit,
1750 1439 1802 1466 sed
1826 1440 1855 1466 et

1033 1483 1134 1511 doctos
1149 1483 1318 1518 alloquitur,
1334 1491 1387 1510 nec
1402 1491 1533 1519 unquam
1558 1482 1612 1511 sibi
1629 1483 1772 1511 satisfecit
1787 1483 1852 1519 ipsi.

1034 1528 1104 1560 Quis
1119 1528 1196 1555 enim
1213 1536 1263 1564 per
1277 1527 1367 1555 vitam
1379 1529 1460 1555 tanta
1471 1535 1571 1556 secum
1587 1527 1732 1556 revolvere
1745 1527 1855 1555 nollet?

188 1673 218 1705 ζ’.
236 1668 442 1708 ’Λναϐοήσομαι
471 1668 559 1697 τοίνυν
588 1668 622 1697 τά
639 1679 668 1697 τε
683 1667 756 1697 ἅλλα
783 1670 838 1696 τῶν
866 1667 975 1706 βασιλι-

1066 1662 1093 1689 7.
1111 1661 1277 1689 Praedicabo
1292 1662 1389 1688 tamen
1407 1662 1512 1689 caetera
1526 1660 1713 1697 imperatoris
1740 1662 1770 1690 in
1798 1663 1854 1691 Eu-

153 1717 207 1744 κῶν
235 1715 406 1753 Εὐρωπαίων
434 1714 637 1752 ἀριστευμάτων
655 1735 663 1746 ,
693 1714 743 1741 ὅσα
771 1713 797 1748 ἐξ
835 1713 976 1749 ἀμετήτων

152 1760 296 1797 ἀποτεμὼν
315 1761 329 1788 6
353 1760 447 1797 καιρὸς
461 1758 506 1787 καὶ
531 1759 588 1786 οἷον
613 1757 799 1796 ὑπαγορεύσας
823 1756 902 1785 δώσει
929 1768 976 1794 μοι

152 1805 352 1845 ἀφηγήσασθαι·
381 1806 423 1832 ναὶ
456 1805 508 1841 μὴν
539 1804 584 1831 καὶ
612 1803 645 1831 τὰ
674 1803 727 1830 τῶν
755 1802 917 1839 Δαλματῶν,
935 1803 976 1830 ὅτι

151 1852 201 1882 τῆς
229 1849 400 1885 παλαιτάτης
436 1848 589 1885 αὐτονόμου
624 1847 669 1876 καὶ
693 1847 771 1875 αὐτοὶ
810 1847 976 1884 θρασύτητος

153 1893 355 1931 ἐκλαθόμενοι,
391 1894 437 1921 τὸν
469 1892 601 1928 δεσπότην
639 1892 756 1931 ἐπέγνων
774 1913 782 1928 ,
813 1892 857 1920 καὶ
887 1892 976 1920 οὐκέτι

154 1938 294 1977 ἐλεύθερον
313 1937 456 1975 βλέπουσι.
473 1936 600 1966 Μάλιστα
618 1938 664 1973 μὲν
692 1936 738 1964 οὖν
758 1936 898 1973 ἐλεύθερον
914 1937 975 1964 ἀνα-

152 1983 328 2011 πεταννύουσι
361 1982 506 2021 βλέφαρον,
536 1982 580 2009 καὶ
607 1984 660 2009 τῶν
690 1979 782 2018 φόϐων
809 1981 901 2012 αὐτοῖς
927 1979 975 2007 λυ-

153 2029 250 2056 θέντων
278 2027 388 2064 (ἱλαροῦ
417 2026 469 2065 γὰρ
497 2024 628 2054 δεσπότου
659 2024 793 2064 βασιλέως
821 2025 949 2063 πεπείραν
965 2041 975 2045 -

151 2074 218 2110 ται),
265 2070 433 2100 ωνδὲδενται
478 2071 526 2108 μὲν
575 2067 704 2106 εὐλαϐείᾳ
745 2068 855 2101 δούλοις
899 2080 975 2107 πρε-

152 2117 248 2155 πούσῃ·
278 2115 396 2144 ἀνίενται
424 2114 452 2143 δὲ
480 2114 584 2150 ἄλλως,
607 2115 653 2142 καὶ
673 2112 767 2152 ἔχουσι
795 2113 826 2141 τὸ
845 2113 870 2141 ἐν
888 2114 975 2151 Εὐαγ-

151 2161 254 2200 γελίοις
280 2160 308 2188 εὖ
331 2159 376 2188 διὰ
402 2160 434 2188 τὸ
453 2163 504 2195 τῆς
529 2158 655 2190 δουλείας
679 2158 778 2196 ἀγαθὸν
802 2159 847 2186 καὶ
870 2158 975 2191 πιστὸν,

152 2206 197 2234 καὶ
221 2209 272 2242 τῆς
307 2205 473 2243 εὐχρηστίας
503 2201 732 2240 ἀντιλαμϐάνουσι
761 2204 792 2231 τὸ
820 2202 974 2241 φιλάνθρω-

153 2261 213 2280 πον.

189 2296 224 2331 η’.
240 2292 446 2332 Ἀναὸοήσομαι
474 2293 542 2331 πρὸς
568 2292 676 2325 τούτοις
702 2293 746 2321 καὶ
768 2293 802 2320 τὰ
825 2295 879 2320 τῶν
896 2292 976 2320 Παιό-

1031 1715 1102 1742 ropa
1117 1708 1198 1742 gesta
1226 1705 1363 1739 illustria,
1380 1714 1442 1742 quae
1473 1714 1508 1734 ex
1530 1705 1695 1735 innumeris
1720 1715 1858 1743 promens

1031 1753 1147 1786 tempus
1163 1750 1242 1778 velut
1258 1751 1399 1786 inspirato
1416 1750 1581 1778 mihidabit
1595 1751 1748 1779 enuntiare
1766 1761 1772 1786 ;
1786 1761 1857 1781 sane

1031 1795 1194 1830 prmdicabo
1204 1795 1292 1822 etiam
1307 1795 1372 1830 ejus
1380 1797 1481 1823 contra
1496 1794 1646 1823 Dalmatas
1663 1796 1857 1833 facinora,qui

1031 1839 1244 1876 antiquissimae
1261 1840 1404 1867 libertatis
1412 1848 1524 1867 necnon
1541 1839 1789 1870 ferocitatisobliti
1804 1843 1856 1870 do-

1032 1885 1145 1912 minum
1161 1886 1423 1921 cognoverunt,nec
1435 1884 1496 1919 jam
1514 1884 1680 1913 libertatem
1692 1886 1854 1922 aspiciunt.

1029 1930 1164 1957 Attamen
1181 1929 1286 1956 liberos
1302 1929 1438 1965 aperiunt
1454 1929 1563 1963 oculos,
1587 1932 1615 1958 et
1631 1930 1736 1958 solutis
1751 1939 1854 1960 eorum

1030 1974 1216 2002 cautionibus
1231 1973 1365 2009 (hilarem
1382 1974 1459 2002 enim
1476 1975 1629 2002 dominum
1647 1975 1853 2011 imperatorem

1030 2018 1140 2053 experti
1161 2019 1242 2053 sunt)
1266 2017 1317 2045 illa
1332 2018 1501 2046 vinciuntur
1523 2019 1628 2054 pietate
1658 2027 1722 2055 quas
1754 2028 1853 2048 servos

1030 2062 1124 2095 decet,
1139 2070 1224 2090 secus
1249 2070 1316 2089 vero
1345 2065 1415 2090 sunt
1439 2063 1535 2098 liberi,
1551 2065 1579 2090 et
1607 2063 1717 2091 habent
1746 2072 1853 2092 merce-

1030 2106 1096 2133 dem
1114 2105 1143 2132 in
1157 2105 1313 2141 Evangelio
1325 2105 1401 2133 bono
1417 2106 1554 2141 ﬁdelique
1570 2114 1652 2134 servo
1668 2107 1855 2143 promissam,

1029 2152 1058 2179 et
1073 2159 1125 2187 pro
1141 2150 1246 2178 ofﬁciis
1270 2149 1450 2185 benignitate
1463 2159 1479 2176 η
1497 2150 1657 2186 accipiunt.

1064 2295 1091 2321 8.
1108 2294 1230 2330 Insuper
1246 2295 1409 2330 praedicabo
1423 2295 1622 2331 triumphatos
1639 2295 1767 2330 Pacues,
1782 2304 1854 2333 gen-

154 2351 218 2374 νων,
248 2339 339 2370 ἔθνους
366 2339 464 2367 νούτου
495 2337 632 2376 μεγίστου,
660 2337 705 2365 καὶ
734 2338 782 2372 τήν
810 2337 894 2365 πάλαι
923 2339 975 2375 φή-

1034 2341 1088 2366 tem
1106 2339 1234 2366 maxime
1248 2342 1276 2366 et
1291 2340 1412 2376 antiqua
1427 2340 1506 2367 fama
1534 2340 1654 2368 ultimos
1684 2341 1756 2369 ﬁnes
1780 2349 1853 2377 pris-

156 2395 209 2422 μην
224 2384 269 2412 καὶ
293 2384 357 2416 τοὺς
385 2383 516 2421 ἀρχαίους
544 2382 625 2419 ὅρους
654 2381 877 2420 ὑπερελάσαντος.
896 2384 974 2411 Ἀνα-

154 2429 286 2467 κράξομαι
304 2449 311 2462 ,
340 2428 377 2460 ὡς
410 2427 510 2458 πάντας
549 2427 578 2455 ἂν
615 2426 712 2458 αὐτοὺς
750 2427 816 2454 εἶναί
845 2437 885 2458 τις
915 2426 975 2464 ἄρτι

154 2474 321 2511 στοχάσηται
353 2471 460 2509 μᾶλλον
488 2470 558 2509 ἥπερ
587 2472 712 2510 τεχνίτας
739 2471 838 2507 τάξεῳς
853 2471 898 2498 καὶ
926 2470 975 2498 πό-

155 2521 239 2554 λεμον
256 2516 360 2548 ιὶδότας
384 2516 430 2544 καὶ
446 2515 519 2544 ὅπλα
544 2517 664 2554 μάχιμα.
681 2515 760 2545 Οὕτω
782 2516 825 2544 τοὶ
845 2515 921 2543 αὐτοὶ
936 2518 976 2552 τῷ

154 2561 298 2599 Ῥωμαίων
327 2562 436 2599 βασιΛεῖ
459 2560 590 2599 ἀνταίρειν
621 2560 714 2589 ὅπλων
744 2559 904 2598 ἀπέμαδον,
930 2562 975 2588 καὶ

156 2610 181 2637 οἱ
206 2608 268 2647 πρὶν
293 2605 416 2635 ἀϐέϐαιοι
439 2609 498 2647 τοῖς
530 2606 697 2643 βουλεύμασι
727 2608 771 2634 καὶ
801 2607 975 2638 ἀστατοῦντες

157 2654 208 2682 οὐλ.
224 2653 318 2688 ἧττον,
348 2652 365 2687 ἢ
396 2653 410 2679 ὁ
439 2651 598 2689 παραρρέων
627 2651 724 2683 αὐτοὺς
752 2654 869 2688 Ἴστρος,
894 2652 923 2679 ὃν
939 2651 976 2682 εἰς

157 2697 302 2737 ἀσφάλειαν
332 2694 549 2734 προεϐάλλοντο,
565 2698 609 2723 νῦν
639 2697 778 2733 πεπήγασι
800 2696 843 2723 καὶ
869 2698 908 2732 τῷ
925 2695 975 2723 δέει

159 2742 205 2780 μὶν
227 2742 372 2781 βασιλικῷ,
401 2739 474 2769 ἀλλὰ
497 2740 541 2768 καὶ
567 2740 606 2772 εἷς
635 2740 697 2777 μίαν
729 2739 831 2778 βουλὴν
862 2739 978 2780 εὔφρονα

159 2786 296 2823 στάσιμον.
324 2787 354 2815 'H
383 2784 412 2813 δέ
440 2784 495 2812 ἐστι
521 2784 554 2812 τὸ
581 2784 677 2821 μηκέτι
707 2784 839 2816 κινδύνοις
867 2785 976 2817 ἑαυτοὺς

159 2829 354 2870 παραϐάλλειν,
369 2830 442 2859 ἀλλὰ
455 2832 494 2868 τῷ
510 2828 618 2867 βασιλεῖ
632 2832 722 2858 πεσεῖν
741 2830 792 2858 ὑπὸ
807 2829 892 2862 πόδας
907 2852 917 2866 ,
932 2831 976 2858 καί

1031 2385 1218 2419 tergressam.
1235 2383 1297 2412 Non
1314 2387 1412 2412 autem
1437 2392 1486 2412 eos
1511 2384 1648 2413 similiter
1663 2385 1760 2413 dicem
1776 2394 1854 2415 nunc

1031 2436 1096 2456 esse
1110 2428 1222 2456 ordinis
1237 2429 1356 2464 opiﬁces
1373 2429 1557 2465 scientesque
1580 2429 1691 2457 bellum
1715 2432 1743 2458 et
1772 2439 1855 2460 arma

1031 2472 1238 2501 certaminum.
1253 2473 1297 2501 Ita
1311 2475 1511 2501 Romanorum
1528 2473 1653 2510 principi
1673 2474 1764 2503 armis
1779 2475 1855 2504 resi-

1031 2519 1108 2546 stere
1119 2517 1332 2550 dedidicerant,
1349 2519 1377 2546 et
1406 2518 1456 2554 qui
1484 2518 1566 2554 prius
1592 2518 1724 2547 consiliis
1752 2519 1855 2549 incerti

1031 2570 1084 2590 nec
1114 2563 1208 2598 magis
1237 2562 1358 2590 stabiles
1387 2562 1502 2590 fuerant
1537 2571 1625 2599 quam
1649 2564 1856 2593 circumﬂuens

1032 2607 1104 2634 Ister
1119 2615 1205 2642 quem
1219 2609 1250 2635 ut
1262 2606 1373 2634 vallum
1388 2608 1423 2635 ad
1433 2607 1620 2636 securitatem
1628 2609 1855 2644 prwmittebant,

1032 2661 1109 2680 nunc
1125 2655 1205 2680 stant
1220 2652 1404 2688 imperatoris
1420 2655 1498 2680 metu
1516 2653 1633 2687 conﬁxi,
1664 2656 1692 2682 et
1715 2654 1744 2682 in
1765 2663 1854 2682 unam

1031 2697 1205 2733 prudentem
1220 2697 1416 2733 stabilemque
1430 2698 1611 2726 voluntatem
1628 2699 1784 2734 quaajubet
1797 2707 1855 2728 non

1032 2744 1064 2770 ut
1074 2750 1137 2770 sese
1152 2742 1290 2778 periculis
1305 2742 1510 2778 objicient,eed
1523 2743 1558 2771 ad
1566 2743 1750 2779 imperatoris
1766 2745 1855 2780 pedes

1032 2786 1197 2823 procidant,
1214 2790 1242 2814 et
1257 2789 1323 2823 post
1351 2788 1542 2824 temporalem
1567 2787 1768 2816 confusionem
1789 2798 1854 2817 rur-

1033 2841 1085 2860 sus
1100 2832 1296 2868 erigantur,et
1310 2833 1433 2869 propriae
1449 2835 1532 2862 terrea
1548 2832 1625 2862 bona
1638 2833 1736 2862 edant.
1751 2834 1855 2865 Adhuc
