2021 3154
147 141 205 173 94⁸1

532 138 743 170 ΕΠΒΤΑΊἭΙΙ
765 139 816 169 ΤΗ
823 138 976 168 ESSALOJ

1032 137 1149 167 ll'iNSlS
1173 136 1464 167 METROPOLI'NE

1792 136 1853 168 948

143 207 199 243 ipsi
211 207 308 235 clavas
332 206 406 234 ferro
424 205 550 241 fulgidae
567 205 596 232 in
611 204 705 240 capite
724 206 836 232 erectas
867 204 967 232 vident

1032 201 1089 233 τὲως
1107 202 1154 238 μὲν
1179 201 1217 234 εἲς
1241 201 1410 237 ὃυσώπησιν,
1428 202 1484 229 εἶτα
1508 202 1553 229 καὶ
1578 201 1735 236 ἀναστῆναι,
1757 201 1854 229 καὶτὰ

143 251 253 285 singuli
270 259 320 286 per
334 259 409 286 quas
426 250 545 278 fuerunt
570 249 701 283 contriti,
730 249 827 277 adhuc
855 257 890 276 ex
914 248 972 276 illis

143 295 264 324 vulnera
277 295 349 330 ipsis
367 295 513 330 impressa
529 296 658 322 manent.
672 294 740 322 Ideo
756 293 896 321 terribilis
914 292 972 320 illis

144 339 226 368 clava
241 340 303 368 solo
318 340 407 367 etiam
436 341 567 374 aspectu,
598 338 659 366 solo
675 339 763 366 etiam
784 338 912 366 nomine.
938 338 972 365 Et

145 385 204 420 (res
219 383 303 412 valde
316 383 390 412 mira
403 384 421 418 l)
438 383 562 411 aliorum
579 383 697 418 quidem
710 391 858 410 armorum
876 382 971 410 visum

143 428 324 457 sustinentes
339 427 461 464 ipsaque
477 427 626 455 intuentes
643 426 672 454 in
702 427 764 455 loco
786 429 905 454 manent
921 435 972 454 nec

145 473 216 510 quid
230 472 383 500 insolitum
400 480 434 499 ex
449 474 568 507 aspectu
588 472 739 507 patiuntur
753 481 760 505 ;
790 471 901 499 clavam
919 480 971 498 au-

145 519 205 546 tem
212 517 426 553 conspicientes
433 517 626 544 contremich
633 517 711 544 nt.L't
717 516 740 544 si
749 516 816 552 quis
823 518 972 544 Romanus

145 562 192 590 vir
208 561 410 598 peregrinetur
421 561 497 596 apud
506 561 623 588 Pisones
631 569 729 588 ensem
746 561 865 596 quidem
878 560 972 588 ferens

147 606 251 635 amicis
267 606 445 633 clamoribus
460 605 644 641 excipitur,et
659 604 756 641 gladio
769 605 915 632 accinctus
932 605 971 631 vi-

148 650 234 678 detur
248 650 438 686 gratiosus,et
450 649 559 677 invenit
570 649 894 685 hospitium;neminem
906 657 972 678 vero

146 693 196 722 ille
211 696 310 727 terret,
327 694 351 722 si
369 693 500 721 lanceam
518 697 623 729 portet,
641 694 692 722 sed
709 693 739 721 in
770 694 874 722 faciem
906 702 973 730 pro-

148 739 283 776 spicitur.
300 739 329 766 Si
346 741 446 765 autem
463 737 574 766 clavam
603 739 729 772 proferat
745 738 820 766 ferro
846 738 972 765 instruc-

147 786 219 818 tam,
237 782 280 810 vel
296 782 423 810 hominis
445 782 563 809 solertia
595 783 622 809 in
655 791 827 810 mucronum
858 782 974 811 aculeos

149 828 362 861 ardescentem,
392 826 475 854 illum
504 827 624 854 horrent
651 826 826 861 clavigerum
858 827 973 855 P120068

147 879 202 900 nec
217 871 246 899 in
259 871 404 906 hospitem
422 870 589 906 excipiunt;
607 873 635 898 et
652 871 740 899 torvis
765 874 889 899 cernunt
904 880 972 899 ocu-
992 887 1013 919 Β

147 916 196 950 lis,
213 918 242 944 et
257 915 347 943 telum
365 915 536 951 respiciunt,
552 917 581 942 et
595 915 769 951 semctipsos
794 917 929 943 avertunt
943 916 973 943 in

153 959 325 987 memoriam
338 962 504 986 revocantes
521 959 660 994 quoniam
676 959 752 986 sicut
781 959 874 995 spinis
899 968 972 987 non-

152 1003 239 1032 nullas
257 1005 442 1031 transeuntes
459 1005 567 1038 terunt,
584 1003 624 1030 ita
654 1003 695 1030 illi
721 1003 801 1031 clava
832 1005 973 1040 percussi,

151 1047 289 1085 prostrati
305 1048 433 1080 fuerunt,
449 1047 565 1083 quando
582 1048 637 1075 etsi
661 1048 758 1076 omnis
787 1048 902 1084 generis
928 1057 973 1075 ar-

150 1093 208 1121 mis
223 1094 283 1120 toto
295 1093 393 1119 essent
408 1100 527 1128 corpore
541 1092 657 1127 obtecti,
684 1100 734 1120 seu
756 1095 789 1119 ut
812 1092 854 1120 ita
879 1093 973 1120 dicam

147 1136 203 1164 viri
232 1136 326 1170 ferrei,
356 1136 446 1164 armis
471 1136 590 1171 quidem
617 1135 761 1164 vulnerari
792 1139 820 1163 et
848 1137 973 1164 sauciari

147 1190 204 1209 non
222 1182 366 1217 poterant,
383 1180 443 1207 illis
460 1183 556 1208 autem
572 1181 702 1208 fustibus
719 1181 849 1216 percussi
867 1181 975 1209 cecide-

147 1228 227 1258 runt,
244 1227 273 1253 et
287 1225 324 1253 ad
340 1225 433 1252 instar
449 1225 565 1252 concha:
582 1225 758 1253 contritione
775 1226 891 1253 fuerunt
906 1234 972 1253 con-

147 1270 219 1305 triti,
235 1269 353 1306 quando
370 1277 439 1305 grex
457 1268 504 1296 ille
521 1277 577 1297 non
596 1269 700 1302 bonus,
722 1269 830 1297 diceret
854 1269 974 1305 aliquis,

149 1323 166 1343 ν.
181 1317 230 1342 tua
244 1316 388 1351 potestate
404 1316 543 1349 tanquam
559 1313 674 1340 Davidis
705 1316 801 1341 rectus
824 1314 879 1341 fuit
895 1314 974 1350 virga

149 1358 253 1387 ferrea.

1026 249 1074 279 τῆς
1090 246 1189 278 οίκείας
1213 250 1264 285 γῆς
1289 249 1381 286 φαγεῖν
1413 246 1508 284 ἀγαθά.
1535 247 1595 275 Ἔτι
1616 247 1664 277 τὰς
1685 245 1852 284 σιδηροκρο-

1024 292 1124 326 τήτους
1151 291 1226 319 αὐτοὶ
1254 291 1369 328 κορύνας
1397 291 1543 329 αἷρομένας
1569 290 1680 322 ἕκαστος
1710 293 1851 328 προορῶν-

1025 346 1070 363 ται
1099 335 1164 363 κατὰ
1193 335 1324 374 κεφαλῆς,
1350 334 1384 362 δι’
1410 336 1446 362 ὧν
1467 333 1670 374 συνετρίϐησαν·
1698 333 1735 363 ἔτι
1765 336 1799 362 τὰ
1825 335 1852 371 ἒξ

1027 379 1134 407 ἐκείνων
1164 379 1351 418 συντρίμματα
1379 380 1487 410 τούτοις
1515 379 1703 417 ἐγγέγλυπται.
1734 380 1781 407 Διὸ
1807 380 1852 407 καὶ

1026 424 1211 462 ἀποτρόπαιον
1238 424 1329 455 αὐτοῖς
1353 425 1371 458 ἡ
1388 423 1489 462 κορύνη
1517 424 1600 462 μέχρι
1616 425 1660 452 καὶ
1677 425 1749 459 οέας,
1767 425 1852 463 μέχρι

1026 469 1071 496 καί
1091 468 1174 496 αὐτοῦ
1200 469 1345 505 ὀνόματος,
1374 468 1422 496 Καὶ
1444 469 1486 506 (τὸ
1510 469 1658 507 τεράστιον)
1681 468 1775 496 ὅπλων
1803 469 1854 506 μὶν

1028 514 1124 551 ἑτέρων
1154 511 1216 550 ὄψιν
1242 513 1383 551 ἀνέχοντες
1406 513 1451 540 καὶ
1474 513 1592 550 ὁρῶντες
1620 513 1698 547 αὐτὰ,
1724 513 1768 541 ἐπὶ
1791 513 1854 552 χώ-

1027 568 1074 596 ρας
1105 557 1213 595 μένουσι
1231 579 1238 593 ,
1265 558 1309 585 καὶ
1338 557 1413 585 οὐδέν
1443 568 1468 586 τι
1499 558 1566 595 πρὸς
1605 558 1665 590 θέαν
1693 556 1854 593 καινότερον

1027 602 1176 640 πάσχοντι*
1202 602 1318 641 κορύνην
1345 601 1373 630 δὲ
1395 603 1440 630 καὶ
1466 601 1570 634 ἶδόντες
1593 602 1854 641 ἁποτροπιάζονται.

1029 647 1078 674 Κᾶν
1107 657 1149 678 τις
1177 647 1330 684 Ῥωμαϊκὸς
1357 647 1424 683 ἀνὴρ
1453 646 1614 685 ἐπιδημήσῃ
1642 649 1700 679 τοῖς
1729 648 1854 683 Παίοσι,

1028 691 1102 730 ξίφος
1129 692 1175 728 μὲν
1197 691 1285 730 φέρων
1311 694 1523 731 προσφωνεῖται,
1549 692 1593 719 καὶ
1612 691 1751 730 μάχαιραν
1765 693 1854 730 ἠρτη-

1030 737 1108 772 μένος
1135 736 1268 767 ἀσπαστὸς
1307 735 1403 772 δοκεῖ,
1432 736 1476 763 καὶ
1505 736 1632 765 καταλύει
1659 737 1854 774 ξενιζόμενος·

1029 780 1079 807 οὐκ
1093 779 1238 816 ἐκπλήττει
1255 779 1282 808 δέ
1296 792 1357 808 τινα
1376 780 1440 809 οὐδὲ
1457 780 1522 819 δόρυ
1545 781 1634 820 φέρων
1650 780 1766 817 ἐκεῖνος,
1779 781 1856 809 ἀλλά

1028 822 1228 863 προσϐλέπεται
1251 825 1288 856 είς
1310 823 1401 863 ὀρθόν.
1427 825 1459 854 Εἴ
1474 824 1503 853 δὶ
1526 825 1644 863 κορύνην
1659 823 1854 863 προϐαλεῖται,

1027 870 1059 904 ἣν
1075 868 1187 905 σίδηρος
1215 870 1261 905 μὲν
1289 869 1470 907 ἐχορήγησεν,
1495 868 1589 907 ἀνδρὸς
1615 868 1643 897 δὲ
1667 868 1792 905 δεξιότης
1816 870 1854 900 εἷς

1027 911 1164 951 τριϐόλων
1201 913 1332 949 ὀξύτητας
1371 913 1552 949 ἐξηκάνθωσεν
1570 937 1578 950 ,
1608 913 1781 952 ἐκτρέπονται
1807 915 1854 942 τὸν

1027 958 1213 996 κορυνηφόρον
1252 957 1354 985 ἐκεῖνον
1393 959 1418 985 οἱ
1448 958 1558 990 Παίονες
1576 982 1584 994 ,
1613 959 1658 986 καὶ
1688 960 1738 993 τήν
1769 959 1856 994 ξενίαν

1028 1001 1183 1038 ἀπείπαντο,
1213 1003 1257 1030 καὶ
1283 1002 1347 1034 τούς
1375 1013 1404 1030 τι
1435 1002 1594 1041 ὀφθαλμοὺς
1622 1000 1780 1039 ἐλὸξωσαν,
1811 1004 1857 1031 καὶ

1027 1047 1058 1074 τὸ
1083 1046 1167 1074 ὅπλον
1193 1046 1358 1084 ἀπέπτυραν,
1383 1047 1427 1074 καὶ
1453 1048 1565 1078 ἑαυτοὺς
1589 1047 1768 1086 ἀπέστρεψαν,
1787 1049 1857 1084 μνή-

1031 1102 1084 1127 μην
1100 1088 1241 1127 λαεόντες,
1257 1090 1333 1122 ὅπως
1349 1091 1431 1119 ὁποῖά
1443 1102 1513 1122 τινες
1529 1090 1639 1119 ἄκανθαι
1662 1091 1724 1123 τοὺς
1741 1091 1858 1119 ὀδοιπό·

1029 1145 1093 1171 ρους
1122 1134 1264 1167 θλίϐουσαι
1302 1136 1431 1171 τοιαύτην
1463 1133 1654 1174 ραὗδιζόμενοι
1683 1137 1858 1174 κατεστρών-

1028 1189 1116 1214 νυντο,
1142 1180 1187 1207 ὅτι
1210 1179 1392 1219 κατάφρακτοι
1418 1178 1493 1212 ὅντες
1517 1180 1562 1207 καὶ
1587 1182 1645 1208 οἷον
1670 1179 1859 1218 ἐγκατῳκοδο-

1031 1225 1149 1260 μημένοι
1176 1227 1234 1256 ταῖς
1261 1224 1434 1259 πανοπλίαις,
1460 1225 1504 1252 καὶ
1529 1226 1567 1257 ὡς
1593 1224 1678 1252 εἰπεῖν
1698 1224 1795 1263 ἄνδρες
1817 1236 1858 1252 σι-

1029 1267 1134 1304 δήρεοι,
1165 1268 1263 1300 ὅπλοις
1295 1270 1341 1305 μὶν
1367 1270 1434 1304 ἦσαν
1458 1267 1578 1304 ἅϐλητοί
1600 1279 1630 1297 τε
1655 1269 1700 1296 καὶ
1725 1268 1857 1307 ἄτρωτοι,

1029 1310 1139 1351 ῥάϐδοις
1167 1312 1196 1341 δὲ
1227 1313 1338 1345 ἐκείνοις
1367 1314 1558 1350 Θρασυνόμενοι
1588 1313 1711 1350 ἔπιπτον,
1741 1315 1788 1342 καὶ
1819 1315 1857 1345 είς

1029 1356 1175 1394 συντριϐἠν
1205 1358 1338 1396 ὀστράκου
1367 1357 1446 1394 δίκην
1476 1358 1689 1395 ἐξελεπτύνοντιν
1721 1359 1805 1394 ἡνίκα
1825 1360 1858 1387 τὸ

150 1402 199 1430 οὐκ
227 1403 323 1440 ἀγαθὸν
355 1401 441 1429 ἰκεῖνο
470 1401 599 1437 ποίμνιον
626 1401 696 1429 εἶπεν
727 1402 756 1429 ἂν
785 1412 826 1433 τις
856 1402 906 1429 ὑπὸ
934 1404 983 1429 τοῦ
1011 1402 1058 1429 σοὺ
1086 1402 1213 1440 κράτους,
1242 1405 1290 1430 τοῦ
1320 1401 1414 1438 Δαϐὶδ,
1444 1402 1558 1441 σιδηρέᾳ
1593 1401 1686 1442 ῥάϐδῳ
1713 1403 1859 1440 ποιμαίνε-

149 1453 220 1480 σθαι.

184 1502 280 1530 9.st0
290 1502 379 1538 igitur
390 1501 539 1529 clamitare
557 1509 707 1537 nunquam
725 1501 977 1537 desinam.Propo-

151 1555 219 1574 nam
237 1547 272 1574 ad
282 1546 442 1583 longiorem
455 1546 706 1573 enumerationem
718 1548 828 1582 quanta
836 1554 977 1582 spumosa

148 1591 236 1618 Adria
252 1599 369 1626 anceps,
401 1594 524 1626 utraque
553 1591 650 1618 vivens
666 1591 734 1618 sede
750 1599 880 1626 serpens,
905 1599 977 1618 rana

149 1635 265 1668 limosa,
279 1638 390 1670 quanta
406 1635 567 1671 praesertim
585 1635 632 1669 (ne
648 1643 682 1662 ex
699 1635 868 1662 infortuniis
877 1635 976 1662 videar

147 1680 316 1707 nominasse
332 1680 432 1715 viros),
463 1683 574 1715 quanta
603 1679 764 1707 Adriadum
795 1688 866 1715 gens
894 1679 970 1715 pira-

147 1723 215 1759 tica,
248 1732 319 1760 gens
349 1723 545 1757 fraudulenta,
584 1732 655 1757 gens
683 1723 824 1751 malevola
862 1723 972 1751 machi-

149 1772 219 1796 nata
233 1771 278 1795 est
293 1767 509 1803 quidem,inaui
520 1770 618 1795 autem
628 1770 732 1795 conatu
751 1769 933 1803 permansit;
946 1771 975 1795 et

151 1820 182 1840 se
196 1813 316 1848 quidem
332 1812 416 1840 valde
430 1811 559 1847 agitavit,
573 1812 710 1847 perlicere
725 1815 823 1840 autem
842 1812 914 1839 nihil
927 1821 976 1848 po-

150 1857 272 1892 tuit,sed
284 1857 433 1884 incassum
447 1856 587 1883 laboravit
599 1865 605 1888 ;
617 1856 840 1892 molitaquidem
849 1857 978 1893 plurima

154 1901 273 1933 luit,sed
291 1909 346 1928 non
365 1903 478 1928 tantum
496 1902 530 1928 ad
551 1902 633 1928 ﬁnem
652 1910 707 1929 non
724 1903 865 1938 pervenit,
877 1910 977 1931 verum

154 1945 242 1972 etiam
260 1947 362 1972 contra
373 1953 403 1973 se
419 1953 573 1973 conversas
583 1945 653 1973 vidit
665 1954 734 1974 suas
744 1947 978 1975 machinationes

155 1997 227 2025 quas
243 1998 346 2017 omnes
366 1998 397 2017 ex
416 1990 495 2017 omni
513 1992 592 2026 parte
607 1991 706 2018 Ancon
723 1991 751 2019 in
777 1991 855 2027 ipsos
881 1993 977 2020 vertit.

191 2043 233 2070 10.
251 2044 318 2076 Quis
335 2043 403 2071 licet
414 2044 477 2078 jam
500 2044 674 2080 quandoque
690 2044 870 2073 celebrantes
887 2046 982 2081 expla-

154 2088 302 2123 navimus,
319 2088 403 2116 illum
420 2091 518 2116 tamen
534 2092 630 2116 cetum
662 2098 802 2125 magnum
820 2093 915 2118 tacere
932 2099 980 2118 ne-

155 2141 240 2169 queo.
256 2133 414 2169 l‘yphmum
441 2142 560 2167 novum,
590 2135 736 2170 quomodo
759 2135 872 2170 jamdiu
897 2135 982 2162 vellet

156 2186 221 2206 sese
236 2186 362 2211 versare,
384 2178 585 2214 lluctuumque
601 2181 746 2214 tragerem
779 2181 939 2216 producere
954 2182 982 2207 et

158 2225 259 2251 contra
273 2231 326 2250 nos
343 2223 453 2250 undam
469 2231 638 2258 spuinosam
669 2232 812 2258 evomere,
843 2225 893 2252 sed
925 2233 980 2252 non

158 2267 251 2295 valuit
266 2267 322 2295 ista
332 2269 456 2303 patrare.
470 2267 575 2295 Verum
593 2268 779 2303 imperatoris
806 2269 892 2296 timor
908 2277 982 2304 qua-

160 2311 185 2340 si
196 2312 293 2347 spissa
308 2311 400 2347 caligo
417 2311 496 2346 prius
513 2311 641 2347 serpenti
655 2311 798 2347 incidens,
829 2312 904 2340 sicut
918 2321 983 2348 gra-

1068 1501 1099 1533 0'.
1128 1500 1215 1528 Ταῦτά
1241 1512 1270 1528 τε
1300 1500 1345 1528 οὖν
1371 1501 1422 1529 οὐκ
1452 1502 1544 1536 ἀνήσω
1574 1501 1656 1539 βοῶν.
1687 1501 1860 1538 Ἑκθήσομαι

1031 1544 1060 1573 δὲ
1076 1546 1144 1583 πρὸς
1159 1545 1288 1574 πλατεῖαν
1315 1546 1452 1584 ἀφήγησιν
1472 1545 1516 1573 καὶ
1540 1545 1589 1573 ὅσα
1604 1547 1621 1580 ἡ
1638 1545 1767 1583 ’Λδριανή
1785 1557 1860 1583 πομ-

1030 1589 1126 1629 φόλυξ,
1156 1591 1170 1617 ὁ
1200 1589 1349 1628 χέρσυδρος
1380 1588 1481 1629 apage
1510 1588 1676 1627 τελματίτης
1707 1591 1859 1629 βάτραχος,

1032 1633 1150 1670 μάλιστα
1181 1634 1227 1670 μὲν
1257 1633 1302 1661 οὖν
1333 1634 1386 1671 (ἵνα
1417 1635 1455 1671 μὴ
1485 1634 1515 1662 ἐκ
1542 1637 1596 1662 τῶν
1635 1633 1857 1672 δυστυχημάτων

1027 1679 1228 1717 προσονομάσω
1252 1679 1314 1710 τοὺς
1344 1678 1464 1716 ἄνδρας),
1495 1679 1544 1706 ὅσα
1571 1679 1602 1706 τὸ
1628 1680 1785 1716 πειρατικὸν
1815 1679 1859 1711 ἔθ-

1027 1734 1073 1755 νος
1089 1724 1120 1751 τὸ
1136 1723 1160 1760 ἐξ
1177 1722 1367 1762 Ἀδριάδος,τὸ
1381 1723 1513 1761 ὕπουλον,
1527 1724 1559 1752 τὸ
1575 1721 1758 1759 κακόϐουλον,
1782 1722 1862 1752 ﬁgam

1030 1767 1143 1795 λεύσατο
1175 1768 1232 1805 μὶν,
1258 1766 1348 1805 ἔμεινε
1374 1767 1403 1796 δὲ
1432 1768 1468 1800 εἲς
1483 1767 1631 1807 ἄπρακτον
1658 1768 1702 1796 καὶ
1728 1768 1862 1806 ἐνεκυμό-

1031 1823 1094 1848 νησε
1111 1813 1168 1849 μὶν,
1185 1812 1235 1840 οὐκ
1256 1812 1452 1852 ἐτελεσφόρησε
1478 1812 1516 1847 δὲ,
1533 1813 1596 1841 ἀλλ’
1613 1813 1652 1845 είς
1673 1814 1753 1841 κεκὸν
1770 1811 1865 1842 ὤδινε-

1031 1858 1076 1884 καὶ
1093 1857 1288 1894 ἐμηχανήσατο
1307 1858 1366 1894 μὲν,
1387 1858 1418 1885 οὐ
1443 1858 1526 1895 μόνον
1553 1856 1582 1885 δὲ
1608 1857 1646 1889 εἰς
1670 1857 1752 1889 τέλος
1777 1856 1866 1895 ἐξεϐί-

1034 1899 1109 1935 ϐασε,
1130 1901 1203 1928 ἀλλὰ
1226 1901 1269 1928 καὶ
1293 1901 1570 1941 ἐπεκαταστραφιίσας
1598 1901 1670 1938 αύτῷ
1697 1903 1745 1933 τὰς
1767 1913 1863 1940 μηχα-

1033 1946 1080 1977 νὰς
1095 1945 1234 1981 ἐθεάσατο,
1248 1945 1295 1977 τάς
1308 1957 1337 1973 τε
1352 1945 1480 1984 ἀλλαχοῦ
1504 1945 1664 1984 πολλαχοῦ,
1691 1946 1734 1974 καί
1753 1947 1819 1979 ὅσας
1851 1949 1866 1975 ὁ

1034 1990 1139 2028 ’Λγκὼν
1156 1989 1248 2022 αὐτοῖς
1264 1990 1467 2028 ἀντανὲστρεψε.

1072 2044 1097 2072 ι’.
1113 2046 1200 2071 Ταῦτα
1226 2042 1271 2078 δή,
1288 2043 1304 2070 ἃ
1331 2044 1376 2071 καὶ
1403 2045 1466 2072 τότε
1493 2044 1722 2082 πανηγυρίσαντες
1751 2044 1868 2082 ἐκρατή-

1036 2098 1132 2124 σαμεν,
1148 2088 1197 2115 οὐκ
1211 2087 1252 2122 ἂν,
1267 2087 1330 2116 οὐδὲ
1353 2088 1384 2116 τὸ
1408 2091 1455 2116 τοῦ
1474 2088 1593 2127 μεγάλου
1619 2090 1719 2124 κήτους
1745 2091 1866 2127 σιγήσω-

1037 2143 1096 2169 μαι,
1112 2135 1160 2160 τοῦ
1180 2133 1240 2160 νὲου
1265 2136 1402 2172 Τυφῶνος,
1423 2133 1497 2164 ὅπως
1521 2132 1604 2168 ἤθελε
1631 2134 1679 2170 μὲν
1706 2133 1736 2161 ἐκ
1759 2134 1867 2172 μακροῦ

1036 2177 1274 2214 ἀνασαλευθῆναι,
1298 2178 1343 2206 καὶ
1373 2175 1504 2216 φλοῖσϐον
1525 2179 1628 2213 Θὲσονιι,
1657 2179 1702 2206 καὶ
1731 2182 1782 2214 τῆς
1808 2179 1869 2211 καθ’

1014 2240 1019 2244 ι
1036 2222 1109 2258 ἡμᾶς
1127 2221 1164 2253 εἰς
1181 2220 1308 2249 κλύδωνα
1332 2222 1534 2260 κατερεύξεσϐαι
1551 2232 1558 2239 '
1575 2222 1624 2250 οὐκ
1649 2223 1709 2260 εἶχε
1732 2221 1762 2250 δὲ
1784 2225 1866 2251 τοῦτο

1036 2268 1137 2293 ποιεῖν.
1165 2265 1243 2293 Ἀλλ’
1272 2266 1286 2293 ὁ
1318 2265 1459 2304 βασιλικὸς
1489 2264 1585 2306 φόϐος,
1616 2268 1665 2294 ὅσα
1693 2268 1738 2294 καί
1770 2267 1867 2299 σκότος

1040 2310 1131 2348 βαθὺς,
1162 2309 1321 2347 ἐπίπροσθεν
1349 2311 1455 2338 πίπτων
1483 2315 1532 2346 τῆς
1556 2310 1655 2348 ὅψεως,
1677 2311 1774 2339 όποῖον
1789 2311 1865 2347 δήτι

160 2357 291 2384 vioribus
306 2356 394 2384 etiam
411 2355 524 2383 cetibus
540 2356 598 2391 pati
616 2356 862 2390 aceidit,bestiam
880 2357 908 2384 in
924 2357 976 2384 sui:

1040 2354 1154 2392 πάσχειν
1179 2354 1223 2381 καὶ
1251 2357 1309 2386 τοῖς
1341 2354 1498 2392 βαρυτέροις
1526 2357 1636 2391 κήτεσιν
1662 2355 1761 2392 ἔπεισι,
1780 2357 1867 2393 μένειν

160 2399 282 2428 sedibus
305 2408 422 2428 manere
450 2402 553 2434 coegit.
585 2400 639 2427 Sed
668 2402 785 2435 quando
815 2410 866 2428 seu
897 2401 983 2436 paulo

160 2448 318 2480 antequam
333 2444 473 2481 cogitaret
489 2455 519 2472 se
535 2446 571 2472 ab
601 2445 767 2481 Occidente,
793 2446 866 2474 duce
904 2454 981 2474 inso-

159 2488 230 2516 lenti
241 2489 373 2522 audacia,
399 2489 574 2517 commoveri
606 2490 745 2525 praemisit
774 2490 864 2518 maris
890 2490 983 2518 bestia

157 2532 334 2560 vilissimum
352 2533 400 2569 qui
414 2534 496 2569 prius
512 2542 610 2570 sequor
638 2534 785 2570 trajicerct
807 2535 980 2571 pisciculum

157 2577 292 2614 squamis
309 2576 457 2604 nonnullis
473 2585 523 2605 seu
541 2576 630 2605 armis
647 2578 682 2605 ad
696 2577 809 2605 navalia
821 2578 982 2606 certamina

157 2622 234 2659 aptis
251 2621 408 2654 hirsutum,
425 2621 474 2656 qui
492 2623 611 2650 dorsum
637 2622 804 2656 ostentavit,
821 2623 915 2659 capite
929 2631 979 2650 au-

156 2667 259 2696 dacius
267 2668 405 2701 crccto,et
416 2667 586 2702 prmgauilio
600 2667 706 2695 frustra
721 2667 979 2695 exsultavitcoram

157 2712 230 2740 urbe
240 2711 570 2748 pontonutritamccnon
581 2711 608 2739 in
622 2712 818 2748 arrogantiam
829 2712 979 2740 intumuit.

160 2757 224 2784 Mox
239 2757 297 2784 dux
311 2757 362 2784 vim
374 2755 497 2784 audacia
512 2755 665 2789 discessit;
696 2756 863 2784 timiditatis
888 2756 981 2792 caligo

158 2802 276 2830 econtra
291 2801 418 2834 advenit,
444 2802 474 2829 et
501 2799 628 2836 spissius
653 2800 828 2829 incumbens
849 2800 982 2829 recedere

1036 2399 1081 2426 τὸν
1096 2402 1166 2436 θῆρα
1182 2398 1225 2426 ἐπὶ
1238 2402 1291 2426 τῶν
1319 2399 1424 2426 οἰκείων
1448 2400 1522 2434 ἠθῶν
1546 2401 1758 2438 κατηνάγκαζεν.
1786 2400 1867 2428 Ἀλλ’

1036 2443 1080 2470 ὅτε
1107 2454 1161 2470 που
1190 2441 1307 2481 ἔναγχος
1331 2442 1525 2479 ἀνασαλευθείη
1553 2443 1583 2471 ἐκ
1606 2447 1656 2479 τῆς
1681 2444 1796 2483 ἑσπέρας
1815 2445 1867 2472 ὑπὸ

1035 2486 1129 2525 ὁδηγῷ
1147 2508 1154 2521 ,
1182 2489 1217 2524 τῇ
1246 2487 1353 2524 ἀγεννεῖ
1392 2488 1564 2525 θρασύτητι,
1593 2488 1662 2516 καθαὶ
1692 2499 1746 2516 που
1776 2489 1821 2517 καὶ
1851 2489 1865 2516 6

1036 2532 1182 2564 θαλάσσιος
1212 2532 1262 2569 θὴρ
1304 2532 1426 2570 ἡγεμόνα
1462 2530 1649 2571 προϐάλλεται
1683 2536 1733 2561 τοῦ
1772 2534 1864 2562 πλέειν

1036 2575 1160 2614 ἰχθύδιόν
1189 2587 1215 2604 τι
1245 2576 1425 2615 φαυλότατον,
1452 2577 1576 2616 ἰπέφριξε
1600 2577 1650 2614 μὲν
1678 2589 1754 2609 τινας
1785 2578 1865 2615 pelt-

1035 2620 1092 2656 δας,
1112 2620 1315 2660 προϊσχομὲνας
1344 2621 1641 2660 ναυμαχικῶννὸπλων
1668 2620 1866 2660 προϐλήματα,

1034 2665 1080 2694 καί
1107 2676 1132 2693 τι
1158 2669 1208 2701 τῆς
1239 2665 1332 2697 λοσιᾶς
1360 2666 1506 2705 ἐξὲφησεν,
1535 2667 1674 2704 ἀνακύψας
1701 2667 1863 2703 θρασύτερον

1035 2710 1144 2745 καὶτῆς
1174 2710 1384 2750 κυματοτρόιρου
1413 2711 1607 2749 κατεχόρευσεν
1638 2712 1677 2744 εἰς
1706 2713 1794 2746 κενὸν,
1819 2712 1866 2739 καί

1035 2766 1087 2782 που
1116 2755 1160 2782 καὶ
1189 2755 1228 2786 εἷς
1258 2755 1416 2790 ἀλαζονείαν
1446 2756 1507 2783 τινὰ
1535 2756 1690 2795 ὲξεφύσησι.
1718 2757 1819 2795 Μικρὸν
1836 2755 1864 2783 δὲ

1036 2799 1097 2827 ὅσον
1124 2800 1137 2827 ὁ
1155 2800 1202 2836 μὲν
1217 2800 1329 2837 ἡγεμὼν
1342 2803 1393 2835 τῆς
1421 2799 1495 2836 ὁδοῦ,
1520 2801 1552 2828 τὸ
1583 2799 1722 2838 ποδηγοῦν
1749 2802 1860 2838 Θράσος,
