2018 3158
136 189 196 219 949

591 188 812 219 ALLOCUTIU
833 189 886 218 AD
909 189 1125 220 MANUELEM
1150 190 1384 221 COMNENUM.

1778 190 1839 220 950

135 253 269 289 ἀπῆλθεν*
294 255 308 282 ὁ
333 253 362 281 δὲ
387 257 436 289 τῆς
452 253 554 285 δειλίας
570 254 665 286 σκότος
695 254 895 290 ἀντεπεισῆλθε,
911 255 956 281 καὶ

1014 255 1099 283 illum
1115 256 1191 292 cogit
1207 256 1287 284 nulla
1298 258 1414 292 arrepta
1429 257 1536 292 prada,
1548 265 1601 284 nec
1616 257 1736 284 omnino
1763 256 1837 284 inte-

138 299 284 336 βαθύτερον
315 298 523 332 ἐπισκεδασθείς,
552 299 735 335 ἀνακάμπτειν
774 299 873 326 ἐκεῖνον
912 309 959 326 πε-

136 343 261 378 ποίηκεν,
289 342 351 370 οὕτε
374 342 458 381 ἄγρας
488 344 709 381 προσαψάμενον,
738 344 782 371 καὶ
807 343 868 371 οὐδὲ
897 345 961 371 ἀπο-

134 389 302 417 καταστάντα
330 390 388 419 τοῖς
417 387 529 420 οἰκείοις
557 387 648 422 ἤθεσιν
672 388 710 419 εἷς
734 388 900 426 ὁλόκληρον,
918 390 958 419 οἷς

135 432 248 460 ἐνταῦθα
276 432 354 460 κάκεῖ
383 433 639 470 προσαρασσόμενος
670 432 824 461 ἐκολοῦετο.
851 433 884 460 Τί
914 431 958 466 δὴ,

135 477 159 504 ὧ
187 476 329 515 παρόντες,
343 477 374 504 τὸ
405 476 499 514 θηρίον
531 477 617 504 ἐκεῖνο
646 477 728 504 πάθοι
753 477 794 513 ἂν,
824 477 910 508 οὕτως
934 477 959 512 ἐξ

136 521 232 549 ἑαυτοῦ
267 521 371 559 πάσχον
399 523 498 555 κακῶς,
533 522 573 553 οἷς
610 520 782 556 δειλαίνεται,
802 522 824 549 εἰ
853 522 896 549 χαί
927 521 960 549 τὰ

133 566 160 601 ἐξ
189 567 270 602 ἡμῶν
305 566 599 604 προσεπιτιθήσονται;
621 567 679 593 ·Ἤν
719 566 825 596 πάντως
860 564 959 601 Αἷίενης

134 610 226 647 ἐτέρας
241 610 377 649 ἐγχωρίου
394 609 526 646 δεήσειεν,
543 611 587 647 ὑφ’
602 611 632 645 ἢν
656 611 687 638 τὸ
713 612 853 649 Τυφώνιον
878 613 959 638 τοῦτο

1015 309 1100 337 grum
1117 302 1180 329 suis
1196 302 1321 329 reddidit
1335 302 1465 334 sedibus,
1492 303 1526 330 ad
1557 310 1630 338 quas
1660 302 1707 330 hio
1731 304 1761 329 et
1775 301 1835 330 illic

1015 345 1118 373 aliisue
1134 346 1299 374 confractus
1315 349 1369 374 est.
1396 347 1481 379 Quid,
1512 355 1528 373 o
1557 349 1726 382 pressantes,
1756 348 1839 382 pste-

1014 391 1094 417 retur
1108 389 1168 416 haec
1182 390 1274 417 bestia
1298 391 1339 418 ita.
1367 399 1384 418 a
1413 391 1572 426 semetipsa
1587 393 1690 418 vexata
1719 399 1753 418 ex
1778 399 1837 426 quo

1015 433 1118 461 timore
1130 434 1184 461 fuit
1199 437 1350 470 occupata,
1367 434 1390 462 si
1417 434 1537 470 insuper
1551 443 1585 462 ea
1614 443 1678 470 quas
1702 442 1736 461 ex
1756 437 1838 469 parte

1013 480 1113 506 nostra
1128 478 1249 506 sustulit
1265 479 1533 513 adjiciamus?Sane
1544 478 1634 507 altero
1644 480 1729 506 Etne
1738 480 1837 506 monte

1015 531 1136 558 prorsus
1152 532 1225 558 opus
1240 526 1302 551 erat
1325 523 1370 551 cui
1386 524 1507 560 Typhon
1537 524 1592 551 iste
1628 523 1838 559 subjugaretur

1013 568 1068 594 Sed
1080 568 1155 603 quod
1173 567 1302 603 patiatur
1316 568 1432 595 docebit
1455 571 1571 603 tempus
1587 570 1615 596 et
1645 567 1729 595 nobis
1753 574 1837 595 occa-

1013 612 1123 640 sionem
1140 613 1222 640 dabit
1236 612 1514 648 multijucundique
1529 613 1685 641 sermonis.

132 657 252 682 πεσεῖται
281 655 374 683 κακόν.
405 654 482 683 Ἀλλ’
512 654 597 682 ἐκεῖνο
628 656 676 692 μὶν
705 655 747 683 δτι
774 655 905 690 πείσεται,
922 655 1021 692 διδάξει
1049 657 1153 694 καιρὸς,
1181 656 1224 684 καὶ
1254 658 1322 693 ἡμῖν
1352 657 1476 695 ἀφορμὰς
1506 656 1586 684 δώσει
1615 656 1700 695 λόγου
1729 655 1837 684 πολλοῦ

130 710 161 727 τε
176 700 219 727 καὶ
236 699 334 727 καλοῦ.

167 766 209 791 ια’.
227 764 298 801 Ἐγὼ
314 762 343 790 δὲ
358 762 567 801 προσεπιπλέξω
591 762 700 794 τούτοις
723 763 768 791 καὶ
793 761 864 791 ἄλλο
893 763 956 795 θαύ-

134 818 218 845 ματος
249 806 332 844 ἄξιον,
359 808 407 838 τὰς
443 808 547 846 μακρὰς
578 811 643 843 νῆας
678 807 792 844 ἐκείνας,
816 807 847 839 ’ἀς
881 806 958 835 οὔπω

131 851 274 883 παντελῶς
304 851 398 889 πέρυσι
424 852 470 879 καὶ
499 852 634 890 λαμπρῶς
667 851 832 890 ἐσταλμένας
861 852 874 879 ὁ
900 853 959 880 mf)’

131 898 206 934 ἡμᾶς
232 897 358 935 πορθμὸς
387 895 558 926 ἐστολίσατο.
590 897 637 924 Καὶ
664 897 742 928 αὐτὸς
770 897 817 934 μὲν
846 897 883 928 εἷς
910 908 957 935 γα-

134 941 223 977 λήνην
240 940 436 979 διακεχυμένος
452 942 621 980 ὑπέστρωτο·
640 942 666 969 αἱ
693 941 721 969 δέ
741 941 878 980 πυρρίχην
904 943 960 969 οἷον

134 987 325 1024 ἐπωρχοῦντο,
348 987 392 1014 καὶ
417 987 455 1018 εἰς
488 986 577 1024 ῥόθιον
604 987 781 1024 ἐλαυνόμεναι
808 987 877 1024 μέγα
904 985 963 1022 ἐξή‹

141 1042 218 1069 χουν,
234 1032 279 1059 καὶ
299 1028 399 1070 φόϐους
423 1030 578 1066 ἐκελάδουν,
596 1033 636 1062 οἷς
658 1032 683 1059 ἐν
706 1034 791 1069 καιρῴ
818 1042 881 1062 τους
910 1041 962 1058 πο-

141 1075 253 1112 λεμίους
292 1075 521 1113 ἀναχωρεύσουσι.
550 1077 685 1115 Μετρήσω
718 1076 761 1104 καὶ
798 1076 829 1104 τὸ
858 1076 963 1111 πλῆθος

141 1119 234 1151 αὐταῖς
265 1120 302 1152 ὡς
332 1120 522 1157 ἀμύθητον,ἐν
549 1122 731 1160 ἱππαγωγοῖς,
760 1120 786 1148 ἐν
812 1120 961 1159 δρόμωσιν,

139 1164 165 1192 ἰν
179 1165 328 1202 τριήρεσιν,
347 1164 372 1192 ἐν
395 1163 493 1196 ἄλλοις
515 1165 669 1203 ναυπηγίας
694 1164 786 1193 εἷ’δεσι.
813 1166 864 1194 Καὶ
889 1165 960 1194 ἔσται

140 1209 188 1245 μὲν
212 1209 304 1240 αὐτοῖς
324 1209 369 1236 καὶ
397 1212 479 1237 ταῦτα
504 1209 530 1237 ἐν
555 1209 683 1246 θαύματι.
699 1213 728 1238 Ὀ
751 1209 780 1238 δε
800 1210 893 1248 καιρὸς
918 1210 962 1238 καὶ

138 1253 177 1284 ei’;
201 1253 284 1281 πλέον
310 1253 428 1284 ἐκείνους
454 1253 583 1289 ἐκπλήξει
607 1254 751 1291 μαθόντας,
770 1255 806 1286 ὡς
831 1255 894 1292 χθὲς
916 1255 962 1291 μὲν

137 1298 186 1328 τὰς
213 1297 366 1335 πολεμικὰς
390 1301 457 1333 νῆας
491 1298 593 1334 ἐκείνας
620 1298 703 1331 τόπος
735 1300 898 1337 τεταγμένος
924 1299 962 1330 εἷς

138 1341 285 1381 ἀσφάλειαν
311 1342 487 1380 ἠγκαλίζετο,
503 1344 580 1374 κενὰς
606 1343 699 1371 ὅπλων
723 1346 776 1371 τῶν
799 1354 828 1371 τε
856 1342 960 1379 ἄλλων,

138 1387 181 1414 καὶ
200 1387 250 1414 ὅσα
265 1387 332 1425 πρὸς
350 1386 451 1425 δρόμον
477 1387 680 1426 ἐπιταχύνουσι,
695 1389 739 1415 καὶ
766 1387 827 1416 οὒδὲ
845 1389 876 1416 τὸ
899 1400 962 1416 ναυ-

138 1431 212 1459 τικὸν
235 1431 464 1469 παραφαινούσας,
481 1431 543 1459 οὔτε
566 1433 598 1460 τὸ
622 1436 779 1471 κατεπεῖγον
803 1433 840 1464 εἰς
863 1433 960 1468 πλοῦν,

140 1474 201 1503 οὔτε
224 1476 254 1503 τὸ
285 1476 421 1514 μάχιμον.
449 1476 497 1504 Καὶ
526 1476 597 1504 οὕτω
627 1477 675 1513 μὲν
698 1477 772 1515 χθές.
801 1478 903 1505 Ἕωῡεν
934 1477 963 1506 δὲ

140 1521 231 1559 ἡμέρα
261 1519 408 1557 ἐξέλαμπε,
423 1521 467 1548 καὶ
499 1520 638 1559 βασιλικὸν
667 1521 700 1556 ἧν
725 1521 860 1558 κέλευμα·
877 1521 962 1560 ἐχρῆν

138 1565 200 1602 γάρ.
226 1565 277 1594 Καὶ
305 1565 476 1603 ἐπληροῦντο
507 1566 554 1602 μὲν
584 1568 645 1597 ταῖς
670 1567 792 1604 τριήρεσι
819 1566 853 1593 τὰ
876 1566 959 1594 κενώ-

141 1620 221 1646 ματα,
246 1609 397 1644 ἐξεκενοῢτο
420 1608 449 1637 δὲ
472 1610 504 1637 τὰ
528 1610 638 1647 νεώρια.
662 1610 712 1638 Καὶ
740 1610 884 1646 ἑστήκεσαν
915 1613 960 1648 ψι-
976 1627 996 1660 C

139 1653 184 1682 λοὶ
211 1655 258 1691 μὲν
282 1655 308 1681 οἱ
335 1654 511 1691 ναόσταθμοι,
527 1654 639 1692 ἀχανεῖς
659 1654 688 1682 δὲ
709 1656 736 1682 οἱ
758 1655 915 1693 βλέποντες.
928 1656 958 1684 Ἣ

138 1697 167 1726 δὲ
187 1698 339 1736 Προποντὶς
365 1698 454 1726 οὗκέτι
480 1698 543 1726 οὐδὲ
568 1699 701 1738 παρέφανέ
728 1710 753 1726 τι
777 1701 825 1727 τοῦ
852 1699 959 1731 ὕδατος.

138 1743 217 1770 Εἶπεν
235 1744 265 1770 ἄν
281 1753 322 1774 τις
344 1742 514 1780 ἁμιλλᾶσθαι
537 1745 571 1780 τῇ
596 1743 789 1781 Μεγαλοπόλει
814 1746 961 1779 τηνικαῦτα

136 1788 185 1822 τὴν
225 1788 285 1819 καθ’
317 1788 392 1824 ἡμᾶς
429 1787 583 1824 θάλασσαν,
613 1789 841 1825 πεπυκνωμένην,
870 1788 960 1828 ὥσπερ

137 1831 225 1867 ἐκείνη
255 1835 312 1863 τοῖς
342 1831 572 1870 οἰκοδομήμασιν,
601 1833 672 1860 οὕτω
701 1833 744 1861 καὶ
780 1834 864 1868 αὐτὴν
903 1837 961 1864 τοῖς

140 1879 342 1916 μεταφορητοῖς
382 1877 490 1908 τούτοις
532 1877 699 1914 οἷ’κήμασιν.
726 1879 776 1906 Ἦν
813 1880 960 1913 τηνικαῦτα

137 1924 234 1958 σχῆμα
263 1921 416 1959 ναυμαχίας
447 1921 588 1959 μεγίστης.
606 1922 659 1956 Βοὴ
689 1921 863 1960 σαλπίγγων·
889 1923 960 1959 εἶρε-

138 1965 181 1992 σία
208 1965 332 1995 σύντονος
346 1976 351 1981 ·
370 1964 508 2003 ἐξελιγμοί
538 1963 667 2004 δρόμων·
689 1965 836 2003 ἐμϐοήσεις
863 1967 960 2006 ναυάρ-

137 2019 207 2048 χων·
232 2008 387 2046 λαμπηδὼν
409 2009 514 2037 ὅπλωνο
529 2011 572 2038 καὶ
600 2011 614 2038 ὁ
637 2010 737 2043 ἐκεῖθεν
766 2014 825 2043 τοῖς
853 2013 959 2048 ναυμά-

136 2065 198 2092 χοις
229 2055 370 2093 φρυαγμὸς
399 2054 477 2082 οὐδὲν
517 2054 624 2082 ἑνέλιπε
660 2056 765 2092 μάχης,
795 2056 818 2083 εί
850 2057 888 2093 μὴ
917 2056 957 2084 δτι

136 2099 234 2138 ἐχθρὸς
259 2101 346 2136 [adde
375 2099 435 2136 οὐκ]
465 2099 663 2136 ἀντιμέτωπος.
679 2101 728 2127 Καὶ
757 2101 824 2138 ἅπερ
858 2100 959 2132 ἐκεῖνος

135 2143 217 2171 πάθοι
245 2143 396 2181 τραύματα,
426 2145 619 2181 προσεπιθήσω
647 2145 681 2181 τῇ
712 2142 838 2182 διηγήσει
862 2145 957 2182 ταύτῃ,

133 2189 178 2216 καὶ
203 2188 240 2219 ὡς
264 2188 313 2216 οὐκ
336 2186 451 2220 ἔκτοπος
472 2190 490 2223 ἡ
512 2187 617 2224 σύναξις
641 2188 719 2224 αὕτη,
737 2188 799 2216 οὐδὲ
823 2189 848 2225 ἐξ
873 2189 957 2217 ἀλλο-

135 2231 224 2268 δαπῆς
239 2232 402 2268 ἡσύνταξις,
419 2232 493 2261 ἀλλὰ
518 2233 630 2270 στρατὸς
654 2234 702 2270 μὲν
727 2234 806 2266 οὗτος
833 2234 959 2272 ἰθαιγενὴς

134 2276 289 2308 πολλοστὸς
311 2276 336 2314 ἐξ
363 2277 488 2316 ἠπείρου,
504 2278 550 2305 καὶ
573 2280 631 2309 τοῖς
659 2277 795 2316 μεγίστοις
823 2280 875 2306 τῶν
906 2279 956 2306 πό-

135 2321 205 2350 λεων
240 2322 386 2360 τρόφιμος,
416 2322 460 2350 καὶ
495 2322 578 2357 αὐτὴν
615 2321 763 2350 ἐπιλείπων
805 2322 956 2352 οὐδὲποτε’
976 2313 997 2345 D

136 2367 163 2394 αἱ
180 2365 208 2394 δὲ
227 2370 290 2401 νῆες
306 2367 335 2394 ἐκ
348 2370 398 2402 τῆς
422 2367 562 2405 ἐγγυτάτω
586 2368 755 2405 περιχώρου,
772 2368 804 2402 ἣν
831 2367 869 2400 είς
892 2367 957 2396 ὅλον

135 2412 265 2449 ἡμερινὸν
291 2412 363 2449 ταχὺ
403 2413 595 2450 περιτροχάσει
638 2422 678 2442 τις
712 2411 805 2446 ἥλιον.
837 2414 957 2442 Τοιαῦτα

135 2455 190 2493 ἐγὼ
222 2457 268 2492 μὶν
292 2456 379 2483 εἴπω·
402 2457 427 2484 οἱ
452 2456 481 2484 δὶ
505 2457 646 2487 ἀκούοντες
675 2456 897 2494 ἐκπεπλήξονται,
912 2457 956 2485 καὶ

135 2500 316 2537 θαυμάσονται
346 2500 377 2527 οὐ
405 2500 486 2537 μόνον
515 2502 546 2528 τὸ
575 2501 714 2538 βασιλικὸν
744 2501 856 2534 ἐνταῦθα
892 2513 957 2540 προ-

136 2545 232 2582 μηθὶς,
248 2544 321 2572 ἀλλὰ
339 2545 384 2572 καὶ
409 2545 440 2572 τὸ
464 2544 668 2582 πολυδῦναμονι
692 2547 736 2574 καὶ
760 2549 799 2582 τῷ
822 2546 955 2585 αὐτοσχε-

134 2587 185 2626 δίῳ
213 2588 302 2625 τούτῳ
333 2589 467 2627 βασιλικῷ
492 2589 633 2626 Θαυμασίῳ
658 2591 688 2618 τὸ
714 2593 767 2618 τῶν
799 2591 956 2628 μελετωμέ-

132 2645 184 2661 νων
215 2635 439 2668 συνεννοήσονται
475 2633 703 2672 μεγαλούργημα,
728 2636 773 2662 καὶ
801 2634 955 2672 σκέψονται,

132 2677 158 2706 οἷ
177 2678 211 2706 τὰ
239 2678 269 2705 ἐκ
287 2680 335 2705 τοῦ
363 2678 568 2716 παρατυχόντος
596 2681 718 2714 τοιαῦτα,
734 2680 817 2707 ὁποῖα
845 2680 877 2707 τὰ
905 2684 955 2715 τῆς

133 2723 247 2761 χρονίου
275 2722 427 2756 διαηιυῆς,
455 2723 487 2750 Τί
516 2722 544 2750 δὲ
572 2723 622 2750 οὐκ
650 2724 678 2750 ἂν
709 2725 811 2761 ποιήσῃ
839 2725 852 2752 ὁ
881 2725 955 2762 χειρὶ

133 2768 216 2805 ταύτῃ
244 2771 293 2805 μιᾷ
318 2767 511 2795 καταπαλαίειν
545 2766 616 2806 ἔχων
644 2769 674 2796 τὸ
703 2769 906 2806 ἀνθιστάμενον,
933 2770 955 2797 εἱ

135 2811 179 2840 κα)
195 2813 231 2843 εἰς
257 2813 434 2850 ἑκατόγχειρα
456 2813 684 2847 vascam-vicerat;
701 2813 731 2840 Ei
757 2812 785 2840 δὶ
808 2814 852 2841 καὶ
882 2816 955 2851 κῦμα

133 2857 160 2885 ἓν
191 2856 228 2888 εἷς
258 2857 447 2894 κατακλυσμὸν
476 2860 535 2888 τοῖς
555 2857 666 2896 ἐχθροῖς
694 2857 902 2898 ἐπιρρυήσηται,
927 2860 952 2886 τί

1049 765 1092 794 11.
1108 767 1166 801 Ego
1182 774 1248 793 vero
1277 765 1340 793 istis
1355 765 1490 801 adjiciam
1521 765 1599 794 aliud
1626 765 1714 793 etiam
1740 764 1835 792 admi-

1013 809 1125 837 ratione
1155 810 1289 846 dignum,
1323 818 1446 846 magnas
1470 809 1536 838 illas
1569 817 1658 837 naves
1676 817 1750 845 quas
1780 817 1834 837 nu-

1013 863 1064 890 per
1075 855 1202 883 nondum
1219 855 1361 891 perfectas
1386 855 1472 883 hodie
1497 855 1650 891 splendide
1675 854 1836 882 instructas

1013 899 1118 927 fretum
1136 901 1268 928 nostrum
1281 899 1472 936 comparavit.
1489 899 1593 927 Portus
1609 898 1726 935 quidem
1744 899 1779 926 ad
1795 907 1839 926 se-

1014 943 1167 971 curitatem
1197 943 1337 971 dilatatus
1367 946 1396 971 et
1426 943 1558 971 munitus
1584 945 1639 978 est,
1679 943 1734 970 illa:
1768 951 1836 971 vero

1018 987 1204 1022 pyrrhicham
1221 997 1323 1024 reapse
1338 987 1526 1022 saltabant,et
1536 995 1684 1015 remorum
1698 995 1838 1015 resonan-

1016 1032 1058 1059 tia
1073 1032 1221 1060 concitatae
1232 1032 1314 1060 valde
1325 1032 1493 1068 strepebant
1508 1034 1692 1067 terroresque
1703 1039 1839 1068 persona-

1018 1075 1089 1104 bant
1098 1076 1207 1112 quibus
1217 1077 1246 1104 in
1258 1079 1389 1113 tempore
1398 1077 1496 1104 hostes
1508 1078 1616 1104 arcent.
1632 1076 1780 1104 Dcmetiar
1790 1083 1837 1104 ea-

1017 1129 1082 1148 rum
1099 1121 1318 1148 multitudinem
1335 1123 1434 1157 utpote
1448 1120 1693 1149 innumerabilem
1711 1120 1740 1148 in
1757 1128 1838 1157 myo-

1017 1166 1188 1201 paronibus,
1223 1166 1250 1193 in
1278 1166 1438 1201 velocibus,
1462 1165 1490 1193 in
1518 1165 1688 1193 triremibus
1713 1165 1838 1201 aliisque

1017 1211 1133 1239 navium
1151 1211 1359 1239 instructarum
1372 1210 1574 1246 speciebus.Et
1584 1210 1708 1238 illisista
1723 1218 1838 1246 quoque

1017 1258 1103 1283 erunt
1111 1256 1141 1282 in
1151 1255 1466 1290 miraculum.Tempus
1477 1263 1598 1282 veroeos
1607 1254 1734 1290 amplius
1749 1254 1838 1282 etiam

1017 1300 1190 1335 stupefaciet
1201 1299 1346 1328 discentes
1358 1299 1496 1335 quoniam
1511 1299 1573 1327 heri
1590 1299 1707 1335 quidem
1718 1299 1838 1327 bellicas

1016 1344 1083 1372 illas
1094 1353 1180 1373 naves
1190 1344 1272 1372 locus
1283 1344 1442 1380 dispositus
1453 1344 1482 1371 in
1493 1344 1677 1372 securitatem
1685 1343 1840 1380 amplecte-

1017 1389 1165 1422 batur,sed
1183 1389 1295 1417 caeteris
1315 1388 1406 1417 armis
1416 1396 1523 1416 vacuas
1530 1397 1592 1424 quas
1602 1397 1706 1416 cursus
1718 1388 1838 1416 velocio-

1016 1443 1062 1462 res
1070 1434 1223 1469 faciunt,et
1233 1434 1360 1461 nondum
1373 1433 1467 1462 navali
1479 1434 1605 1461 exercitu
1616 1434 1777 1461 instructas
1788 1441 1840 1461 nec

1016 1478 1074 1506 illis
1082 1479 1190 1514 quibus
1206 1479 1288 1506 navis
1301 1478 1463 1514 impellitur
1471 1478 1514 1506 vel
1531 1478 1725 1506 committitur
1740 1486 1839 1514 pugna

1016 1524 1173 1551 adornatas
1188 1522 1544 1558 Equidemitaheri.Mane
1559 1524 1657 1549 autem
1671 1521 1752 1549 fulsit
1764 1522 1837 1555 dies,

1016 1569 1044 1595 et
1071 1567 1292 1603 imperatorium
1321 1567 1400 1593 venit
1429 1566 1714 1601 mandatum,idque
1729 1574 1764 1593 ex
1790 1574 1838 1594 ne-

1016 1612 1160 1640 cessitate.
1177 1612 1283 1640 ltel'ecti
1300 1614 1369 1639 sunt
1383 1611 1547 1639 triremium
1568 1610 1697 1638 defectus
1707 1612 1840 1644 ;vacuata

1016 1659 1112 1685 autem
1128 1656 1240 1684 navalia
1252 1665 1259 1690 ;
1273 1658 1301 1684 et
1315 1655 1441 1692 expediti
1462 1657 1605 1683 steterunt
1620 1654 1738 1690 milites,
1763 1655 1839 1683 muti

1015 1710 1081 1729 vero
1093 1703 1281 1737 spectatores.
1294 1699 1449 1736 Propontis
1458 1700 1530 1728 nihil
1541 1700 1728 1727 subostendit
1739 1708 1836 1736 aequo-

1015 1747 1065 1775 ris.
1082 1747 1195 1774 Diceret
1211 1746 1277 1782 quie
1294 1749 1427 1774 nostrum
1441 1745 1514 1773 illud
1532 1753 1612 1773 mare
1640 1745 1705 1772 urbi
1723 1753 1835 1781 magum

1015 1800 1078 1820 esse
1089 1791 1195 1826 simile,
1214 1791 1350 1827 frequens
1366 1791 1442 1818 sicut
1458 1790 1514 1817 ista
1529 1789 1670 1825 aedificiis,
1694 1790 1736 1818 ita
1762 1789 1834 1817 illud

1014 1836 1152 1864 domibus
1184 1835 1353 1864 mobilibus.
1370 1835 1438 1862 Erat
1450 1835 1571 1871 proinde
1587 1834 1684 1870 imago
1701 1834 1834 1862 maximae

1015 1880 1206 1909 naumachiae.
1223 1882 1312 1908 Sonat
1328 1879 1408 1914 tuba,
1425 1881 1542 1907 resonat
1556 1881 1584 1906 et
1605 1879 1771 1915 remigium,
1786 1887 1834 1906 ex-

1015 1925 1162 1962 plicantur
1174 1933 1289 1959 cursus,
1305 1924 1435 1952 clamant
1449 1923 1728 1957 navarchi,emicant
1744 1932 1836 1960 arma,

1014 1971 1144 1999 fremunt
1158 1970 1276 2004 milites,
1293 1978 1351 1998 uno
1363 1971 1449 1998 verbo
1465 1969 1537 1997 nihil
1554 1977 1658 2006 pllng
1673 1969 1771 1997 deficit
1792 1970 1838 1997 ni-

1013 2015 1038 2043 si
1054 2016 1130 2052 quod
1148 2014 1241 2042 hostis
1254 2023 1312 2042 non
1338 2021 1372 2041 ex
1394 2014 1514 2042 adverso
1545 2016 1612 2041 stct.
1640 2013 1753 2046 Quibus
1782 2014 1834 2041 ad-

1014 2060 1133 2087 modum
1150 2059 1325 2094 prodigiosis
1341 2058 1502 2094 explanans
1522 2058 1629 2085 addam
1654 2057 1728 2085 istas
1757 2058 1836 2086 acies

1013 2111 1201 2139 nequaquam
1217 2111 1281 2130 esse
1297 2102 1407 2130 alienas
1423 2110 1517 2138 neque
1547 2103 1699 2129 extraneas
1713 2101 1834 2137 fcopias,

1012 2148 1063 2176 sed
1074 2149 1129 2175 iste
1144 2147 1287 2175 exercitus
1303 2146 1442 2182 indigena
1453 2147 1480 2173 et
1496 2145 1598 2180 majori
1632 2147 1713 2181 parte
1742 2145 1835 2173 conti-

1013 2194 1100 2220 nente
1119 2194 1248 2224 exortus,
1274 2191 1391 2218 urbium
1422 2190 1558 2218 maximis
1592 2190 1751 2223 enutritus,
1782 2198 1834 2218 nec

1013 2244 1096 2266 suam
1112 2245 1242 2272 unquam
1259 2236 1468 2272 dereliquerint
1481 2234 1616 2272 patriam,
1634 2243 1720 2262 naves
1736 2236 1834 2263 autem

1012 2289 1046 2310 ex
1063 2281 1202 2318 proximis
1216 2281 1379 2316 vicinisque
1395 2280 1466 2308 locis
1482 2288 1556 2315 quos
1574 2287 1625 2316 per
1639 2288 1731 2307 unum
1753 2279 1834 2307 diur-

1013 2334 1083 2354 num
1099 2325 1190 2353 solem
1204 2325 1372 2353 circumiret
1387 2325 1491 2353 viator.
1516 2323 1596 2352 Talia
1621 2323 1740 2360 quidem
1769 2324 1834 2352 dico

1012 2378 1087 2406 ego;
1105 2370 1229 2398 audiens
1251 2372 1348 2398 autem
1373 2370 1619 2404 obstupescentet
1649 2368 1835 2396 mirabuntur

1012 2423 1070 2443 non
1084 2417 1200 2443 tantum
1218 2415 1327 2451 regiam
1343 2414 1371 2442 in
1389 2414 1436 2442 his
1447 2414 1672 2450 providentiam,
1685 2414 1735 2441 sed
1760 2413 1834 2441 mul-

1011 2462 1071 2487 tam
1087 2468 1204 2495 quoque
1219 2460 1388 2495 potentiam,
1403 2461 1431 2486 et
1446 2467 1478 2486 ex
1494 2458 1548 2486 hoc
1575 2458 1733 2494 improviso
1757 2458 1833 2494 prin-

1012 2504 1085 2540 cipis
1102 2503 1240 2531 miraculo
1251 2504 1412 2539 excogitata
1427 2502 1593 2538 intelligent
1604 2511 1692 2538 opera
1704 2501 1832 2538 egregia,

1012 2556 1123 2576 necnon
1139 2556 1173 2576 ex
1188 2548 1253 2576 istis
1270 2547 1421 2576 subitariis
1438 2549 1559 2574 noscent
1582 2555 1627 2574 res
1642 2555 1693 2582 per
1708 2546 1829 2583 longum

1012 2593 1127 2629 tempus
1141 2595 1326 2629 praeparatas.
1339 2592 1412 2624 Quid
1431 2600 1487 2618 non
1505 2591 1610 2618 faceret
1625 2591 1667 2619 sic
1684 2599 1744 2618 una
1764 2591 1832 2618 dex-

1011 2637 1262 2665 teraudversarios
1275 2637 1394 2664 vincens
1405 2636 1430 2664 si
1459 2644 1527 2664 eum
1557 2635 1725 2663 centimano
1751 2643 1830 2663 com-

1012 2681 1152 2716 paretur?
1180 2681 1209 2708 Si
1238 2681 1343 2708 fluctus
1364 2688 1441 2708 unus
1466 2680 1494 2707 in
1522 2679 1621 2707 hostes
1649 2680 1766 2707 irruens
1781 2686 1831 2706 eos

1011 2726 1190 2761 submergat,
1207 2726 1276 2762 quid
1295 2734 1349 2753 non
1375 2725 1525 2761 patiantur
1551 2724 1663 2752 bellicis
1675 2723 1775 2751 multis
1798 2731 1833 2751 ex

1009 2771 1183 2806 imperatore
1195 2770 1281 2797 undis
1297 2770 1426 2797 obtruti'.’
1441 2769 1506 2796 Hzec
1522 2768 1562 2795 illi
1580 2768 1705 2795 infcrent
1719 2771 1745 2794 et
1759 2767 1830 2795 sibi-

1010 2815 1046 2843 lis
1065 2823 1185 2850 prorsus
1196 2814 1351 2850 explodent
1361 2816 1476 2849 gentem
1497 2812 1576 2840 illam
1594 2821 1657 2848 qua:
1673 2813 1754 2839 tanto
1774 2812 1829 2839 im-

1010 2860 1134 2896 peratori
1157 2859 1299 2887 obluctari
1323 2858 1455 2892 voluerit,
1486 2857 1536 2894 qui
1565 2857 1654 2885 simul
1684 2857 1789 2885 annuit
1803 2859 1832 2885 et
