2021 3154
180 178 236 208 951

566 182 774 214 EUSTATHII
797 183 1182 216 THESSALONICENSIS
1206 187 1498 220 METROPOLITIE

1831 192 1892 221 952

180 243 258 278 fecit,
275 244 347 272 dixit
361 247 390 273 et
404 247 576 275 mandatum
592 249 752 283 perfectum
764 252 817 277 est.
835 249 1002 278 Irridendos

1062 249 1090 278 ἂν
1114 252 1223 284 πάθοιεν
1248 253 1274 280 οἱ
1299 253 1482 291 πολυκυμίαις
1507 254 1537 282 έκ
1563 255 1695 294 βασιλέως
1725 255 1894 294 πολεμικαῖς

181 288 254 324 ipsis
265 289 442 324 judicabunt
456 291 523 319 illos
537 292 614 320 viros
625 293 675 328 qui
701 296 807 322 terram
838 294 1006 323 universam

181 340 278 360 coram
288 333 478 370 imperatoria
488 338 631 371 potestate
642 338 825 373 provolutam
842 341 1006 373 cernentes,

180 378 309 404 attamen
320 380 443 413 pontum
460 380 570 408 audent
585 381 715 417 aggredi,
732 384 761 409 et
771 383 869 418 parvis
897 383 1008 411 insulis

182 420 328 448 dominari
343 422 510 455 intendunt,
525 424 646 459 perinde
673 433 706 452 ac
736 425 760 452 si
788 434 894 454 nomen
924 429 1007 454 term

182 464 264 492 nullo
281 466 367 494 modo
389 466 504 495 insulas
532 469 588 496 sibi
613 469 760 503 conciliet,
790 471 830 498 ita
847 473 879 498 ut
894 470 1007 498 ibicor-

181 511 278 542 ruant,
293 510 336 537 vel
353 511 389 538 ab
400 511 450 539 illo
464 513 523 540 tam
540 513 704 542 desiderato
719 522 836 550 aquore
859 515 1007 551 repellan-

181 555 239 586 tur,
251 553 294 581 vel
310 563 365 582 sua
379 555 408 582 in
421 556 560 592 abyssum
573 558 685 592 jactent
700 559 729 586 in
759 567 815 595 quo
845 559 899 595 ipsi
931 568 1005 595 quo-

180 606 237 633 que
252 603 433 636 mergantur,
450 602 522 630 adeo
538 607 569 630 ut
583 611 617 631 ex
631 603 682 632 illa
709 604 848 633 ﬂuctibus
876 605 1007 641 undique

179 646 301 683 irrigata
316 648 414 676 insula
429 650 502 677 nihil
519 651 557 678 sit
572 651 641 686 illis,
659 653 708 680 ubi
725 653 815 681 totius
831 656 914 682 terrae
942 656 1007 690 post

181 692 271 719 Deum
286 695 382 720 rector
396 697 495 722 noster
508 695 679 731 imperator.

1063 294 1260 333 ἐμπεσούμενοι
1288 320 1294 333 ,
1323 300 1415 327 Ταῦτα
1453 299 1550 328 ἐκεῖνοι
1586 299 1808 338 έπιλογίσονται,
1846 302 1892 330 καὶ

1061 339 1169 372 πάντως
1185 342 1246 369 οὐαὶ
1269 345 1309 378 τῷ
1339 342 1407 370 ἔθνει
1436 342 1723 383 ἀναϐοήσονται,ὅπερ
1754 346 1892 374 ἀντικαθί-

1062 391 1171 417 στασθαι
1196 385 1304 423 βασιλεῖ
1325 387 1442 424 τοιούτῳ
1473 386 1651 426 βεϐούληται,
1681 390 1710 421 ὃς
1740 391 1797 427 ἅμα
1827 390 1892 418 ἐπέ-

1062 439 1150 464 νευσε,
1178 431 1222 458 καὶ
1254 431 1402 467 πεποίηκεν
1420 442 1427 448 ·
1454 432 1582 469 ἐλάλησε,
1610 434 1656 462 καὶ
1683 434 1714 462 τὸ
1745 434 1894 473 ἐπιταχθὲν

1060 473 1225 503 τετέλεσται.
1251 479 1377 514 Κρινοῦσι
1407 475 1435 504 δὲ
1460 477 1536 505 αὐτοῖ
1565 479 1609 505 καὶ
1633 478 1760 516 γελοίους
1785 479 1894 518 ἀνθρώ-

1061 529 1130 551 πους
1155 519 1283 554 ἐκείνους,
1298 520 1324 548 οἳ
1347 524 1399 558 γῆν
1430 522 1532 549 ἅπασαν
1561 525 1600 559 τῷ
1632 522 1768 561 βασιλικῷ
1798 525 1894 562 κράτει

1064 563 1212 601 βλέποντες
1247 565 1466 601 ὑποκτᾶπτουσαν,
1499 567 1577 595 αὐτοὶ
1611 568 1812 607 καταθαρροῦσι
1849 575 1895 602 θα-

1062 607 1176 644 λάσσης,
1205 609 1250 636 καὶ
1288 609 1418 645 νησιδίων
1452 614 1559 650 κρατεῖν
1599 610 1809 647 ἐπιϐάλλονται,
1837 614 1894 641 ὡσ-

1063 653 1137 690 είπερ
1164 654 1202 689 μὴ
1228 654 1272 681 καὶ
1294 655 1342 686 τὰς
1365 656 1464 690 νήσους
1485 656 1515 683 τὸ
1540 659 1590 691 τῆς
1616 660 1666 694 γῆς
1681 655 1770 694 ὄνομα
1785 657 1894 694 ᾠκειώ-

1061 707 1138 724 σατο·
1156 697 1194 729 ὡς
1219 697 1336 731 ἐντεῦθεν
1367 699 1519 736 λείπεσθαι,
1535 701 1552 736 ἢ
1568 701 1613 728 καὶ
1638 705 1688 736 τῆς
1716 702 1894 740 ποθουμένης

181 734 295 767 τούτους
324 736 461 772 θαλάσσης
487 738 680 776 ἀπάγεσθαι,ἢ
709 740 783 769 ἀλλὰ
802 741 978 774 καταδύεσθαι
1009 741 1046 772 εἷς
1072 740 1163 779 βυθὸν,
1186 742 1200 770 ὃ
1220 743 1264 770 καὶ
1293 743 1440 772 πείσονται’
1464 745 1501 776 ὡς
1532 744 1616 781 μηδὲν
1646 746 1674 773 ὃν
1704 747 1798 778 αὐτοῖς
1829 758 1893 784 μετ-

183 778 212 807 ὸν
244 779 314 816 μηδὲ
342 784 392 816 τῆς
422 782 622 821 ﬁngamus-.03,
646 788 696 820 τῆς
724 785 896 821 νησιώτιδος,
927 785 988 814 ἔνθα
1024 778 1077 823 γῆς
1101 785 1207 821 ἀπάσης
1236 788 1376 826 μόναρχος
1405 789 1473 826 μετά
1498 800 1529 827 γε
1553 791 1617 818 θεὸν
1643 791 1657 818 ὁ
1681 791 1818 829 ἡμέτερος
1845 792 1893 830 βα-

183 822 286 856 σιλεύς.

219 878 338 907 12..Ῑιιιῃ
363 881 455 909 oratio
485 889 550 910 mea
574 892 669 919 pauca
696 887 830 921 quaedam
864 887 942 915 dicet
970 886 1006 914 ad

181 921 320 950 honorem
336 924 413 960 regis
429 925 478 960 qui
495 934 529 954 ex
543 927 707 956 Jerusalem
731 931 766 958 ad
795 939 848 959 nos
869 931 1005 965 accurrit,

180 967 240 994 tam
255 967 357 995 auditu
375 977 461 1004 quam
477 971 566 1006 gestis
584 973 738 1007 attonitus,
756 975 830 1003 mira
850 976 1005 1011 imperato-

182 1010 223 1038 ris
240 1011 369 1040 facinora
385 1014 500 1049 penitus
516 1024 738 1053 recognoscens,
750 1019 859 1055 quibus
872 1010 1004 1048 decorem

183 1055 271 1083 simul
302 1058 331 1084 et
346 1056 468 1092 plausus
489 1062 667 1096 comparavit
683 1071 690 1096 ;
714 1063 758 1090 vir
777 1065 903 1101 denique
919 1073 1006 1101 quem

182 1100 282 1129 hostes
300 1102 446 1137 pavebant
460 1103 632 1140 irruentem,
659 1109 688 1134 et
718 1100 909 1145 imperatoria:
927 1100 1006 1138 idex-

183 1146 252 1172 teras
281 1145 392 1182 impetu
424 1155 457 1175 ac
485 1148 510 1175 vi
528 1148 672 1178 altissima
687 1153 846 1187 gentilibus
873 1155 1008 1190 sepulcra

186 1189 402 1226 adaperientem
431 1193 570 1221 omnibus
592 1195 641 1230 qui
662 1196 807 1225 vivificum
838 1189 1005 1235 sepulcrum

186 1233 333 1262 audebant
348 1235 482 1264 invisere.
498 1238 550 1269 Qui
568 1246 634 1266 cum
660 1241 821 1276 cupivisset
845 1233 1005 1279 principem

185 1277 293 1306 intueri
318 1281 350 1306 ut
392 1280 459 1308 inde
491 1283 729 1312 corroboraretur
763 1277 902 1316 adversus
930 1277 1007 1316 viros

185 1322 243 1350 Deo
258 1322 379 1351 inimica
392 1323 527 1353 ineuntes
552 1327 684 1362 consilia,
697 1338 750 1358 nec
766 1331 880 1359 itineris
893 1332 1007 1360 incom-

185 1368 272 1394 moda
287 1369 482 1397 consideravit
492 1378 544 1398 nec
558 1371 838 1409 longitudinem,ncc
849 1377 899 1404 alti
917 1377 1007 1405 maris

183 1411 313 1446 pericula
327 1412 356 1440 in
369 1415 495 1442 mentem
508 1416 690 1450 adduxit,sed
705 1422 840 1448 neutrum
858 1424 953 1449 mente
963 1430 1006 1449 rc-

185 1455 328 1490 cogitans,
341 1457 501 1486 dummodo
513 1460 670 1489 adveniens
686 1471 751 1491 cum
764 1464 792 1491 in
803 1466 1006 1501 orationepos-

184 1499 224 1527 sit
235 1500 365 1535 adorare,
387 1503 490 1530 statuit
500 1504 587 1532 simul
605 1514 656 1541 per
670 1515 750 1536 mare
761 1509 850 1543 adire,
867 1518 923 1538 non
938 1499 1007 1546 quia

183 1544 226 1573 illi
242 1545 287 1573 via
302 1546 428 1581 pedestri
436 1548 608 1585 jucundius,
625 1552 704 1587 (quis
720 1553 797 1581 enim
813 1554 913 1582 solidae
943 1544 1006 1583 basi

1100 885 1145 922 ιβ’.
1162 885 1285 914 Κείσεταί
1315 898 1361 924 μοι
1393 888 1475 925 μέρος
1504 887 1616 921 ἐνταῦθα
1644 892 1694 924 τῆς
1727 889 1894 929 ἀφηγήσεως

1060 930 1105 956 καὶ
1127 930 1158 958 τὸ
1182 933 1231 958 τοῦ
1255 930 1341 969 ῥηγὸς
1365 932 1576 970 μεγαλώνυμον,
1596 934 1626 964 ὃς
1656 933 1682 969 ἐξ
1705 934 1890 972 Ἰερουσαλὴμ

1061 973 1100 1005 εἶς
1122 975 1198 1011 ἡμᾶς
1221 974 1330 1013 ἔδραμε,
1347 977 1416 1014 ἀκοῇ
1439 988 1468 1005 τε
1491 979 1756 1016 καταπεπΛηγμένος
1775 979 1822 1006 καὶ
1843 977 1890 1018 ἕρ-

1059 1028 1129 1056 γοις,
1165 1020 1297 1058 μακρόθεν
1336 1022 1367 1048 τὸ
1404 1023 1452 1049 τοῦ
1493 1021 1629 1059 βασιλέως
1669 1023 1887 1060 άξιοθαύμαοτον

1061 1062 1232 1102 ἐπεγνωκὼς,
1249 1066 1291 1097 οἷς
1312 1065 1490 1103 εὐηργέτητο,
1515 1068 1555 1098 οἷς
1582 1067 1783 1106 συγκεκρότητο
1794 1078 1802 1085 ο
1818 1069 1888 1103 ἀνὴρ

1061 1107 1105 1135 καὶ
1128 1107 1222 1140 ἄλλως
1247 1109 1293 1146 μὲν
1319 1113 1378 1141 τοῖς
1401 1111 1532 1143 ἐναντίοις
1560 1111 1703 1148 ἐμπίπτων
1724 1113 1818 1150 βαρὺς,
1844 1112 1890 1141 διὰ

1062 1151 1091 1180 δὲ
1114 1156 1163 1188 τῆς
1186 1153 1334 1191 βασιλικῆς
1359 1155 1453 1194 χειρὸς
1478 1156 1522 1183 καὶ
1552 1157 1704 1194 συνάρσεως
1720 1157 1887 1195 βαθυτάτους

1061 1197 1161 1237 τάφους
1189 1198 1344 1236 ὐπανοίγωο
1367 1202 1405 1236 τῷ
1431 1198 1509 1235 ἔθνει,
1524 1200 1583 1228 ὅσοι
1604 1203 1653 1228 τοῦ
1679 1201 1826 1240 ζωηφόρου
1839 1202 1888 1230 τά-

1061 1252 1112 1280 φου
1139 1243 1313 1279 κατατολμᾷν
1351 1243 1452 1279 ἤθελον
1471 1254 1479 1262 ·
1505 1245 1535 1276 ’ὸς
1565 1245 1609 1273 καὶ
1639 1245 1810 1282 ἐπιθυμήσας
1837 1250 1888 1281 τῆς

1062 1287 1123 1319 θέας
1153 1288 1274 1325 γενέσθαι
1307 1290 1356 1316 τοῦ
1391 1289 1601 1329 αὐτοκράτορος,
1633 1291 1670 1322 ὡς
1698 1290 1728 1318 ἃν
1758 1290 1890 1319 ἐπιπλὲον

1061 1331 1218 1369 κρατυνθεὶς
1244 1333 1313 1360 κατὰ
1337 1335 1390 1360 τῶν
1420 1332 1506 1372 ἐχθρὰ
1533 1334 1708 1373 φρονούντων
1732 1337 1802 1371 Θεῷ,
1827 1334 1890 1364 οὔτε

1059 1377 1091 1404 τὸ
1105 1380 1155 1411 τῆς
1172 1375 1237 1404 ὁδοῦ
1253 1377 1341 1416 τραχὺ
1353 1378 1397 1405 καὶ
1413 1378 1487 1414 μάλα
1509 1378 1581 1407 πολὺ
1597 1379 1753 1416 ἐλογίσατο,
1768 1378 1831 1407 οὔτε
1855 1380 1888 1407 τὸ

1061 1424 1111 1455 τῆς
1138 1424 1242 1459 μακρᾶς
1266 1422 1403 1458 θαλάσσης
1421 1423 1471 1450 οὐκ
1495 1421 1544 1460 ἔξω
1567 1421 1692 1451 κινδύνου
1716 1422 1816 1461 ἤγαγεν
1842 1424 1887 1452 ἐπὶ

1061 1467 1132 1493 νοῦν.
1163 1465 1252 1493 Ἀλλὰ
1279 1467 1389 1502 θέμενος
1424 1467 1463 1498 εἷς
1490 1466 1566 1495 οὐδὲν
1600 1468 1645 1495 καὶ
1681 1468 1834 1506 ἀμφότερα,
1864 1469 1889 1496 εἲ

1063 1510 1144 1546 μόνον
1173 1510 1259 1538 ἐλθὼν
1287 1515 1337 1546 τῆς
1365 1511 1390 1538 ἐν
1421 1511 1491 1550 εὐχῇ
1529 1513 1739 1549 προσκυνήσεως
1767 1513 1886 1550 γένοιτο,

1060 1555 1216 1592 προτίθεται
1240 1555 1316 1592 ὅμως
1338 1556 1388 1591 τὴν
1419 1555 1463 1584 διὰ
1478 1555 1616 1592 θαλάσσης
1637 1557 1760 1594 πορείαν,
1778 1557 1833 1596 οὐχ
1846 1558 1888 1585 ὅτι

183 1590 318 1626 praeferat
332 1591 438 1619 inferni
455 1595 610 1630 tormenta,
626 1599 654 1624 et
678 1598 774 1632 potius
803 1608 891 1634 quam
922 1601 1005 1628 ﬁrmo

1062 1590 1184 1627 καλλίων
1199 1590 1268 1634 αὐτῆ
1289 1603 1337 1628 τοῦ
1363 1603 1537 1640 πεζοφορεῖν,
1550 1590 1602 1636 (τίς
1624 1590 1679 1640 γὰρ¹
1697 1590 1757 1636 τῆς
1773 1590 1889 1640 στερεμ-

184 1634 258 1670 pede
269 1637 424 1671 procedere
441 1637 524 1665 malit
540 1648 590 1675 per
615 1641 745 1670 velamen
775 1645 880 1673 mortis
908 1647 1005 1674 trans-

185 1678 318 1715 sire1)sed
335 1683 367 1708 ut
382 1690 414 1708 co
431 1681 518 1710 citius
530 1684 703 1713 charissims
717 1687 861 1716 frueretur
875 1693 1005 1726 aspectu.

185 1723 219 1751 Et
234 1725 395 1760 peragratis
412 1726 583 1756 circuilibus
601 1737 674 1764 quos
701 1731 809 1761 Issicus
837 1723 1006 1763 circumvol-

184 1767 227 1794 vit
245 1768 327 1796 sinus
341 1777 478 1806 mareque
494 1771 632 1808 vicinum,
645 1782 730 1809 gyros
746 1779 843 1806 autem
858 1781 1006 1807 resecatu-

185 1822 236 1841 rus
252 1822 286 1841 ex
314 1815 508 1850 prosperitate
533 1817 736 1854 navigationis,
772 1824 908 1852 secundis
937 1834 1006 1853 ven-

184 1858 223 1902 tis
236 1858 433 1902 manibusque
457 1860 551 1888 navim
577 1862 806 1902 impellentibus,
829 1868 955 1902 advenit,
980 1872 1008 1898 et

185 1901 348 1929 inebriatus
363 1904 407 1929 cst
421 1903 635 1939 colloquiorum
656 1911 781 1944 nectare,
799 1901 1005 1942 conversation

186 1953 316 1981 numque
331 1947 489 1981 ambrosio,
505 1951 673 1987 ceterisque
699 1954 885 1991 imperatoris
914 1959 1008 1986 suavi-

185 1989 306 2018 tatibus.
319 1991 459 2027 Expertus
474 1996 518 2021 est
533 1995 645 2024 virilem
664 1989 750 2027 illum
762 2001 911 2038 virtutem,
943 2012 1006 2039 qua:

185 2035 273 2064 etiam
290 2036 317 2063 in
334 2044 403 2072 pace
416 2038 600 2074 quietissime
615 2042 783 2073 bellatorem
800 2035 935 2076 ostendat
950 2035 1007 2077 lor-

185 2081 334 2109 tissimum
352 2081 380 2109 in
396 2083 534 2113 cursibus
555 2093 698 2122 equorum
711 2089 834 2126 aliisque
849 2093 1007 2127 exercitiis,

185 2134 237 2154 seu
253 2125 348 2162 qualis
363 2126 439 2155 viros
455 2128 610 2165 immanes,
628 2134 772 2162 montium
786 2125 864 2163 teras
880 2136 908 2164 in
938 2125 1006 2165 tuti-

185 2171 254 2198 bula
268 2170 398 2217 repellat,
416 2181 451 2200 ne
466 2173 610 2211 frequenti
638 2178 722 2207 turbo
747 2179 892 2208 irruentee
916 2182 1006 2217 regio-

184 2223 250 2244 nem
265 2215 489 2251 depopulentur.
515 2220 582 2251 Quaa
611 2222 746 2256 miratus,
763 2224 899 2253 discessit
916 2215 1007 2261 praeco

183 2261 377 2299 imperatoriae
393 2265 614 2315 fortitudinis,et
634 2267 675 2295 sic
695 2268 783 2296 robur
810 2269 950 2315 vulgawt,
980 2272 1008 2298 et
1023 2283 1045 2315 Β

181 2315 285 2337 omnes
301 2309 408 2337 vicinos
425 2309 525 2338 hostes
550 2311 656 2339 terruit
684 2312 816 2341 dicentes
845 2313 886 2341 illi
913 2315 1007 2343 favere

184 2356 319 2382 uestrum
335 2355 554 2391 imperatorem.
580 2356 616 2383 Et
631 2356 697 2390 ista,
712 2366 758 2384 me
779 2358 890 2393 judice,
917 2359 1004 2387 mira-

185 2397 296 2426 buntur
319 2399 370 2427 filii
404 2400 507 2427 lsmael
538 2401 710 2428 memoriam
740 2405 919 2431 revocantes.
949 2406 1006 2433 Nec

186 2442 264 2470 enim
279 2443 322 2470 illi
339 2444 482 2472 malorum
493 2454 526 2472 ex
538 2445 588 2473 illo
600 2445 720 2473 fuerunt
735 2449 877 2482 expertes.

1061 1643 1119 1672 νίου
1147 1645 1251 1682 βάσεως
1279 1645 1309 1672 ἂν
1339 1643 1432 1673 ἕλοιτο
1463 1644 1547 1681 ’ᾼόου
1584 1645 1728 1684 πέταυρον,
1757 1646 1805 1674 καὶ
1840 1649 1889 1674 τοῦ

1061 1688 1190 1728 ἀσφαλῶς
1220 1689 1321 1726 βαίνειν
1344 1690 1376 1717 τὸ
1400 1688 1445 1717 διὰ
1469 1691 1620 1727 θανασίμου
1639 1690 1890 1728 παραπετάσματος

1062 1733 1220 1766 στέλλεσθαι
1235 1735 1253 1771 ;)
1281 1734 1344 1762 ἀλλ’
1373 1733 1418 1762 τίνα
1454 1734 1526 1772 ταχὺ
1553 1738 1603 1770 τῆς
1631 1734 1766 1775 φιλτάτης
1801 1734 1890 1773 ὅψεως

1061 1777 1182 1816 γένηται.
1210 1779 1263 1806 Καὶ
1287 1778 1376 1806 τοίνυν
1402 1781 1457 1806 τῶν
1479 1779 1527 1816 μὲν
1557 1778 1730 1818 περιδρόμων
1761 1780 1891 1808 ἀπαλλα-

1061 1822 1189 1860 γεὶς,οὓς
1219 1823 1234 1850 ὁ
1263 1823 1374 1854 Ἰσσικὸς
1412 1823 1513 1852 ἑλίσσει
1540 1824 1644 1855 κόλπος
1675 1825 1720 1852 καὶ
1749 1824 1781 1852 τὸ
1812 1825 1890 1863 πέριξ

1062 1866 1164 1894 ἐκείνου
1188 1866 1334 1905 παράλιον,
1348 1868 1484 1904 ἐπιτεμὼν
1511 1867 1539 1896 δὲ
1559 1869 1608 1903 τὴν
1634 1868 1820 1908 κυκλοφορίαν
1848 1872 1889 1906 τῷ

1062 1911 1181 1949 ἰθαγενεῖ
1193 1914 1241 1939 τοῦ
1257 1912 1357 1940 στόλου
1371 1912 1483 1949 ἀνέμοις
1497 1924 1527 1941 τε
1540 1913 1697 1951 πομπίμοις
1716 1914 1764 1941 καὶ
1793 1914 1888 1952 χερσὶν

1062 1955 1285 1988 ἐπισπευδούσαις
1320 1957 1364 1985 τὸν
1399 1956 1497 1993 πλοῦν,
1536 1957 1615 1992 ἦλθε,
1654 1958 1699 1986 καὶ
1733 1958 1887 1997 ἐνεφορήθη

1061 2002 1106 2030 καὶ
1134 2002 1214 2033 αὐτὸς
1242 2002 1290 2029 τοῦ
1315 2004 1368 2030 τῶν
1397 2003 1516 2039 ὁμιλιῶν
1533 2003 1738 2039 νέκταρος,τῆς
1770 2003 1796 2031 ὲν
1828 2002 1890 2031 δια-

1062 2046 1164 2084 λέξεσιν
1194 2044 1355 2084 ἀμϐροσίας,
1376 2050 1426 2081 τῆς
1451 2047 1553 2082 λοιπῆς
1581 2047 1726 2085 βασιλικῆς
1750 2047 1890 2085 γλυκύτη-

1061 2102 1119 2123 τος.
1139 2091 1284 2129 Ἐπειράθη
1299 2092 1344 2119 καὶ
1368 2095 1417 2127 τῆς
1443 2091 1573 2130 ἀνδρικῆς
1597 2092 1826 2130 ῥωμαλεότητος,
1841 2093 1890 2120 ὅσα

1061 2147 1092 2174 γε
1108 2136 1180 2168 εἰκὸς
1204 2136 1229 2163 ἐν
1260 2136 1355 2173 εἰρήνῃ
1378 2136 1471 2174 βαθείᾳ
1494 2137 1662 2175 στρατιώτην
1689 2137 1803 2175 βριαρὸν
1834 2137 1891 2165 ἐπιδ

1062 2180 1206 2217 δείξασθαι,
1229 2180 1255 2208 ἐν
1285 2181 1427 2212 ἱππασίαις
1462 2184 1655 2219 γυμναστικῶς
1682 2184 1743 2212 ταῖς
1779 2192 1810 2210 τε
1840 2181 1890 2209 ἆλ-

1062 2225 1135 2259 λαις,
1161 2226 1206 2252 καὶ
1228 2224 1278 2252 ὅσα
1299 2224 1363 2257 τοὺς
1386 2226 1470 2263 θῆρας
1496 2225 1620 2264 ῥίπτουσι
1644 2225 1709 2257 τοὺς
1731 2224 1888 2264 ὀρειϐάτας,

1061 2270 1124 2302 τοὺς
1147 2269 1312 2308 πελωρίους·
1328 2270 1355 2297 οἳ
1380 2270 1418 2306 μή
1442 2270 1539 2308 συχνοὶ
1563 2270 1707 2302 πίπτοντες
1727 2271 1759 2298 τὸ
1790 2281 1889 2308 παροι-

1061 2315 1193 2351 κούμενον
1217 2315 1402 2352 έρημώσουσι.
1426 2314 1478 2343 Καὶ
1504 2315 1642 2351 θαυμάσας
1665 2314 1763 2351 ἐκεῖνο,
1780 2315 1890 2350 ἀπῆλθε

1061 2361 1145 2396 κῆρυξ
1169 2363 1219 2394 τῆς
1250 2358 1395 2397 βασιλικῆς
1424 2359 1632 2397 κραταιότητος,
1659 2359 1704 2387 καὶ
1735 2359 1810 2388 οὕτω
1839 2361 1889 2395 τὴν

1062 2404 1140 2442 ἰσχὺν
1170 2403 1399 2440 έπολυπλασίασε,
1421 2404 1466 2431 καὶ
1499 2403 1547 2431 τοῦ
1580 2403 1748 2441 περικύκλου
1786 2404 1889 2435 πάντας

1062 2448 1177 2487 ἐχθροὺς
1201 2446 1366 2484 έδειμάτωσε
1399 2448 1532 2484 μαθέντας
1565 2448 1685 2485 εὐμενῶς
1710 2447 1787 2486 ἔχειν
1817 2449 1891 2485 αὐτῷ

185 2486 230 2514 τὸν
251 2487 384 2525 ἡμέτερον
410 2489 603 2528 αὐτοκράτορα.
622 2489 672 2518 Καὶ
694 2491 874 2528 θαυμάσωνται
898 2493 955 2529 μὲν,
973 2492 1042 2531 οῖδα,
1058 2486 1102 2522 καὶ
1122 2495 1205 2521 ταῦτα
1226 2494 1252 2520 οἱ
1271 2492 1297 2529 ἐξ
1322 2492 1449 2530 Ἰσμαηλ,
1464 2493 1513 2527 τὴν
1539 2494 1652 2530 μνήμην
1667 2493 1889 2529 ἀνακινήσαντες.

186 2531 256 2562 Οὐδὲ
270 2535 321 2572 γάρ
335 2533 409 2562 αὐτοὶ
425 2536 535 2568 ἀπαθεῖς
550 2539 640 2564 κακῶν
655 2539 710 2565 τῶν
726 2537 824 2570 ἐκεῖθεν
840 2539 975 2576 γεγόνασι.

222 2589 264 2616 13.
282 2588 455 2618 Miracutum
472 2591 567 2619 adhuc
582 2591 647 2620 istis
664 2592 814 2620 miraculis
843 2593 1008 2622 mirabilius

186 2633 256 2661 mihi
291 2634 476 2663 referendum
507 2639 561 2669 est,
577 2637 647 2672 quia
663 2645 720 2664 non
747 2640 861 2665 tantum
888 2638 1007 2675 regulus

184 2678 241 2706 iste
255 2687 290 2706 ex
306 2679 468 2708 meridiana
483 2680 568 2717 plaga
579 2681 615 2708 ad
631 2690 683 2709 nos
700 2681 836 2717 perrexit,
853 2683 902 2710 scd
919 2683 1006 2710 etiam

184 2723 298 2751 anobis
314 2724 389 2753 alius
406 2733 500 2761 nuper
528 2727 562 2753 ad
587 2725 718 2754 boreales
748 2727 884 2754 Paonum
910 2730 1008 2762 partes

186 2768 333 2803 profectus
359 2772 414 2803 est,
440 2769 571 2805 aqualis,
593 2778 628 2798 ne
653 2770 747 2798 dicam
787 2771 899 2799 latioris
925 2772 1007 2807 prin-

188 2819 255 2847 ceps
273 2814 398 2850 regionis
414 2824 421 2842 ι
440 2817 471 2842 ut
491 2815 546 2850 ipsi
563 2822 644 2850 reges
661 2817 695 2844 ad
713 2825 766 2844 nos
792 2817 911 2845 veniant
939 2825 1007 2845 eum

188 2855 238 2890 qui
254 2858 390 2887 omnibus
402 2859 528 2895 imperat
542 2861 860 2896 conspecturi,etsuam
876 2861 1007 2898 ipsorum

1102 2597 1144 2631 ιγ’.
1162 2596 1256 2630 Θαῦμα
1286 2592 1314 2620 δὲ
1342 2591 1448 2629 μᾶλλον
1479 2593 1571 2624 αὐτοῖς
1600 2592 1643 2620 ἐπὶ
1659 2591 1776 2628 θαύματι
1805 2592 1891 2627 ἔσται,

1063 2637 1105 2665 ὅτι
1135 2638 1165 2666 οὖ
1195 2638 1277 2674 μόνον
1387 2637 1489 2668 ἐκεῖνος
1514 2636 1544 2664 ἐκ
1565 2637 1644 2664 νότου
1659 2638 1824 2676 πεφοίτηκεν
1853 2638 1894 2669 εἷς

1061 2684 1145 2719 ἡμᾶς,
1173 2682 1246 2710 ἀλλὰ
1266 2682 1311 2710 καὶ
1331 2681 1358 2717 ἐξ
1380 2682 1460 2717 ἡμῶν
1487 2678 1602 2719 ἔναγχος
1631 2680 1721 2718 ἔτερος
1753 2684 1812 2712 τοῖς
1843 2682 1893 2719 βο-

1063 2728 1145 2765 ρείοις
1168 2729 1222 2755 τῶν
1247 2726 1368 2755 Παιόνων
1399 2727 1507 2763 μέρεσιν
1541 2725 1679 2761 ἔσταλται,
1703 2725 1779 2753 οὐδὲν
1811 2724 1892 2754 ἐλάτ-

1060 2783 1140 2804 τονος
1159 2775 1212 2811 γῆς
1238 2771 1344 2809 ἅρχων,
1361 2771 1385 2798 εἴ
1407 2771 1445 2807 μή
1468 2770 1513 2798 καὶ
1540 2770 1646 2808 μᾶλλον
1673 2771 1828 2806 ἀπείρονος·
1843 2770 1891 2798 ἵνα

1062 2817 1106 2844 καὶ
1134 2815 1256 2855 βασιλεῖς
1280 2816 1320 2848 ἐφ’
1346 2817 1420 2853 ἡμᾶς
1441 2814 1609 2851 στέλλοιντο,
1634 2815 1679 2843 τὸν
1709 2815 1753 2843 ἐπὶ
1782 2815 1890 2842 πάντων

1063 2861 1193 2899 ὀψόμενοι
1221 2859 1416 2899 αὐτοκράτορα,
1436 2860 1481 2888 καὶ
1511 2860 1542 2888 τὸ
1576 2859 1675 2898 κράτος
1708 2859 1803 2892 αὐτοῖς
1828 2859 1886 2888 lm-
