  <div class='ocr_page' id='page_1' title='image "/cluster/home/n/w/nwhite01/storage/ocr_20150623/135/njp.32101077773107/492.png"; bbox 0 0 2021 3154; ppageno 0'>
   <div class='ocr_carea' id='block_1_1' title="bbox 134 201 191 232">
    <p class='ocr_par' dir='ltr' id='par_1_1' title="bbox 134 201 191 232">
     <span class='ocr_line' id='line_1_1' title="bbox 134 201 191 232; baseline -0.035 0"><span class='ocrx_word' id='word_1_1' title='bbox 134 201 191 232; x_wconf 82' lang='grc'><strong>953</strong></span> 
     </span>
    </p>
   </div>
   <div class='ocr_carea' id='block_1_2' title="bbox 591 198 1382 231">
    <p class='ocr_par' dir='ltr' id='par_1_2' title="bbox 591 198 1382 231">
     <span class='ocr_line' id='line_1_2' title="bbox 591 198 1382 231; baseline 0.003 -2"><span class='ocrx_word' id='word_1_2' title='bbox 591 198 814 229; x_wconf 83' lang='lat' dir='ltr'><strong>ALLOCUTIO</strong></span> <span class='ocrx_word' id='word_1_3' title='bbox 836 198 887 228; x_wconf 90' lang='lat' dir='ltr'><strong>AD</strong></span> <span class='ocrx_word' id='word_1_4' title='bbox 911 198 1128 228; x_wconf 77' lang='lat' dir='ltr'><strong>MANUELEM</strong></span> <span class='ocrx_word' id='word_1_5' title='bbox 1153 199 1382 231; x_wconf 81' lang='lat' dir='ltr'><strong>COMNENUM.</strong></span> 
     </span>
    </p>
   </div>
   <div class='ocr_carea' id='block_1_3' title="bbox 1782 205 1840 235">
    <p class='ocr_par' dir='ltr' id='par_1_3' title="bbox 1782 205 1840 235">
     <span class='ocr_line' id='line_1_3' title="bbox 1782 205 1840 235; baseline 0.017 -1"><span class='ocrx_word' id='word_1_6' title='bbox 1782 205 1840 235; x_wconf 69' lang='lat' dir='ltr'><strong>9M</strong></span> 
     </span>
    </p>
   </div>
   <div class='ocr_carea' id='block_1_4' title="bbox 134 264 969 305">
    <p class='ocr_par' dir='ltr' id='par_1_4' title="bbox 134 264 957 305">
     <span class='ocr_line' id='line_1_4' title="bbox 134 264 957 305; baseline -0.004 -11"><span class='ocrx_word' id='word_1_7' title='bbox 134 265 357 305; x_wconf 76' lang='grc' dir='ltr'>σφραγισόμενοι,</span> <span class='ocrx_word' id='word_1_8' title='bbox 382 265 426 294; x_wconf 82' lang='grc' dir='ltr'><strong>καὶ</strong></span> <span class='ocrx_word' id='word_1_9' title='bbox 454 264 575 302; x_wconf 83' lang='grc' dir='ltr'><strong>βασιλεῖς</strong></span> <span class='ocrx_word' id='word_1_10' title='bbox 603 264 679 297; x_wconf 78' lang='grc' dir='ltr'>αὖθις</span> <span class='ocrx_word' id='word_1_11' title='bbox 705 265 748 304; x_wconf 82' lang='grc' dir='ltr'><strong>ἀφ’</strong></span> <span class='ocrx_word' id='word_1_12' title='bbox 773 265 854 300; x_wconf 79' lang='grc' dir='ltr'>ἡμῶν</span> <span class='ocrx_word' id='word_1_13' title='bbox 879 264 957 300; x_wconf 75' lang='grc' dir='ltr'>θερα-</span> 
     </span>
    </p>
   </div>
   <div class='ocr_carea' id='block_1_5' title="bbox 1019 264 1840 305">
    <p class='ocr_par' dir='ltr' id='par_1_5' title="bbox 1019 264 1840 305">
     <span class='ocr_line' id='line_1_5' title="bbox 1019 264 1840 305; baseline 0.01 -13"><span class='ocrx_word' id='word_1_14' title='bbox 1019 264 1159 293; x_wconf 74' lang='lat' dir='ltr'><strong>firmaturi</strong></span> <span class='ocrx_word' id='word_1_15' title='bbox 1176 267 1348 302; x_wconf 82' lang='lat' dir='ltr'><strong>potentiam,</strong></span> <span class='ocrx_word' id='word_1_16' title='bbox 1365 276 1469 297; x_wconf 89' lang='lat' dir='ltr'><strong>rursus</strong></span> <span class='ocrx_word' id='word_1_17' title='bbox 1491 278 1571 305; x_wconf 79' lang='lat' dir='ltr'><strong>reges</strong></span> <span class='ocrx_word' id='word_1_18' title='bbox 1597 279 1614 298; x_wconf 78' lang='grc' dir='ltr'><strong>δ.</strong></span> <span class='ocrx_word' id='word_1_19' title='bbox 1630 270 1715 299; x_wconf 88' lang='lat' dir='ltr'><strong>nobis</strong></span> <span class='ocrx_word' id='word_1_20' title='bbox 1730 271 1840 299; x_wconf 88' lang='lat' dir='ltr'><strong>consti-</strong></span> 
     </span>
    </p>
   </div>
   <div class='ocr_carea' id='block_1_6' title="bbox 133 307 963 346">
    <p class='ocr_par' dir='ltr' id='par_1_6' title="bbox 133 307 963 346">
     <span class='ocr_line' id='line_1_6' title="bbox 133 307 963 346; baseline -0.004 -8"><span class='ocrx_word' id='word_1_21' title='bbox 133 310 223 338; x_wconf 73' lang='grc' dir='ltr'>πεύειν</span> <span class='ocrx_word' id='word_1_22' title='bbox 240 310 459 346; x_wconf 75' lang='grc' dir='ltr'><strong>ἐπιταττόμενοι·</strong></span> <span class='ocrx_word' id='word_1_23' title='bbox 474 310 512 341; x_wconf 87' lang='grc' dir='ltr'><strong>ὡς</strong></span> <span class='ocrx_word' id='word_1_24' title='bbox 527 309 674 340; x_wconf 75' lang='grc' dir='ltr'>εἶναιτοὺς</span> <span class='ocrx_word' id='word_1_25' title='bbox 693 309 740 345; x_wconf 68' lang='grc' dir='ltr'>μὲν</span> <span class='ocrx_word' id='word_1_26' title='bbox 757 307 859 339; x_wconf 69' lang='grc' dir='ltr'>ἄλλους</span> <span class='ocrx_word' id='word_1_27' title='bbox 873 308 963 346; x_wconf 87' lang='grc' dir='ltr'>ἀρχη-</span> 
     </span>
    </p>
   </div>
   <div class='ocr_carea' id='block_1_7' title="bbox 132 353 964 394">
    <p class='ocr_par' dir='ltr' id='par_1_7' title="bbox 132 353 964 394">
     <span class='ocr_line' id='line_1_7' title="bbox 132 353 964 394; baseline -0.002 -12"><span class='ocrx_word' id='word_1_28' title='bbox 132 355 195 394; x_wconf 76' lang='grc' dir='ltr'>γοὺς</span> <span class='ocrx_word' id='word_1_29' title='bbox 212 355 256 383; x_wconf 66' lang='grc' dir='ltr'><strong>ἐπὶ</strong></span> <span class='ocrx_word' id='word_1_30' title='bbox 273 355 336 386; x_wconf 78' lang='grc' dir='ltr'>τοὺς</span> <span class='ocrx_word' id='word_1_31' title='bbox 354 355 398 382; x_wconf 84' lang='grc' dir='ltr'>ὑπ’</span> <span class='ocrx_word' id='word_1_32' title='bbox 414 353 567 389; x_wconf 77' lang='grc' dir='ltr'>αὐτοῖς,τὸν</span> <span class='ocrx_word' id='word_1_33' title='bbox 582 353 611 381; x_wconf 74' lang='grc' dir='ltr'><strong>δὲ</strong></span> <span class='ocrx_word' id='word_1_34' title='bbox 629 353 762 391; x_wconf 66' lang='grc' dir='ltr'>ἡμέτερον</span> <span class='ocrx_word' id='word_1_35' title='bbox 779 353 964 391; x_wconf 77' lang='grc' dir='ltr'>αὐτοκράτορα</span> 
     </span>
    </p>
   </div>
   <div class='ocr_carea' id='block_1_8' title="bbox 135 396 961 438">
    <p class='ocr_par' dir='ltr' id='par_1_8' title="bbox 135 396 961 438">
     <span class='ocr_line' id='line_1_8' title="bbox 135 396 961 438; baseline -0.002 -11"><span class='ocrx_word' id='word_1_36' title='bbox 135 400 272 438; x_wconf 74' lang='grc' dir='ltr'>βασιλέων</span> <span class='ocrx_word' id='word_1_37' title='bbox 295 398 408 438; x_wconf 73' lang='grc' dir='ltr'>βασιλέα</span> <span class='ocrx_word' id='word_1_38' title='bbox 428 399 473 427; x_wconf 79' lang='grc' dir='ltr'><strong>καὶ</strong></span> <span class='ocrx_word' id='word_1_39' title='bbox 497 396 675 435; x_wconf 75' lang='grc' dir='ltr'>παμϐασιλέα</span> <span class='ocrx_word' id='word_1_40' title='bbox 698 398 739 426; x_wconf 80' lang='grc' dir='ltr'><strong>ἐπ’</strong></span> <span class='ocrx_word' id='word_1_41' title='bbox 756 397 871 429; x_wconf 74' lang='grc' dir='ltr'><strong>ἐκείνους</strong></span> <span class='ocrx_word' id='word_1_42' title='bbox 887 398 901 425; x_wconf 83' lang='grc' dir='ltr'><strong>ὃ</strong></span> <span class='ocrx_word' id='word_1_43' title='bbox 928 396 961 432; x_wconf 80' lang='grc' dir='ltr'><strong>δὴ</strong></span> 
     </span>
    </p>
   </div>
   <div class='ocr_carea' id='block_1_9' title="bbox 133 443 560 482">
    <p class='ocr_par' dir='ltr' id='par_1_9' title="bbox 133 443 560 482">
     <span class='ocr_line' id='line_1_9' title="bbox 133 443 560 482; baseline -0.005 -10"><span class='ocrx_word' id='word_1_44' title='bbox 133 443 260 482; x_wconf 72' lang='grc' dir='ltr'>μέγιστόν</span> <span class='ocrx_word' id='word_1_45' title='bbox 274 454 303 471; x_wconf 93' lang='grc' dir='ltr'><strong>τε</strong></span> <span class='ocrx_word' id='word_1_46' title='bbox 318 443 363 471; x_wconf 70' lang='grc' dir='ltr'><strong>καί</strong></span> <span class='ocrx_word' id='word_1_47' title='bbox 378 443 560 481; x_wconf 82' lang='grc' dir='ltr'>ἐξοχώτατον.</span> 
     </span>
    </p>
   </div>
   <div class='ocr_carea' id='block_1_10' title="bbox 169 486 962 525">
    <p class='ocr_par' dir='ltr' id='par_1_10' title="bbox 169 486 962 525">
     <span class='ocr_line' id='line_1_10' title="bbox 169 486 962 525; baseline -0.003 -9"><span class='ocrx_word' id='word_1_48' title='bbox 169 487 212 518; x_wconf 77' lang='grc' dir='ltr'><strong>ιδ’.</strong></span> <span class='ocrx_word' id='word_1_49' title='bbox 237 488 391 525; x_wconf 76' lang='grc' dir='ltr'>’Λνέμνησα</span> <span class='ocrx_word' id='word_1_50' title='bbox 417 487 446 516; x_wconf 72' lang='grc' dir='ltr'><strong>δὶ</strong></span> <span class='ocrx_word' id='word_1_51' title='bbox 479 488 509 515; x_wconf 76' lang='grc' dir='ltr'><strong>ἅν</strong></span> <span class='ocrx_word' id='word_1_52' title='bbox 534 487 598 520; x_wconf 76' lang='grc' dir='ltr'>τοὺς</span> <span class='ocrx_word' id='word_1_53' title='bbox 622 487 647 523; x_wconf 71' lang='grc' dir='ltr'><strong>ἐξ</strong></span> <span class='ocrx_word' id='word_1_54' title='bbox 672 486 788 524; x_wconf 80' lang='grc' dir='ltr'>Ἰσμαήλ</span> <span class='ocrx_word' id='word_1_55' title='bbox 817 487 962 524; x_wconf 79' lang='grc' dir='ltr'>ἀκροατὰς,</span> 
     </span>
    </p>
   </div>
   <div class='ocr_carea' id='block_1_11' title="bbox 131 529 963 570">
    <p class='ocr_par' dir='ltr' id='par_1_11' title="bbox 131 529 963 570">
     <span class='ocr_line' id='line_1_11' title="bbox 131 529 963 570; baseline -0.004 -9"><span class='ocrx_word' id='word_1_56' title='bbox 131 533 176 561; x_wconf 82' lang='grc' dir='ltr'><strong>καὶ</strong></span> <span class='ocrx_word' id='word_1_57' title='bbox 197 532 278 565; x_wconf 67' lang='grc' dir='ltr'>ὅσους</span> <span class='ocrx_word' id='word_1_58' title='bbox 304 532 412 569; x_wconf 65' lang='grc' dir='ltr'>ἑτέρους</span> <span class='ocrx_word' id='word_1_59' title='bbox 438 532 522 570; x_wconf 75' lang='grc' dir='ltr'><strong>ρἧας</strong></span> <span class='ocrx_word' id='word_1_60' title='bbox 546 531 664 559; x_wconf 74' lang='grc' dir='ltr'><strong>ἐκείνους</strong></span> <span class='ocrx_word' id='word_1_61' title='bbox 689 532 707 566; x_wconf 77' lang='grc' dir='ltr'>ἡ</span> <span class='ocrx_word' id='word_1_62' title='bbox 733 532 792 563; x_wconf 85' lang='grc' dir='ltr'>καθ’</span> <span class='ocrx_word' id='word_1_63' title='bbox 814 532 889 567; x_wconf 80' lang='grc' dir='ltr'>ἡμᾶς</span> <span class='ocrx_word' id='word_1_64' title='bbox 908 529 963 558; x_wconf 79' lang='grc' dir='ltr'>εἶδε</span> 
     </span>
    </p>
   </div>
   <div class='ocr_carea' id='block_1_12' title="bbox 131 574 963 614">
    <p class='ocr_par' dir='ltr' id='par_1_12' title="bbox 131 574 963 614">
     <span class='ocr_line' id='line_1_12' title="bbox 131 574 963 614; baseline -0.005 -8"><span class='ocrx_word' id='word_1_65' title='bbox 131 578 217 610; x_wconf 80' lang='grc' dir='ltr'>πόλις</span> <span class='ocrx_word' id='word_1_66' title='bbox 232 577 312 612; x_wconf 66' lang='grc' dir='ltr'>αὕτη,</span> <span class='ocrx_word' id='word_1_67' title='bbox 328 580 382 604; x_wconf 79' lang='grc' dir='ltr'>τῶν</span> <span class='ocrx_word' id='word_1_68' title='bbox 399 579 453 604; x_wconf 84' lang='grc' dir='ltr'><strong>σῶν</strong></span> <span class='ocrx_word' id='word_1_69' title='bbox 470 577 656 614; x_wconf 76' lang='grc' dir='ltr'>προπεσόντας</span> <span class='ocrx_word' id='word_1_70' title='bbox 672 575 774 610; x_wconf 80' lang='grc' dir='ltr'><strong>ποδῶν,</strong></span> <span class='ocrx_word' id='word_1_71' title='bbox 801 575 822 603; x_wconf 82' lang='grc' dir='ltr'>εἶ</span> <span class='ocrx_word' id='word_1_72' title='bbox 841 576 879 612; x_wconf 78' lang='grc' dir='ltr'>μὴ</span> <span class='ocrx_word' id='word_1_73' title='bbox 895 574 963 613; x_wconf 82' lang='grc' dir='ltr'>πρός</span> 
     </span>
    </p>
   </div>
   <div class='ocr_carea' id='block_1_13' title="bbox 131 619 962 659">
    <p class='ocr_par' dir='ltr' id='par_1_13' title="bbox 131 619 962 659">
     <span class='ocr_line' id='line_1_13' title="bbox 131 619 962 659; baseline -0.004 -9"><span class='ocrx_word' id='word_1_74' title='bbox 131 622 292 657; x_wconf 72' lang='grc' dir='ltr'><strong>ἀλαζονείαν</strong></span> <span class='ocrx_word' id='word_1_75' title='bbox 325 632 385 649; x_wconf 88' lang='grc' dir='ltr'>τινα</span> <span class='ocrx_word' id='word_1_76' title='bbox 410 620 527 658; x_wconf 77' lang='grc' dir='ltr'>ἔμελλον</span> <span class='ocrx_word' id='word_1_77' title='bbox 558 621 635 649; x_wconf 79' lang='grc' dir='ltr'>αὐτοὶ</span> <span class='ocrx_word' id='word_1_78' title='bbox 665 620 858 659; x_wconf 77' lang='grc' dir='ltr'>ἐξογκώσεσθαι</span> <span class='ocrx_word' id='word_1_79' title='bbox 877 643 883 650; x_wconf 88' lang='grc'><strong>,</strong></span> <span class='ocrx_word' id='word_1_80' title='bbox 910 619 962 648; x_wconf 73' lang='grc' dir='ltr'><strong>Ναὶ</strong></span> 
     </span>
    </p>
   </div>
   <div class='ocr_carea' id='block_1_14' title="bbox 130 664 963 705">
    <p class='ocr_par' dir='ltr' id='par_1_14' title="bbox 130 664 963 705">
     <span class='ocr_line' id='line_1_14' title="bbox 130 664 963 705; baseline -0.004 -11"><span class='ocrx_word' id='word_1_81' title='bbox 130 667 181 705; x_wconf 61' lang='grc' dir='ltr'><strong>γὰρ</strong></span> <span class='ocrx_word' id='word_1_82' title='bbox 213 667 239 694; x_wconf 80' lang='lat'><strong>0&quot;.</strong></span> <span class='ocrx_word' id='word_1_83' title='bbox 271 669 324 694; x_wconf 83' lang='grc' dir='ltr'>τῶν</span> <span class='ocrx_word' id='word_1_84' title='bbox 357 667 472 693; x_wconf 79' lang='grc' dir='ltr'>Ὶταλῶν</span> <span class='ocrx_word' id='word_1_85' title='bbox 501 665 621 704; x_wconf 82' lang='grc' dir='ltr'>ἀρχηγοὶ</span> <span class='ocrx_word' id='word_1_86' title='bbox 651 665 771 701; x_wconf 73' lang='grc' dir='ltr'>ἰκεῖνοι,</span> <span class='ocrx_word' id='word_1_87' title='bbox 801 664 853 692; x_wconf 75' lang='grc' dir='ltr'>οὐκ</span> <span class='ocrx_word' id='word_1_88' title='bbox 879 665 963 702; x_wconf 79' lang='grc' dir='ltr'>ἀγαθὰ</span> 
     </span>
    </p>
   </div>
   <div class='ocr_carea' id='block_1_15' title="bbox 130 708 960 751">
    <p class='ocr_par' dir='ltr' id='par_1_15' title="bbox 130 708 960 751">
     <span class='ocr_line' id='line_1_15' title="bbox 130 708 960 751; baseline -0.002 -13"><span class='ocrx_word' id='word_1_89' title='bbox 130 712 328 751; x_wconf 76' lang='grc' dir='ltr'><strong>φρονήσαντες,</strong></span> <span class='ocrx_word' id='word_1_90' title='bbox 355 709 464 748; x_wconf 72' lang='grc' dir='ltr'>μεγάλα</span> <span class='ocrx_word' id='word_1_91' title='bbox 487 713 594 749; x_wconf 79' lang='grc' dir='ltr'>φρονεῖν</span> <span class='ocrx_word' id='word_1_92' title='bbox 622 708 754 737; x_wconf 78' lang='grc' dir='ltr'><strong>δεδώκασι</strong></span> <span class='ocrx_word' id='word_1_93' title='bbox 775 710 834 737; x_wconf 82' lang='grc' dir='ltr'>καθ’</span> <span class='ocrx_word' id='word_1_94' title='bbox 860 709 960 737; x_wconf 71' lang='grc' dir='ltr'>ἑαυτῶν</span> 
     </span>
    </p>
   </div>
   <div class='ocr_carea' id='block_1_16' title="bbox 128 754 963 794">
    <p class='ocr_par' dir='ltr' id='par_1_16' title="bbox 128 754 963 794">
     <span class='ocr_line' id='line_1_16' title="bbox 128 754 963 794; baseline -0.002 -11"><span class='ocrx_word' id='word_1_95' title='bbox 128 755 196 788; x_wconf 74' lang='grc' dir='ltr'>τοὺς</span> <span class='ocrx_word' id='word_1_96' title='bbox 221 754 359 794; x_wconf 77' lang='grc' dir='ltr'>ἐχθρούς·</span> <span class='ocrx_word' id='word_1_97' title='bbox 389 754 427 791; x_wconf 69' lang='grc' dir='ltr'><strong>οἵ,</strong></span> <span class='ocrx_word' id='word_1_98' title='bbox 454 755 537 793; x_wconf 72' lang='grc' dir='ltr'>μέχρι</span> <span class='ocrx_word' id='word_1_99' title='bbox 565 755 612 792; x_wconf 76' lang='grc' dir='ltr'>μὶν</span> <span class='ocrx_word' id='word_1_100' title='bbox 634 755 684 788; x_wconf 80' lang='grc' dir='ltr'>τὴν</span> <span class='ocrx_word' id='word_1_101' title='bbox 709 755 759 789; x_wconf 77' lang='grc' dir='ltr'><strong>σὴν</strong></span> <span class='ocrx_word' id='word_1_102' title='bbox 786 754 860 792; x_wconf 84' lang='grc' dir='ltr'>εἶχον</span> <span class='ocrx_word' id='word_1_103' title='bbox 882 756 963 791; x_wconf 75' lang='grc' dir='ltr'>χεῖρα</span> 
     </span>
    </p>
   </div>
   <div class='ocr_carea' id='block_1_17' title="bbox 129 798 960 840">
    <p class='ocr_par' dir='ltr' id='par_1_17' title="bbox 129 798 960 840">
     <span class='ocr_line' id='line_1_17' title="bbox 129 798 960 840; baseline -0.004 -12"><span class='ocrx_word' id='word_1_104' title='bbox 129 801 389 840; x_wconf 69' lang='grc' dir='ltr'>σανεφαπομὲνην,</span> <span class='ocrx_word' id='word_1_105' title='bbox 420 800 465 827; x_wconf 82' lang='grc' dir='ltr'><strong>καὶ</strong></span> <span class='ocrx_word' id='word_1_106' title='bbox 499 802 558 838; x_wconf 80' lang='grc' dir='ltr'>φῶς</span> <span class='ocrx_word' id='word_1_107' title='bbox 589 799 682 831; x_wconf 74' lang='grc' dir='ltr'>αὐτοῖς</span> <span class='ocrx_word' id='word_1_108' title='bbox 704 798 824 826; x_wconf 72' lang='grc' dir='ltr'>ἐλπίδων</span> <span class='ocrx_word' id='word_1_109' title='bbox 852 798 960 836; x_wconf 79' lang='grc' dir='ltr'>ἀγαθῶν</span> 
     </span>
    </p>
   </div>
   <div class='ocr_carea' id='block_1_18' title="bbox 129 843 962 882">
    <p class='ocr_par' dir='ltr' id='par_1_18' title="bbox 129 843 962 882">
     <span class='ocr_line' id='line_1_18' title="bbox 129 843 962 882; baseline -0.002 -10"><span class='ocrx_word' id='word_1_110' title='bbox 129 845 214 872; x_wconf 81' lang='grc' dir='ltr'>ὁποῖα</span> <span class='ocrx_word' id='word_1_111' title='bbox 246 844 352 872; x_wconf 82' lang='grc' dir='ltr'>στυλῶν</span> <span class='ocrx_word' id='word_1_112' title='bbox 373 845 513 872; x_wconf 75' lang='grc' dir='ltr'><strong>θειοτάτου</strong></span> <span class='ocrx_word' id='word_1_113' title='bbox 530 844 616 882; x_wconf 84' lang='grc' dir='ltr'>πυρὸς</span> <span class='ocrx_word' id='word_1_114' title='bbox 652 843 852 881; x_wconf 74' lang='grc' dir='ltr'>αἱθριάζουσαν,</span> <span class='ocrx_word' id='word_1_115' title='bbox 877 843 921 870; x_wconf 85' lang='grc' dir='ltr'><strong>καὶ</strong></span> <span class='ocrx_word' id='word_1_116' title='bbox 947 843 962 870; x_wconf 83' lang='grc' dir='ltr'>ὁ</span> 
     </span>
    </p>
   </div>
   <div class='ocr_carea' id='block_1_19' title="bbox 131 886 961 928">
    <p class='ocr_par' dir='ltr' id='par_1_19' title="bbox 131 886 961 928">
     <span class='ocr_line' id='line_1_19' title="bbox 131 886 961 928; baseline -0.002 -12"><span class='ocrx_word' id='word_1_117' title='bbox 131 889 179 920; x_wconf 80' lang='grc' dir='ltr'>σὸς</span> <span class='ocrx_word' id='word_1_118' title='bbox 197 886 282 928; x_wconf 79' lang='grc' dir='ltr'>φόϐος</span> <span class='ocrx_word' id='word_1_119' title='bbox 295 891 356 920; x_wconf 90' lang='grc' dir='ltr'>τοῖς</span> <span class='ocrx_word' id='word_1_120' title='bbox 373 888 482 927; x_wconf 75' lang='grc' dir='ltr'><strong>ἐχθροῖς</strong></span> <span class='ocrx_word' id='word_1_121' title='bbox 511 887 640 916; x_wconf 79' lang='grc' dir='ltr'>ἐνεσείετο</span> <span class='ocrx_word' id='word_1_122' title='bbox 665 887 813 925; x_wconf 80' lang='grc' dir='ltr'><strong>ἐπαιγίζων</strong></span> <span class='ocrx_word' id='word_1_123' title='bbox 830 887 868 918; x_wconf 84' lang='grc' dir='ltr'><strong>ὡς</strong></span> <span class='ocrx_word' id='word_1_124' title='bbox 882 887 961 926; x_wconf 74' lang='grc' dir='ltr'>νέφος</span> 
     </span>
    </p>
   </div>
   <div class='ocr_carea' id='block_1_20' title="bbox 130 930 960 970">
    <p class='ocr_par' dir='ltr' id='par_1_20' title="bbox 130 930 960 970">
     <span class='ocr_line' id='line_1_20' title="bbox 130 930 960 970; baseline -0.001 -10"><span class='ocrx_word' id='word_1_125' title='bbox 130 933 177 961; x_wconf 81' lang='grc' dir='ltr'><strong>καὶ</strong></span> <span class='ocrx_word' id='word_1_126' title='bbox 201 933 308 967; x_wconf 79' lang='grc' dir='ltr'><strong>σκότος,</strong></span> <span class='ocrx_word' id='word_1_127' title='bbox 333 935 383 966; x_wconf 80' lang='grc' dir='ltr'><strong>τῆς</strong></span> <span class='ocrx_word' id='word_1_128' title='bbox 411 935 465 960; x_wconf 79' lang='grc' dir='ltr'>τῶν</span> <span class='ocrx_word' id='word_1_129' title='bbox 492 930 647 960; x_wconf 77' lang='grc' dir='ltr'>διωκόντων</span> <span class='ocrx_word' id='word_1_130' title='bbox 672 931 832 970; x_wconf 81' lang='grc' dir='ltr'>ἐπίπροσθεν</span> <span class='ocrx_word' id='word_1_131' title='bbox 854 931 960 968; x_wconf 75' lang='grc' dir='ltr'>τιθέμε-</span> 
     </span>
    </p>
   </div>
   <div class='ocr_carea' id='block_1_21' title="bbox 129 975 959 1015">
    <p class='ocr_par' dir='ltr' id='par_1_21' title="bbox 129 975 959 1015">
     <span class='ocr_line' id='line_1_21' title="bbox 129 975 959 1015; baseline -0.002 -10"><span class='ocrx_word' id='word_1_132' title='bbox 129 988 179 1009; x_wconf 86' lang='grc' dir='ltr'><strong>νος</strong></span> <span class='ocrx_word' id='word_1_133' title='bbox 195 975 295 1015; x_wconf 79' lang='grc' dir='ltr'>ὅψεως,</span> <span class='ocrx_word' id='word_1_134' title='bbox 320 977 422 1015; x_wconf 71' lang='grc' dir='ltr'>ἤγοντο</span> <span class='ocrx_word' id='word_1_135' title='bbox 447 976 590 1014; x_wconf 73' lang='grc' dir='ltr'><strong>ἀνδρικῶς,</strong></span> <span class='ocrx_word' id='word_1_136' title='bbox 615 977 660 1004; x_wconf 82' lang='grc' dir='ltr'>καὶ</span> <span class='ocrx_word' id='word_1_137' title='bbox 677 976 714 1008; x_wconf 63' lang='grc' dir='ltr'>εῗς</span> <span class='ocrx_word' id='word_1_138' title='bbox 729 975 790 1004; x_wconf 77' lang='grc' dir='ltr'>ὁδὸν</span> <span class='ocrx_word' id='word_1_139' title='bbox 807 976 959 1014; x_wconf 76' lang='grc' dir='ltr'>ἐχειραγω-</span> 
     </span>
    </p>
   </div>
   <div class='ocr_carea' id='block_1_22' title="bbox 132 1019 964 1060">
    <p class='ocr_par' dir='ltr' id='par_1_22' title="bbox 132 1019 964 1060">
     <span class='ocr_line' id='line_1_22' title="bbox 132 1019 964 1060; baseline 0 -12"><span class='ocrx_word' id='word_1_140' title='bbox 132 1024 244 1060; x_wconf 80' lang='grc' dir='ltr'>γοῦντο,</span> <span class='ocrx_word' id='word_1_141' title='bbox 267 1021 311 1050; x_wconf 75' lang='grc' dir='ltr'><strong>καί</strong></span> <span class='ocrx_word' id='word_1_142' title='bbox 345 1019 477 1050; x_wconf 69' lang='grc' dir='ltr'>διέϐαινον</span> <span class='ocrx_word' id='word_1_143' title='bbox 500 1020 639 1060; x_wconf 79' lang='grc' dir='ltr'>ἀσφαλῶς.</span> <span class='ocrx_word' id='word_1_144' title='bbox 670 1022 735 1049; x_wconf 80' lang='grc' dir='ltr'>Ὀτε</span> <span class='ocrx_word' id='word_1_145' title='bbox 759 1019 788 1048; x_wconf 71' lang='grc' dir='ltr'><strong>δὲ</strong></span> <span class='ocrx_word' id='word_1_146' title='bbox 813 1020 964 1059; x_wconf 71' lang='grc' dir='ltr'>Θαρρήσαν-</span> 
     </span>
    </p>
   </div>
   <div class='ocr_carea' id='block_1_23' title="bbox 132 1064 964 1104">
    <p class='ocr_par' dir='ltr' id='par_1_23' title="bbox 132 1064 964 1104">
     <span class='ocr_line' id='line_1_23' title="bbox 132 1064 964 1104; baseline -0.002 -10"><span class='ocrx_word' id='word_1_147' title='bbox 132 1077 177 1097; x_wconf 82' lang='grc' dir='ltr'><strong>τες</strong></span> <span class='ocrx_word' id='word_1_148' title='bbox 205 1066 313 1098; x_wconf 65' lang='grc' dir='ltr'>ἑαυτοῖς</span> <span class='ocrx_word' id='word_1_149' title='bbox 337 1066 477 1102; x_wconf 83' lang='grc' dir='ltr'>ἐμόνασαν,</span> <span class='ocrx_word' id='word_1_150' title='bbox 505 1067 548 1094; x_wconf 81' lang='grc' dir='ltr'><strong>καὶ</strong></span> <span class='ocrx_word' id='word_1_151' title='bbox 573 1067 587 1093; x_wconf 88' lang='grc' dir='ltr'>ὁ</span> <span class='ocrx_word' id='word_1_152' title='bbox 610 1068 657 1093; x_wconf 80' lang='grc' dir='ltr'><strong>τοῦ</strong></span> <span class='ocrx_word' id='word_1_153' title='bbox 679 1066 768 1104; x_wconf 75' lang='grc' dir='ltr'>φωτὸς</span> <span class='ocrx_word' id='word_1_154' title='bbox 795 1065 892 1096; x_wconf 76' lang='grc' dir='ltr'>στῦλος</span> <span class='ocrx_word' id='word_1_155' title='bbox 915 1064 964 1093; x_wconf 77' lang='grc' dir='ltr'><strong>οὐκ</strong></span> 
     </span>
    </p>
   </div>
   <div class='ocr_carea' id='block_1_24' title="bbox 133 1109 964 1150">
    <p class='ocr_par' dir='ltr' id='par_1_24' title="bbox 133 1109 964 1150">
     <span class='ocr_line' id='line_1_24' title="bbox 133 1109 964 1150; baseline 0 -13"><span class='ocrx_word' id='word_1_156' title='bbox 133 1111 168 1145; x_wconf 80' lang='grc' dir='ltr'><strong>ἧν</strong></span> <span class='ocrx_word' id='word_1_157' title='bbox 183 1134 190 1145; x_wconf 75' lang='grc'><strong>,</strong></span> <span class='ocrx_word' id='word_1_158' title='bbox 211 1111 257 1138; x_wconf 74' lang='grc' dir='ltr'><strong>καὶ</strong></span> <span class='ocrx_word' id='word_1_159' title='bbox 281 1111 298 1146; x_wconf 77' lang='grc' dir='ltr'>ἡ</span> <span class='ocrx_word' id='word_1_160' title='bbox 322 1110 422 1150; x_wconf 69' lang='grc' dir='ltr'>νεφέλη</span> <span class='ocrx_word' id='word_1_161' title='bbox 455 1111 546 1145; x_wconf 75' lang='grc' dir='ltr'>ἀπῆν,</span> <span class='ocrx_word' id='word_1_162' title='bbox 572 1110 662 1138; x_wconf 72' lang='grc' dir='ltr'>οὐκέτι</span> <span class='ocrx_word' id='word_1_163' title='bbox 691 1109 872 1148; x_wconf 77' lang='grc' dir='ltr'>πορευόμενοι</span> <span class='ocrx_word' id='word_1_164' title='bbox 900 1109 964 1137; x_wconf 77' lang='grc' dir='ltr'><strong>ἐπο-</strong></span> 
     </span>
    </p>
   </div>
   <div class='ocr_carea' id='block_1_25' title="bbox 133 1153 963 1194">
    <p class='ocr_par' dir='ltr' id='par_1_25' title="bbox 133 1153 963 1194">
     <span class='ocr_line' id='line_1_25' title="bbox 133 1153 963 1194; baseline -0.001 -11"><span class='ocrx_word' id='word_1_165' title='bbox 133 1155 258 1194; x_wconf 67' lang='grc' dir='ltr'>ρεύοντο,</span> <span class='ocrx_word' id='word_1_166' title='bbox 274 1155 348 1183; x_wconf 74' lang='grc' dir='ltr'>ἀλλὰ</span> <span class='ocrx_word' id='word_1_167' title='bbox 368 1156 409 1192; x_wconf 80' lang='grc' dir='ltr'><strong>(τὸ</strong></span> <span class='ocrx_word' id='word_1_168' title='bbox 434 1156 496 1191; x_wconf 75' lang='grc' dir='ltr'>ἑξῆς</span> <span class='ocrx_word' id='word_1_169' title='bbox 519 1156 567 1190; x_wconf 79' lang='grc' dir='ltr'>τῆς</span> <span class='ocrx_word' id='word_1_170' title='bbox 593 1153 680 1191; x_wconf 81' lang='grc' dir='ltr'>ᾠδῆς)</span> <span class='ocrx_word' id='word_1_171' title='bbox 705 1153 825 1188; x_wconf 76' lang='grc' dir='ltr'>ἔκλαιον,</span> <span class='ocrx_word' id='word_1_172' title='bbox 851 1155 895 1181; x_wconf 81' lang='grc' dir='ltr'><strong>καὶ</strong></span> <span class='ocrx_word' id='word_1_173' title='bbox 921 1154 963 1191; x_wconf 79' lang='grc' dir='ltr'>(τὸ</span> 
     </span>
    </p>
   </div>
   <div class='ocr_carea' id='block_1_26' title="bbox 133 1198 964 1238">
    <p class='ocr_par' dir='ltr' id='par_1_26' title="bbox 133 1198 964 1238">
     <span class='ocr_line' id='line_1_26' title="bbox 133 1198 964 1238; baseline -0.002 -11"><span class='ocrx_word' id='word_1_174' title='bbox 133 1199 268 1227; x_wconf 69' lang='grc' dir='ltr'>ἀνάπαλιν</span> <span class='ocrx_word' id='word_1_175' title='bbox 284 1203 334 1235; x_wconf 82' lang='grc' dir='ltr'><strong>τῆς</strong></span> <span class='ocrx_word' id='word_1_176' title='bbox 350 1200 436 1236; x_wconf 81' lang='grc' dir='ltr'>ᾠδῆς)</span> <span class='ocrx_word' id='word_1_177' title='bbox 463 1198 630 1238; x_wconf 77' lang='grc' dir='ltr'>βαλλόμενοι</span> <span class='ocrx_word' id='word_1_178' title='bbox 647 1199 774 1235; x_wconf 72' lang='grc' dir='ltr'>πτώμασι</span> <span class='ocrx_word' id='word_1_179' title='bbox 799 1199 964 1234; x_wconf 82' lang='grc' dir='ltr'>κατεστρών-</span> 
     </span>
    </p>
   </div>
   <div class='ocr_carea' id='block_1_27' title="bbox 132 1241 961 1281">
    <p class='ocr_par' dir='ltr' id='par_1_27' title="bbox 132 1241 961 1281">
     <span class='ocr_line' id='line_1_27' title="bbox 132 1241 961 1281; baseline -0.002 -10"><span class='ocrx_word' id='word_1_180' title='bbox 132 1255 234 1280; x_wconf 66' lang='grc' dir='ltr'>νυντο,</span> <span class='ocrx_word' id='word_1_181' title='bbox 258 1244 303 1272; x_wconf 78' lang='grc' dir='ltr'><strong>καὶ</strong></span> <span class='ocrx_word' id='word_1_182' title='bbox 328 1248 378 1279; x_wconf 81' lang='grc' dir='ltr'><strong>τῆς</strong></span> <span class='ocrx_word' id='word_1_183' title='bbox 402 1248 451 1279; x_wconf 82' lang='grc' dir='ltr'>σῆς</span> <span class='ocrx_word' id='word_1_184' title='bbox 479 1241 529 1279; x_wconf 75' lang='grc' dir='ltr'><strong>ἔξω</strong></span> <span class='ocrx_word' id='word_1_185' title='bbox 559 1243 660 1279; x_wconf 65' lang='grc' dir='ltr'>σκέπης</span> <span class='ocrx_word' id='word_1_186' title='bbox 684 1243 834 1280; x_wconf 77' lang='grc' dir='ltr'>γενόηενοι,</span> <span class='ocrx_word' id='word_1_187' title='bbox 861 1242 961 1281; x_wconf 70' lang='grc' dir='ltr'>αἷ⁷οριοι</span> 
     </span>
    </p>
   </div>
   <div class='ocr_carea' id='block_1_28' title="bbox 132 1286 960 1326">
    <p class='ocr_par' dir='ltr' id='par_1_28' title="bbox 132 1286 960 1326">
     <span class='ocr_line' id='line_1_28' title="bbox 132 1286 960 1326; baseline -0.001 -10"><span class='ocrx_word' id='word_1_188' title='bbox 132 1292 190 1320; x_wconf 84' lang='grc' dir='ltr'>τοῖς</span> <span class='ocrx_word' id='word_1_189' title='bbox 214 1291 311 1321; x_wconf 77' lang='grc' dir='ltr'>κακοῖς</span> <span class='ocrx_word' id='word_1_190' title='bbox 332 1288 472 1325; x_wconf 77' lang='grc' dir='ltr'>ἐξέκειντο,</span> <span class='ocrx_word' id='word_1_191' title='bbox 500 1289 543 1316; x_wconf 75' lang='grc' dir='ltr'><strong>καὶ</strong></span> <span class='ocrx_word' id='word_1_192' title='bbox 570 1286 755 1326; x_wconf 74' lang='grc' dir='ltr'>ἐχαλαζοῦντο</span> <span class='ocrx_word' id='word_1_193' title='bbox 770 1290 827 1319; x_wconf 89' lang='grc' dir='ltr'>τοῖς</span> <span class='ocrx_word' id='word_1_194' title='bbox 857 1286 960 1326; x_wconf 65' lang='grc' dir='ltr'><strong>βέλεσι¹</strong></span> 
     </span>
    </p>
   </div>
   <div class='ocr_carea' id='block_1_29' title="bbox 132 1332 961 1371">
    <p class='ocr_par' dir='ltr' id='par_1_29' title="bbox 132 1332 961 1371">
     <span class='ocr_line' id='line_1_29' title="bbox 132 1332 961 1371; baseline -0.001 -11"><span class='ocrx_word' id='word_1_195' title='bbox 132 1333 177 1361; x_wconf 74' lang='grc' dir='ltr'>καὶ</span> <span class='ocrx_word' id='word_1_196' title='bbox 208 1333 320 1370; x_wconf 73' lang='grc' dir='ltr'>χύσεσιν</span> <span class='ocrx_word' id='word_1_197' title='bbox 348 1333 470 1370; x_wconf 71' lang='grc' dir='ltr'>αἱμάτων</span> <span class='ocrx_word' id='word_1_198' title='bbox 505 1332 716 1371; x_wconf 69' lang='grc' dir='ltr'>καταρῥεόμενοι</span> <span class='ocrx_word' id='word_1_199' title='bbox 755 1332 961 1369; x_wconf 79' lang='grc' dir='ltr'>παρεσύραντο,</span> 
     </span>
    </p>
   </div>
   <div class='ocr_carea' id='block_1_30' title="bbox 133 1375 960 1416">
    <p class='ocr_par' dir='ltr' id='par_1_30' title="bbox 133 1375 960 1416">
     <span class='ocr_line' id='line_1_30' title="bbox 133 1375 960 1416; baseline -0.001 -11"><span class='ocrx_word' id='word_1_200' title='bbox 133 1376 262 1416; x_wconf 68' lang='grc' dir='ltr'>περίοδον</span> <span class='ocrx_word' id='word_1_201' title='bbox 287 1388 347 1406; x_wconf 87' lang='grc' dir='ltr'>τινα</span> <span class='ocrx_word' id='word_1_202' title='bbox 376 1376 500 1416; x_wconf 73' lang='grc' dir='ltr'>δυστυχῆ</span> <span class='ocrx_word' id='word_1_203' title='bbox 527 1378 630 1413; x_wconf 77' lang='grc' dir='ltr'>ταύτην</span> <span class='ocrx_word' id='word_1_204' title='bbox 659 1377 708 1405; x_wconf 79' lang='grc' dir='ltr'>οὐκ</span> <span class='ocrx_word' id='word_1_205' title='bbox 736 1376 762 1412; x_wconf 76' lang='grc' dir='ltr'>ἐξ</span> <span class='ocrx_word' id='word_1_206' title='bbox 789 1375 960 1415; x_wconf 71' lang='grc' dir='ltr'>ἀλλοτρίων,</span> 
     </span>
    </p>
   </div>
   <div class='ocr_carea' id='block_1_31' title="bbox 134 1421 959 1460">
    <p class='ocr_par' dir='ltr' id='par_1_31' title="bbox 134 1421 959 1460">
     <span class='ocr_line' id='line_1_31' title="bbox 134 1421 959 1460; baseline -0.001 -11"><span class='ocrx_word' id='word_1_207' title='bbox 134 1422 208 1450; x_wconf 80' lang='grc' dir='ltr'><strong>ἀλλὰ</strong></span> <span class='ocrx_word' id='word_1_208' title='bbox 232 1426 368 1460; x_wconf 81' lang='grc' dir='ltr'>προσγινῆ</span> <span class='ocrx_word' id='word_1_209' title='bbox 385 1421 632 1460; x_wconf 73' lang='grc' dir='ltr'>δυσπραγήσαντες·</span> <span class='ocrx_word' id='word_1_210' title='bbox 649 1422 710 1456; x_wconf 76' lang='grc' dir='ltr'>ἥτις</span> <span class='ocrx_word' id='word_1_211' title='bbox 725 1422 791 1449; x_wconf 72' lang='grc' dir='ltr'>ποτὶ</span> <span class='ocrx_word' id='word_1_212' title='bbox 815 1424 874 1452; x_wconf 87' lang='grc' dir='ltr'>τοῖς</span> <span class='ocrx_word' id='word_1_213' title='bbox 893 1432 959 1459; x_wconf 91' lang='grc' dir='ltr'>προ-</span> 
     </span>
    </p>
   </div>
   <div class='ocr_carea' id='block_1_32' title="bbox 1017 310 1840 348">
    <p class='ocr_par' dir='ltr' id='par_1_32' title="bbox 1017 310 1840 348">
     <span class='ocr_line' id='line_1_32' title="bbox 1017 310 1840 348; baseline 0.01 -12"><span class='ocrx_word' id='word_1_214' title='bbox 1017 310 1129 344; x_wconf 90' lang='lat' dir='ltr'><strong>tuendi,</strong></span> <span class='ocrx_word' id='word_1_215' title='bbox 1160 310 1201 338; x_wconf 88' lang='lat' dir='ltr'><strong>ita</strong></span> <span class='ocrx_word' id='word_1_216' title='bbox 1231 314 1262 339; x_wconf 91' lang='lat' dir='ltr'><strong>ut</strong></span> <span class='ocrx_word' id='word_1_217' title='bbox 1289 312 1339 339; x_wconf 90' lang='lat' dir='ltr'><strong>alii</strong></span> <span class='ocrx_word' id='word_1_218' title='bbox 1369 315 1496 341; x_wconf 82' lang='lat' dir='ltr'><strong>rectores</strong></span> <span class='ocrx_word' id='word_1_219' title='bbox 1527 314 1584 342; x_wconf 92' lang='lat' dir='ltr'><strong>illis</strong></span> <span class='ocrx_word' id='word_1_220' title='bbox 1599 316 1774 348; x_wconf 85' lang='lat' dir='ltr'><strong>subdantur,</strong></span> <span class='ocrx_word' id='word_1_221' title='bbox 1790 315 1840 344; x_wconf 92' lang='lat' dir='ltr'><strong>illo</strong></span> 
     </span>
    </p>
   </div>
   <div class='ocr_carea' id='block_1_33' title="bbox 1017 354 1841 396">
    <p class='ocr_par' dir='ltr' id='par_1_33' title="bbox 1017 354 1841 396">
     <span class='ocr_line' id='line_1_33' title="bbox 1017 354 1841 396; baseline 0.01 -16"><span class='ocrx_word' id='word_1_222' title='bbox 1017 362 1083 381; x_wconf 89' lang='lat' dir='ltr'><strong>vero</strong></span> <span class='ocrx_word' id='word_1_223' title='bbox 1100 354 1269 390; x_wconf 78' lang='lat' dir='ltr'><strong>imperatori</strong></span> <span class='ocrx_word' id='word_1_224' title='bbox 1295 359 1395 384; x_wconf 82' lang='lat' dir='ltr'><strong>nostro</strong></span> <span class='ocrx_word' id='word_1_225' title='bbox 1421 365 1521 394; x_wconf 80' lang='lat' dir='ltr'><strong>regum</strong></span> <span class='ocrx_word' id='word_1_226' title='bbox 1547 358 1618 394; x_wconf 77' lang='lat' dir='ltr'><strong>Regi</strong></span> <span class='ocrx_word' id='word_1_227' title='bbox 1645 360 1841 396; x_wconf 87' lang='lat' dir='ltr'><strong>omnibusque</strong></span> 
     </span>
    </p>
   </div>
   <div class='ocr_carea' id='block_1_34' title="bbox 1017 399 1837 433">
    <p class='ocr_par' dir='ltr' id='par_1_34' title="bbox 1017 399 1837 433">
     <span class='ocr_line' id='line_1_34' title="bbox 1017 399 1837 433; baseline 0.01 -8"><span class='ocrx_word' id='word_1_228' title='bbox 1017 399 1179 426; x_wconf 75' lang='lat' dir='ltr'><strong>dominanti</strong></span> <span class='ocrx_word' id='word_1_229' title='bbox 1197 401 1344 428; x_wconf 81' lang='lat' dir='ltr'><strong>obediant.</strong></span> <span class='ocrx_word' id='word_1_230' title='bbox 1361 401 1442 433; x_wconf 88' lang='lat' dir='ltr'><strong>Quod</strong></span> <span class='ocrx_word' id='word_1_231' title='bbox 1460 402 1618 431; x_wconf 85' lang='lat' dir='ltr'><strong>maximum</strong></span> <span class='ocrx_word' id='word_1_232' title='bbox 1635 407 1664 431; x_wconf 86' lang='lat' dir='ltr'><strong>et</strong></span> <span class='ocrx_word' id='word_1_233' title='bbox 1678 405 1837 432; x_wconf 75' lang='lat' dir='ltr'><strong>admodum</strong></span> 
     </span>
    </p>
   </div>
   <div class='ocr_carea' id='block_1_35' title="bbox 1016 443 1166 471">
    <p class='ocr_par' dir='ltr' id='par_1_35' title="bbox 1016 443 1166 471">
     <span class='ocr_line' id='line_1_35' title="bbox 1016 443 1166 471; baseline 0 0"><span class='ocrx_word' id='word_1_234' title='bbox 1016 443 1166 471; x_wconf 85' lang='lat' dir='ltr'><strong>eximium.</strong></span> 
     </span>
    </p>
   </div>
   <div class='ocr_carea' id='block_1_36' title="bbox 1054 488 1842 528">
    <p class='ocr_par' dir='ltr' id='par_1_36' title="bbox 1054 488 1842 528">
     <span class='ocr_line' id='line_1_36' title="bbox 1054 488 1842 528; baseline 0.008 -13"><span class='ocrx_word' id='word_1_235' title='bbox 1054 488 1177 516; x_wconf 75' lang='lat' dir='ltr'><strong>14.&#39;Jam</strong></span> <span class='ocrx_word' id='word_1_236' title='bbox 1195 489 1223 516; x_wconf 89' lang='lat' dir='ltr'><strong>in</strong></span> <span class='ocrx_word' id='word_1_237' title='bbox 1240 489 1410 518; x_wconf 79' lang='lat' dir='ltr'><strong>memoriam</strong></span> <span class='ocrx_word' id='word_1_238' title='bbox 1434 491 1577 519; x_wconf 77' lang='lat' dir='ltr'><strong>revocabo</strong></span> <span class='ocrx_word' id='word_1_239' title='bbox 1593 494 1664 528; x_wconf 90' lang='lat' dir='ltr'><strong>quot</strong></span> <span class='ocrx_word' id='word_1_240' title='bbox 1678 492 1842 521; x_wconf 84' lang='lat' dir='ltr'><strong>Ismaelitas</strong></span> 
     </span>
    </p>
   </div>
   <div class='ocr_carea' id='block_1_37' title="bbox 1018 533 1842 571">
    <p class='ocr_par' dir='ltr' id='par_1_37' title="bbox 1018 533 1842 571">
     <span class='ocr_line' id='line_1_37' title="bbox 1018 533 1842 571; baseline 0.007 -12"><span class='ocrx_word' id='word_1_241' title='bbox 1018 533 1180 565; x_wconf 82' lang='lat' dir='ltr'><strong>audientes,</strong></span> <span class='ocrx_word' id='word_1_242' title='bbox 1199 536 1269 569; x_wconf 89' lang='lat' dir='ltr'><strong>quot</strong></span> <span class='ocrx_word' id='word_1_243' title='bbox 1294 533 1366 562; x_wconf 85' lang='lat' dir='ltr'><strong>alios</strong></span> <span class='ocrx_word' id='word_1_244' title='bbox 1386 535 1504 571; x_wconf 82' lang='lat' dir='ltr'><strong>regulos</strong></span> <span class='ocrx_word' id='word_1_245' title='bbox 1529 539 1628 564; x_wconf 83' lang='lat' dir='ltr'><strong>nostra</strong></span> <span class='ocrx_word' id='word_1_246' title='bbox 1654 537 1726 565; x_wconf 86' lang='lat' dir='ltr'><strong>vidit</strong></span> <span class='ocrx_word' id='word_1_247' title='bbox 1741 537 1842 566; x_wconf 86' lang='lat' dir='ltr'><strong>civitas</strong></span> 
     </span>
    </p>
   </div>
   <div class='ocr_carea' id='block_1_38' title="bbox 1017 577 1841 617">
    <p class='ocr_par' dir='ltr' id='par_1_38' title="bbox 1017 577 1841 617">
     <span class='ocr_line' id='line_1_38' title="bbox 1017 577 1841 617; baseline 0.008 -14"><span class='ocrx_word' id='word_1_248' title='bbox 1017 577 1051 604; x_wconf 88' lang='lat' dir='ltr'><strong>ad</strong></span> <span class='ocrx_word' id='word_1_249' title='bbox 1069 580 1135 604; x_wconf 87' lang='lat' dir='ltr'><strong>tuos</strong></span> <span class='ocrx_word' id='word_1_250' title='bbox 1152 578 1239 613; x_wconf 80' lang='lat' dir='ltr'><strong>pedes</strong></span> <span class='ocrx_word' id='word_1_251' title='bbox 1255 579 1493 613; x_wconf 87' lang='lat' dir='ltr'><strong>provolutos,nisi</strong></span> <span class='ocrx_word' id='word_1_252' title='bbox 1509 583 1535 608; x_wconf 89' lang='lat' dir='ltr'><strong>et</strong></span> <span class='ocrx_word' id='word_1_253' title='bbox 1549 581 1606 616; x_wconf 84' lang='lat' dir='ltr'><strong>ipsi</strong></span> <span class='ocrx_word' id='word_1_254' title='bbox 1622 582 1748 617; x_wconf 85' lang='lat' dir='ltr'><strong>quadam</strong></span> <span class='ocrx_word' id='word_1_255' title='bbox 1765 581 1841 610; x_wconf 83' lang='lat' dir='ltr'><strong>intu-</strong></span> 
     </span>
    </p>
   </div>
   <div class='ocr_carea' id='block_1_39' title="bbox 1018 623 1840 661">
    <p class='ocr_par' dir='ltr' id='par_1_39' title="bbox 1018 623 1840 661">
     <span class='ocr_line' id='line_1_39' title="bbox 1018 623 1840 661; baseline 0.009 -13"><span class='ocrx_word' id='word_1_256' title='bbox 1018 623 1129 649; x_wconf 88' lang='lat' dir='ltr'><strong>merent</strong></span> <span class='ocrx_word' id='word_1_257' title='bbox 1145 623 1321 657; x_wconf 71' lang='lat' dir='ltr'><strong>arrogantia.</strong></span> <span class='ocrx_word' id='word_1_258' title='bbox 1336 623 1448 651; x_wconf 83' lang='lat' dir='ltr'><strong>Etenim</strong></span> <span class='ocrx_word' id='word_1_259' title='bbox 1466 624 1508 651; x_wconf 89' lang='lat' dir='ltr'><strong>illi</strong></span> <span class='ocrx_word' id='word_1_260' title='bbox 1525 625 1662 653; x_wconf 84' lang='lat' dir='ltr'><strong>Italorum</strong></span> <span class='ocrx_word' id='word_1_261' title='bbox 1679 626 1840 661; x_wconf 88' lang='lat' dir='ltr'><strong>duces,non</strong></span> 
     </span>
    </p>
   </div>
   <div class='ocr_carea' id='block_1_40' title="bbox 1017 665 1842 701">
    <p class='ocr_par' dir='ltr' id='par_1_40' title="bbox 1017 665 1842 701">
     <span class='ocr_line' id='line_1_40' title="bbox 1017 665 1842 701; baseline 0.006 -8"><span class='ocrx_word' id='word_1_262' title='bbox 1017 665 1093 693; x_wconf 86' lang='lat' dir='ltr'><strong>bona</strong></span> <span class='ocrx_word' id='word_1_263' title='bbox 1108 666 1269 701; x_wconf 71' lang='lat' dir='ltr'><strong>cogitantes</strong></span> <span class='ocrx_word' id='word_1_264' title='bbox 1286 675 1350 694; x_wconf 85' lang='lat' dir='ltr'><strong>sese</strong></span> <span class='ocrx_word' id='word_1_265' title='bbox 1373 668 1506 696; x_wconf 85' lang='lat' dir='ltr'><strong>inimicos</strong></span> <span class='ocrx_word' id='word_1_266' title='bbox 1533 669 1639 697; x_wconf 88' lang='lat' dir='ltr'><strong>animis</strong></span> <span class='ocrx_word' id='word_1_267' title='bbox 1655 670 1748 698; x_wconf 85' lang='lat' dir='ltr'><strong>elatos</strong></span> <span class='ocrx_word' id='word_1_268' title='bbox 1763 671 1842 698; x_wconf 86' lang='lat' dir='ltr'><strong>exhi-</strong></span> 
     </span>
    </p>
   </div>
   <div class='ocr_carea' id='block_1_41' title="bbox 1017 710 1842 749">
    <p class='ocr_par' dir='ltr' id='par_1_41' title="bbox 1017 710 1842 749">
     <span class='ocr_line' id='line_1_41' title="bbox 1017 710 1842 749; baseline 0.007 -12"><span class='ocrx_word' id='word_1_269' title='bbox 1017 710 1161 743; x_wconf 88' lang='lat' dir='ltr'><strong>buerunt;</strong></span> <span class='ocrx_word' id='word_1_270' title='bbox 1180 710 1229 746; x_wconf 87' lang='lat' dir='ltr'><strong>qui</strong></span> <span class='ocrx_word' id='word_1_271' title='bbox 1241 711 1370 747; x_wconf 85' lang='lat' dir='ltr'><strong>quandiu</strong></span> <span class='ocrx_word' id='word_1_272' title='bbox 1383 714 1464 740; x_wconf 84' lang='lat' dir='ltr'><strong>tuam</strong></span> <span class='ocrx_word' id='word_1_273' title='bbox 1476 714 1662 749; x_wconf 87' lang='lat' dir='ltr'><strong>conjunctam</strong></span> <span class='ocrx_word' id='word_1_274' title='bbox 1675 714 1842 743; x_wconf 85' lang='lat' dir='ltr'><strong>habuerunt</strong></span> 
     </span>
    </p>
   </div>
   <div class='ocr_carea' id='block_1_42' title="bbox 1016 754 1840 792">
    <p class='ocr_par' dir='ltr' id='par_1_42' title="bbox 1016 754 1840 792">
     <span class='ocr_line' id='line_1_42' title="bbox 1016 754 1840 792; baseline 0.007 -11"><span class='ocrx_word' id='word_1_275' title='bbox 1016 754 1162 782; x_wconf 77' lang='lat' dir='ltr'><strong>dexteram</strong></span> <span class='ocrx_word' id='word_1_276' title='bbox 1179 758 1207 783; x_wconf 88' lang='lat' dir='ltr'><strong>et</strong></span> <span class='ocrx_word' id='word_1_277' title='bbox 1222 755 1316 783; x_wconf 86' lang='lat' dir='ltr'><strong>lucem</strong></span> <span class='ocrx_word' id='word_1_278' title='bbox 1343 757 1405 792; x_wconf 85' lang='lat' dir='ltr'><strong>spei</strong></span> <span class='ocrx_word' id='word_1_279' title='bbox 1430 757 1512 786; x_wconf 81' lang='lat' dir='ltr'><strong>bonae</strong></span> <span class='ocrx_word' id='word_1_280' title='bbox 1537 759 1572 786; x_wconf 87' lang='lat' dir='ltr'><strong>ad</strong></span> <span class='ocrx_word' id='word_1_281' title='bbox 1589 758 1683 786; x_wconf 88' lang='lat' dir='ltr'><strong>instar</strong></span> <span class='ocrx_word' id='word_1_282' title='bbox 1698 759 1840 787; x_wconf 70' lang='lat' dir='ltr'><strong>columns:</strong></span> 
     </span>
    </p>
   </div>
   <div class='ocr_carea' id='block_1_43' title="bbox 1016 799 1842 839">
    <p class='ocr_par' dir='ltr' id='par_1_43' title="bbox 1016 799 1842 839">
     <span class='ocr_line' id='line_1_43' title="bbox 1016 799 1842 839; baseline 0.008 -14"><span class='ocrx_word' id='word_1_283' title='bbox 1016 799 1093 835; x_wconf 83' lang='lat' dir='ltr'><strong>ignis</strong></span> <span class='ocrx_word' id='word_1_284' title='bbox 1116 799 1293 827; x_wconf 87' lang='lat' dir='ltr'><strong>divinissimi</strong></span> <span class='ocrx_word' id='word_1_285' title='bbox 1317 804 1514 838; x_wconf 87' lang='lat' dir='ltr'><strong>screnantem,</strong></span> <span class='ocrx_word' id='word_1_286' title='bbox 1537 805 1693 839; x_wconf 89' lang='lat' dir='ltr'><strong>metusque</strong></span> <span class='ocrx_word' id='word_1_287' title='bbox 1717 803 1759 831; x_wconf 91' lang='lat' dir='ltr'><strong>tui</strong></span> <span class='ocrx_word' id='word_1_288' title='bbox 1783 803 1842 832; x_wconf 88' lang='lat' dir='ltr'><strong>ini-</strong></span> 
     </span>
    </p>
   </div>
   <div class='ocr_carea' id='block_1_44' title="bbox 1017 843 1840 886">
    <p class='ocr_par' dir='ltr' id='par_1_44' title="bbox 1017 843 1840 886">
     <span class='ocr_line' id='line_1_44' title="bbox 1017 843 1840 886; baseline 0.007 -16"><span class='ocrx_word' id='word_1_289' title='bbox 1017 843 1108 871; x_wconf 91' lang='lat' dir='ltr'><strong>micos</strong></span> <span class='ocrx_word' id='word_1_290' title='bbox 1124 845 1281 872; x_wconf 88' lang='lat' dir='ltr'><strong>commovit</strong></span> <span class='ocrx_word' id='word_1_291' title='bbox 1296 845 1411 874; x_wconf 82' lang='lat' dir='ltr'><strong>irruens</strong></span> <span class='ocrx_word' id='word_1_292' title='bbox 1427 849 1580 882; x_wconf 88' lang='lat' dir='ltr'><strong>tanquam,</strong></span> <span class='ocrx_word' id='word_1_293' title='bbox 1597 848 1690 876; x_wconf 86' lang='lat' dir='ltr'><strong>nubes</strong></span> <span class='ocrx_word' id='word_1_294' title='bbox 1705 850 1733 876; x_wconf 85' lang='lat' dir='ltr'><strong>et</strong></span> <span class='ocrx_word' id='word_1_295' title='bbox 1747 848 1840 886; x_wconf 83' lang='lat' dir='ltr'><strong>caligo</strong></span> 
     </span>
    </p>
   </div>
   <div class='ocr_carea' id='block_1_45' title="bbox 1017 888 1842 929">
    <p class='ocr_par' dir='ltr' id='par_1_45' title="bbox 1017 888 1842 929">
     <span class='ocr_line' id='line_1_45' title="bbox 1017 888 1842 929; baseline 0.007 -14"><span class='ocrx_word' id='word_1_296' title='bbox 1017 890 1083 916; x_wconf 88' lang='lat' dir='ltr'><strong>ante</strong></span> <span class='ocrx_word' id='word_1_297' title='bbox 1099 888 1202 917; x_wconf 87' lang='lat' dir='ltr'><strong>faciem</strong></span> <span class='ocrx_word' id='word_1_298' title='bbox 1218 891 1456 925; x_wconf 83' lang='lat' dir='ltr'><strong>persequentium</strong></span> <span class='ocrx_word' id='word_1_299' title='bbox 1474 892 1597 927; x_wconf 82' lang='lat' dir='ltr'><strong>objecta,</strong></span> <span class='ocrx_word' id='word_1_300' title='bbox 1613 893 1726 921; x_wconf 84' lang='lat' dir='ltr'><strong>fortiter</strong></span> <span class='ocrx_word' id='word_1_301' title='bbox 1740 901 1842 929; x_wconf 85' lang='lat' dir='ltr'><strong>proce-</strong></span> 
     </span>
    </p>
   </div>
   <div class='ocr_carea' id='block_1_46' title="bbox 1017 933 1841 973">
    <p class='ocr_par' dir='ltr' id='par_1_46' title="bbox 1017 933 1841 973">
     <span class='ocr_line' id='line_1_46' title="bbox 1017 933 1841 973; baseline 0.006 -13"><span class='ocrx_word' id='word_1_302' title='bbox 1017 933 1136 967; x_wconf 88' lang='lat' dir='ltr'><strong>debant,</strong></span> <span class='ocrx_word' id='word_1_303' title='bbox 1152 936 1181 961; x_wconf 90' lang='lat' dir='ltr'><strong>et</strong></span> <span class='ocrx_word' id='word_1_304' title='bbox 1197 934 1224 961; x_wconf 92' lang='lat' dir='ltr'><strong>in</strong></span> <span class='ocrx_word' id='word_1_305' title='bbox 1242 934 1318 962; x_wconf 85' lang='lat' dir='ltr'><strong>viam</strong></span> <span class='ocrx_word' id='word_1_306' title='bbox 1332 935 1605 971; x_wconf 72' lang='lat' dir='ltr'><strong>introducebantur,</strong></span> <span class='ocrx_word' id='word_1_307' title='bbox 1618 937 1841 973; x_wconf 80' lang='lat' dir='ltr'><strong>transibantque</strong></span> 
     </span>
    </p>
   </div>
   <div class='ocr_carea' id='block_1_47' title="bbox 1014 978 1842 1017">
    <p class='ocr_par' dir='ltr' id='par_1_47' title="bbox 1014 978 1842 1017">
     <span class='ocr_line' id='line_1_47' title="bbox 1014 978 1842 1017; baseline 0.005 -12"><span class='ocrx_word' id='word_1_308' title='bbox 1014 978 1120 1005; x_wconf 89' lang='lat' dir='ltr'><strong>securi.</strong></span> <span class='ocrx_word' id='word_1_309' title='bbox 1137 978 1192 1006; x_wconf 85' lang='lat' dir='ltr'><strong>Sed</strong></span> <span class='ocrx_word' id='word_1_310' title='bbox 1215 979 1332 1014; x_wconf 82' lang='lat' dir='ltr'><strong>quando</strong></span> <span class='ocrx_word' id='word_1_311' title='bbox 1356 980 1550 1017; x_wconf 83' lang='lat' dir='ltr'><strong>sibimetipsis</strong></span> <span class='ocrx_word' id='word_1_312' title='bbox 1577 981 1680 1008; x_wconf 82' lang='lat' dir='ltr'><strong>conﬁsi</strong></span> <span class='ocrx_word' id='word_1_313' title='bbox 1705 981 1760 1009; x_wconf 91' lang='lat' dir='ltr'><strong>soli</strong></span> <span class='ocrx_word' id='word_1_314' title='bbox 1777 981 1842 1009; x_wconf 82' lang='lat' dir='ltr'><strong>fue-</strong></span> 
     </span>
    </p>
   </div>
   <div class='ocr_carea' id='block_1_48' title="bbox 1019 1022 1841 1062">
    <p class='ocr_par' dir='ltr' id='par_1_48' title="bbox 1019 1022 1841 1062">
     <span class='ocr_line' id='line_1_48' title="bbox 1019 1022 1841 1062; baseline 0.005 -13"><span class='ocrx_word' id='word_1_315' title='bbox 1019 1024 1088 1050; x_wconf 89' lang='lat' dir='ltr'><strong>runt</strong></span> <span class='ocrx_word' id='word_1_316' title='bbox 1103 1022 1207 1056; x_wconf 87' lang='lat' dir='ltr'><strong>relicti,</strong></span> <span class='ocrx_word' id='word_1_317' title='bbox 1224 1024 1347 1059; x_wconf 86' lang='lat' dir='ltr'><strong>necjam</strong></span> <span class='ocrx_word' id='word_1_318' title='bbox 1363 1026 1424 1052; x_wconf 89' lang='lat' dir='ltr'><strong>erat</strong></span> <span class='ocrx_word' id='word_1_319' title='bbox 1434 1024 1509 1052; x_wconf 91' lang='lat' dir='ltr'><strong>lucis</strong></span> <span class='ocrx_word' id='word_1_320' title='bbox 1523 1024 1669 1059; x_wconf 81' lang='lat' dir='ltr'><strong>columna,</strong></span> <span class='ocrx_word' id='word_1_321' title='bbox 1682 1025 1841 1062; x_wconf 84' lang='lat' dir='ltr'><strong>aberatque</strong></span> 
     </span>
    </p>
   </div>
   <div class='ocr_carea' id='block_1_49' title="bbox 1019 1067 1841 1106">
    <p class='ocr_par' dir='ltr' id='par_1_49' title="bbox 1019 1067 1841 1106">
     <span class='ocr_line' id='line_1_49' title="bbox 1019 1067 1841 1106; baseline 0.005 -12"><span class='ocrx_word' id='word_1_322' title='bbox 1019 1067 1122 1100; x_wconf 88' lang='lat' dir='ltr'><strong>nubes,</strong></span> <span class='ocrx_word' id='word_1_323' title='bbox 1140 1067 1329 1103; x_wconf 84' lang='lat' dir='ltr'><strong>procedentes</strong></span> <span class='ocrx_word' id='word_1_324' title='bbox 1357 1077 1414 1096; x_wconf 88' lang='lat' dir='ltr'><strong>non</strong></span> <span class='ocrx_word' id='word_1_325' title='bbox 1444 1069 1649 1105; x_wconf 85' lang='lat' dir='ltr'><strong>procedebant,</strong></span> <span class='ocrx_word' id='word_1_326' title='bbox 1672 1070 1722 1098; x_wconf 90' lang='lat' dir='ltr'><strong>sed</strong></span> <span class='ocrx_word' id='word_1_327' title='bbox 1747 1078 1841 1106; x_wconf 85' lang='lat' dir='ltr'><strong>usque</strong></span> 
     </span>
    </p>
   </div>
   <div class='ocr_carea' id='block_1_50' title="bbox 1018 1111 1841 1148">
    <p class='ocr_par' dir='ltr' id='par_1_50' title="bbox 1018 1111 1841 1148">
     <span class='ocr_line' id='line_1_50' title="bbox 1018 1111 1841 1148; baseline 0.005 -9"><span class='ocrx_word' id='word_1_328' title='bbox 1018 1112 1054 1139; x_wconf 86' lang='lat' dir='ltr'><strong>ad</strong></span> <span class='ocrx_word' id='word_1_329' title='bbox 1085 1111 1172 1139; x_wconf 83' lang='lat' dir='ltr'><strong>ﬁnem</strong></span> <span class='ocrx_word' id='word_1_330' title='bbox 1202 1112 1359 1148; x_wconf 81' lang='lat' dir='ltr'><strong>lugebant;</strong></span> <span class='ocrx_word' id='word_1_331' title='bbox 1390 1116 1567 1141; x_wconf 84' lang='lat' dir='ltr'><strong>revertentes</strong></span> <span class='ocrx_word' id='word_1_332' title='bbox 1598 1116 1694 1143; x_wconf 85' lang='lat' dir='ltr'><strong>autem</strong></span> <span class='ocrx_word' id='word_1_333' title='bbox 1721 1115 1841 1143; x_wconf 81' lang='lat' dir='ltr'><strong>casibus</strong></span> 
     </span>
    </p>
   </div>
   <div class='ocr_carea' id='block_1_51' title="bbox 1015 1156 1841 1195">
    <p class='ocr_par' dir='ltr' id='par_1_51' title="bbox 1015 1156 1841 1195">
     <span class='ocr_line' id='line_1_51' title="bbox 1015 1156 1841 1195; baseline 0.005 -12"><span class='ocrx_word' id='word_1_334' title='bbox 1015 1156 1116 1191; x_wconf 83' lang='lat' dir='ltr'><strong>jactati</strong></span> <span class='ocrx_word' id='word_1_335' title='bbox 1130 1157 1223 1184; x_wconf 84' lang='lat' dir='ltr'><strong>eversi</strong></span> <span class='ocrx_word' id='word_1_336' title='bbox 1239 1160 1318 1191; x_wconf 86' lang='lat' dir='ltr'><strong>sunt,</strong></span> <span class='ocrx_word' id='word_1_337' title='bbox 1344 1160 1451 1193; x_wconf 88' lang='lat' dir='ltr'><strong>tuoque</strong></span> <span class='ocrx_word' id='word_1_338' title='bbox 1476 1158 1569 1186; x_wconf 84' lang='lat' dir='ltr'><strong>orbati</strong></span> <span class='ocrx_word' id='word_1_339' title='bbox 1595 1159 1739 1195; x_wconf 66' lang='lat' dir='ltr'><strong>praesidio,</strong></span> <span class='ocrx_word' id='word_1_340' title='bbox 1756 1159 1841 1187; x_wconf 83' lang='lat' dir='ltr'><strong>malis</strong></span> 
     </span>
    </p>
   </div>
   <div class='ocr_carea' id='block_1_52' title="bbox 1014 1201 1841 1240">
    <p class='ocr_par' dir='ltr' id='par_1_52' title="bbox 1014 1201 1841 1240">
     <span class='ocr_line' id='line_1_52' title="bbox 1014 1201 1841 1240; baseline 0.005 -12"><span class='ocrx_word' id='word_1_341' title='bbox 1014 1201 1152 1237; x_wconf 82' lang='lat' dir='ltr'><strong>jacebant</strong></span> <span class='ocrx_word' id='word_1_342' title='bbox 1167 1201 1295 1235; x_wconf 84' lang='lat' dir='ltr'><strong>obnoxii,</strong></span> <span class='ocrx_word' id='word_1_343' title='bbox 1312 1202 1435 1238; x_wconf 85' lang='lat' dir='ltr'><strong>telisque</strong></span> <span class='ocrx_word' id='word_1_344' title='bbox 1452 1203 1535 1238; x_wconf 80' lang='lat' dir='ltr'><strong>quasi</strong></span> <span class='ocrx_word' id='word_1_345' title='bbox 1552 1203 1694 1239; x_wconf 79' lang='lat' dir='ltr'><strong>grandine</strong></span> <span class='ocrx_word' id='word_1_346' title='bbox 1709 1204 1841 1240; x_wconf 84' lang='lat' dir='ltr'><strong>percussi</strong></span> 
     </span>
    </p>
   </div>
   <div class='ocr_carea' id='block_1_53' title="bbox 1017 1245 1840 1284">
    <p class='ocr_par' dir='ltr' id='par_1_53' title="bbox 1017 1245 1840 1284">
     <span class='ocr_line' id='line_1_53' title="bbox 1017 1245 1840 1284; baseline 0.006 -12"><span class='ocrx_word' id='word_1_347' title='bbox 1017 1247 1046 1272; x_wconf 84' lang='lat' dir='ltr'><strong>et</strong></span> <span class='ocrx_word' id='word_1_348' title='bbox 1061 1245 1152 1273; x_wconf 86' lang='lat' dir='ltr'><strong>multo</strong></span> <span class='ocrx_word' id='word_1_349' title='bbox 1178 1245 1297 1281; x_wconf 76' lang='lat' dir='ltr'><strong>profuso</strong></span> <span class='ocrx_word' id='word_1_350' title='bbox 1320 1246 1464 1283; x_wconf 86' lang='lat' dir='ltr'><strong>sanguine</strong></span> <span class='ocrx_word' id='word_1_351' title='bbox 1493 1247 1729 1282; x_wconf 81' lang='lat' dir='ltr'><strong>repellebantur;</strong></span> <span class='ocrx_word' id='word_1_352' title='bbox 1751 1257 1840 1284; x_wconf 88' lang='lat' dir='ltr'><strong>quam</strong></span> 
     </span>
    </p>
   </div>
   <div class='ocr_carea' id='block_1_54' title="bbox 1017 1289 1842 1326">
    <p class='ocr_par' dir='ltr' id='par_1_54' title="bbox 1017 1289 1842 1326">
     <span class='ocr_line' id='line_1_54' title="bbox 1017 1289 1842 1326; baseline 0.006 -10"><span class='ocrx_word' id='word_1_353' title='bbox 1017 1289 1217 1317; x_wconf 83' lang='lat' dir='ltr'><strong>calamitatum</strong></span> <span class='ocrx_word' id='word_1_354' title='bbox 1234 1290 1386 1326; x_wconf 88' lang='lat' dir='ltr'><strong>periodum</strong></span> <span class='ocrx_word' id='word_1_355' title='bbox 1415 1300 1472 1319; x_wconf 92' lang='lat' dir='ltr'><strong>non</strong></span> <span class='ocrx_word' id='word_1_356' title='bbox 1489 1291 1525 1319; x_wconf 88' lang='lat' dir='ltr'><strong>ab</strong></span> <span class='ocrx_word' id='word_1_357' title='bbox 1549 1291 1664 1325; x_wconf 89' lang='lat' dir='ltr'><strong>alienis,</strong></span> <span class='ocrx_word' id='word_1_358' title='bbox 1680 1292 1730 1320; x_wconf 91' lang='lat' dir='ltr'><strong>sed</strong></span> <span class='ocrx_word' id='word_1_359' title='bbox 1747 1301 1764 1320; x_wconf 84' lang='lat' dir='ltr'><strong>a</strong></span> <span class='ocrx_word' id='word_1_360' title='bbox 1779 1293 1842 1321; x_wconf 87' lang='lat' dir='ltr'><strong>suis</strong></span> 
     </span>
    </p>
   </div>
   <div class='ocr_carea' id='block_1_55' title="bbox 1017 1334 1843 1371">
    <p class='ocr_par' dir='ltr' id='par_1_55' title="bbox 1017 1334 1843 1371">
     <span class='ocr_line' id='line_1_55' title="bbox 1017 1334 1843 1371; baseline 0.004 -10"><span class='ocrx_word' id='word_1_361' title='bbox 1017 1334 1096 1370; x_wconf 87' lang='lat' dir='ltr'><strong>passi</strong></span> <span class='ocrx_word' id='word_1_362' title='bbox 1113 1336 1194 1369; x_wconf 91' lang='lat' dir='ltr'><strong>sunt,</strong></span> <span class='ocrx_word' id='word_1_363' title='bbox 1220 1343 1276 1362; x_wconf 89' lang='lat' dir='ltr'><strong>non</strong></span> <span class='ocrx_word' id='word_1_364' title='bbox 1301 1343 1386 1362; x_wconf 88' lang='lat' dir='ltr'><strong>secus</strong></span> <span class='ocrx_word' id='word_1_365' title='bbox 1414 1343 1446 1363; x_wconf 86' lang='lat' dir='ltr'><strong>ac</strong></span> <span class='ocrx_word' id='word_1_366' title='bbox 1473 1335 1541 1363; x_wconf 88' lang='lat' dir='ltr'><strong>olim</strong></span> <span class='ocrx_word' id='word_1_367' title='bbox 1567 1336 1682 1371; x_wconf 83' lang='lat' dir='ltr'><strong>proavis</strong></span> <span class='ocrx_word' id='word_1_368' title='bbox 1697 1336 1843 1364; x_wconf 88' lang='lat' dir='ltr'><strong>acciderat</strong></span> 
     </span>
    </p>
   </div>
   <div class='ocr_carea' id='block_1_56' title="bbox 1017 1378 1841 1417">
    <p class='ocr_par' dir='ltr' id='par_1_56' title="bbox 1017 1378 1841 1417">
     <span class='ocr_line' id='line_1_56' title="bbox 1017 1378 1841 1417; baseline 0.006 -12"><span class='ocrx_word' id='word_1_369' title='bbox 1017 1378 1107 1412; x_wconf 84' lang='lat' dir='ltr'><strong>Italis,</strong></span> <span class='ocrx_word' id='word_1_370' title='bbox 1137 1380 1251 1414; x_wconf 78' lang='lat' dir='ltr'><strong>quando</strong></span> <span class='ocrx_word' id='word_1_371' title='bbox 1278 1383 1359 1407; x_wconf 63' lang='lat' dir='ltr'><strong>terra:</strong></span> <span class='ocrx_word' id='word_1_372' title='bbox 1387 1379 1586 1408; x_wconf 82' lang='lat' dir='ltr'><strong>Romanorum</strong></span> <span class='ocrx_word' id='word_1_373' title='bbox 1613 1381 1712 1414; x_wconf 83' lang='lat' dir='ltr'><strong>robur,</strong></span> <span class='ocrx_word' id='word_1_374' title='bbox 1738 1389 1841 1417; x_wconf 86' lang='lat' dir='ltr'><strong>regum</strong></span> 
     </span>
    </p>
   </div>
   <div class='ocr_carea' id='block_1_57' title="bbox 1017 1423 1821 1461">
    <p class='ocr_par' dir='ltr' id='par_1_57' title="bbox 1017 1423 1821 1461">
     <span class='ocr_line' id='line_1_57' title="bbox 1017 1423 1821 1461; baseline 0.006 -12"><span class='ocrx_word' id='word_1_375' title='bbox 1017 1423 1204 1457; x_wconf 79' lang='lat' dir='ltr'><strong>miraculum,</strong></span> <span class='ocrx_word' id='word_1_376' title='bbox 1221 1424 1371 1452; x_wconf 88' lang='lat' dir='ltr'><strong>accinctus</strong></span> <span class='ocrx_word' id='word_1_377' title='bbox 1386 1427 1432 1453; x_wconf 88' lang='lat' dir='ltr'><strong>est</strong></span> <span class='ocrx_word' id='word_1_378' title='bbox 1446 1425 1536 1452; x_wconf 81' lang='lat' dir='ltr'><strong>armis</strong></span> <span class='ocrx_word' id='word_1_379' title='bbox 1554 1433 1678 1461; x_wconf 81' lang='lat' dir='ltr'><strong>magnus</strong></span> <span class='ocrx_word' id='word_1_380' title='bbox 1693 1425 1821 1454; x_wconf 88' lang='lat' dir='ltr'><strong>Alexius.</strong></span> 
     </span>
    </p>
   </div>
   <div class='ocr_carea' id='block_1_58' title="bbox 133 1465 1842 1507">
    <p class='ocr_par' dir='ltr' id='par_1_58' title="bbox 133 1465 1842 1507">
     <span class='ocr_line' id='line_1_58' title="bbox 133 1465 1842 1507; baseline 0.002 -13"><span class='ocrx_word' id='word_1_381' title='bbox 133 1466 226 1504; x_wconf 87' lang='grc' dir='ltr'>γόνοις</span> <span class='ocrx_word' id='word_1_382' title='bbox 251 1467 366 1498; x_wconf 84' lang='grc' dir='ltr'>Ἰταλοῖς</span> <span class='ocrx_word' id='word_1_383' title='bbox 396 1468 537 1494; x_wconf 72' lang='grc' dir='ltr'>συνέπεσεν</span> <span class='ocrx_word' id='word_1_384' title='bbox 565 1466 609 1494; x_wconf 77' lang='grc' dir='ltr'><strong>ὅτε</strong></span> <span class='ocrx_word' id='word_1_385' title='bbox 636 1466 667 1494; x_wconf 80' lang='grc' dir='ltr'>τὸ</span> <span class='ocrx_word' id='word_1_386' title='bbox 689 1466 787 1505; x_wconf 85' lang='grc' dir='ltr'>κράτος</span> <span class='ocrx_word' id='word_1_387' title='bbox 815 1470 864 1500; x_wconf 88' lang='grc' dir='ltr'><strong>τῆς</strong></span> <span class='ocrx_word' id='word_1_388' title='bbox 890 1465 1032 1502; x_wconf 80' lang='grc' dir='ltr'>Ῥωμαίων</span> <span class='ocrx_word' id='word_1_389' title='bbox 1058 1465 1190 1500; x_wconf 82' lang='grc' dir='ltr'>ἐζώννυτο</span> <span class='ocrx_word' id='word_1_390' title='bbox 1216 1468 1267 1504; x_wconf 75' lang='grc' dir='ltr'><strong>γῆς</strong></span> <span class='ocrx_word' id='word_1_391' title='bbox 1296 1467 1327 1494; x_wconf 81' lang='grc' dir='ltr'><strong>τὸ</strong></span> <span class='ocrx_word' id='word_1_392' title='bbox 1357 1468 1445 1504; x_wconf 78' lang='grc' dir='ltr'>Θαῦμα</span> <span class='ocrx_word' id='word_1_393' title='bbox 1473 1471 1525 1495; x_wconf 83' lang='grc' dir='ltr'>τῶν</span> <span class='ocrx_word' id='word_1_394' title='bbox 1557 1468 1732 1506; x_wconf 75' lang='grc' dir='ltr'>βασιλέων,ὁ</span> <span class='ocrx_word' id='word_1_395' title='bbox 1757 1469 1842 1507; x_wconf 70' lang='grc' dir='ltr'>μέγας</span> 
     </span>
    </p>
   </div>
   <div class='ocr_carea' id='block_1_59' title="bbox 131 1511 269 1546">
    <p class='ocr_par' dir='ltr' id='par_1_59' title="bbox 131 1511 269 1546">
     <span class='ocr_line' id='line_1_59' title="bbox 131 1511 269 1546; baseline 0 -6"><span class='ocrx_word' id='word_1_396' title='bbox 131 1511 269 1546; x_wconf 71' lang='grc' dir='ltr'><strong>Ἀλὲξιος.</strong></span> 
     </span>
    </p>
   </div>
   <div class='ocr_carea' id='block_1_60' title="bbox 171 1563 961 1603">
    <p class='ocr_par' dir='ltr' id='par_1_60' title="bbox 171 1563 961 1603">
     <span class='ocr_line' id='line_1_60' title="bbox 171 1563 961 1603; baseline -0.001 -11"><span class='ocrx_word' id='word_1_397' title='bbox 171 1566 211 1594; x_wconf 85' lang='grc' dir='ltr'><strong>ιε’.</strong></span> <span class='ocrx_word' id='word_1_398' title='bbox 230 1564 318 1594; x_wconf 84' lang='grc' dir='ltr'>Ἀλλᾶ</span> <span class='ocrx_word' id='word_1_399' title='bbox 332 1565 358 1593; x_wconf 89' lang='grc' dir='ltr'><strong>τί</strong></span> <span class='ocrx_word' id='word_1_400' title='bbox 381 1576 427 1602; x_wconf 89' lang='grc' dir='ltr'><strong>μοι</strong></span> <span class='ocrx_word' id='word_1_401' title='bbox 447 1565 516 1603; x_wconf 85' lang='grc' dir='ltr'>πρὸς</span> <span class='ocrx_word' id='word_1_402' title='bbox 539 1565 570 1592; x_wconf 84' lang='grc' dir='ltr'>τὸ</span> <span class='ocrx_word' id='word_1_403' title='bbox 589 1566 638 1592; x_wconf 79' lang='grc' dir='ltr'><strong>τοῦ</strong></span> <span class='ocrx_word' id='word_1_404' title='bbox 663 1563 788 1600; x_wconf 78' lang='grc' dir='ltr'>Ἀλεξίου</span> <span class='ocrx_word' id='word_1_405' title='bbox 805 1563 890 1601; x_wconf 78' lang='grc' dir='ltr'>ὄνομα</span> <span class='ocrx_word' id='word_1_406' title='bbox 913 1563 961 1595; x_wconf 84' lang='grc' dir='ltr'><strong>τὰς</strong></span> 
     </span>
    </p>
   </div>
   <div class='ocr_carea' id='block_1_61' title="bbox 1053 1565 1839 1601">
    <p class='ocr_par' dir='ltr' id='par_1_61' title="bbox 1053 1565 1839 1601">
     <span class='ocr_line' id='line_1_61' title="bbox 1053 1565 1839 1601; baseline 0.004 -9"><span class='ocrx_word' id='word_1_407' title='bbox 1053 1565 1096 1592; x_wconf 83' lang='grc'><strong>15.</strong></span> <span class='ocrx_word' id='word_1_408' title='bbox 1114 1565 1169 1593; x_wconf 88' lang='lat' dir='ltr'><strong>Sed</strong></span> <span class='ocrx_word' id='word_1_409' title='bbox 1193 1566 1260 1601; x_wconf 88' lang='lat' dir='ltr'><strong>quid</strong></span> <span class='ocrx_word' id='word_1_410' title='bbox 1290 1566 1362 1594; x_wconf 87' lang='lat' dir='ltr'><strong>mihi</strong></span> <span class='ocrx_word' id='word_1_411' title='bbox 1385 1566 1421 1594; x_wconf 82' lang='lat' dir='ltr'><strong>ad</strong></span> <span class='ocrx_word' id='word_1_412' title='bbox 1450 1566 1529 1594; x_wconf 85' lang='lat' dir='ltr'><strong>istud</strong></span> <span class='ocrx_word' id='word_1_413' title='bbox 1557 1567 1648 1594; x_wconf 78' lang='lat' dir='ltr'><strong>Alexii</strong></span> <span class='ocrx_word' id='word_1_414' title='bbox 1664 1574 1771 1595; x_wconf 88' lang='lat' dir='ltr'><strong>nomen</strong></span> <span class='ocrx_word' id='word_1_415' title='bbox 1785 1575 1839 1595; x_wconf 85' lang='lat' dir='ltr'><strong>au-</strong></span> 
     </span>
    </p>
   </div>
   <div class='ocr_carea' id='block_1_62' title="bbox 135 1607 969 1652">
    <p class='ocr_par' dir='ltr' id='par_1_62' title="bbox 135 1607 960 1648">
     <span class='ocr_line' id='line_1_62' title="bbox 135 1607 960 1648; baseline -0.002 -11"><span class='ocrx_word' id='word_1_416' title='bbox 135 1610 218 1641; x_wconf 72' lang='grc' dir='ltr'>ἂκοὰς</span> <span class='ocrx_word' id='word_1_417' title='bbox 257 1607 457 1647; x_wconf 78' lang='grc' dir='ltr'>παραϐάλλεις,</span> <span class='ocrx_word' id='word_1_418' title='bbox 495 1608 517 1636; x_wconf 85' lang='grc' dir='ltr'><strong>ὦ</strong></span> <span class='ocrx_word' id='word_1_419' title='bbox 552 1609 692 1648; x_wconf 72' lang='grc' dir='ltr'>πορφύρας</span> <span class='ocrx_word' id='word_1_420' title='bbox 733 1608 843 1646; x_wconf 77' lang='grc' dir='ltr'>βλαστὶ,</span> <span class='ocrx_word' id='word_1_421' title='bbox 873 1608 960 1644; x_wconf 80' lang='grc' dir='ltr'>ὀξεῖαν</span> 
     </span>
    </p>
   </div>
   <div class='ocr_carea' id='block_1_63' title="bbox 1019 1607 1838 1652">
    <p class='ocr_par' dir='ltr' id='par_1_63' title="bbox 1019 1610 1838 1647">
     <span class='ocr_line' id='line_1_63' title="bbox 1019 1610 1838 1647; baseline 0.004 -10"><span class='ocrx_word' id='word_1_422' title='bbox 1019 1618 1063 1637; x_wconf 87' lang='lat' dir='ltr'><strong>res</strong></span> <span class='ocrx_word' id='word_1_423' title='bbox 1079 1610 1230 1646; x_wconf 78' lang='lat' dir='ltr'><strong>patefacis,</strong></span> <span class='ocrx_word' id='word_1_424' title='bbox 1247 1610 1286 1637; x_wconf 84' lang='lat' dir='ltr'><strong>fili</strong></span> <span class='ocrx_word' id='word_1_425' title='bbox 1315 1619 1462 1646; x_wconf 62' lang='lat' dir='ltr'><strong>purpurae,</strong></span> <span class='ocrx_word' id='word_1_426' title='bbox 1475 1613 1617 1638; x_wconf 73' lang='lat' dir='ltr'><strong>arrectum</strong></span> <span class='ocrx_word' id='word_1_427' title='bbox 1635 1612 1766 1647; x_wconf 76' lang='lat' dir='ltr'><strong>prmbens</strong></span> <span class='ocrx_word' id='word_1_428' title='bbox 1785 1619 1838 1640; x_wconf 85' lang='lat' dir='ltr'><strong>au-</strong></span> 
     </span>
    </p>
   </div>
   <div class='ocr_carea' id='block_1_64' title="bbox 134 1652 960 1693">
    <p class='ocr_par' dir='ltr' id='par_1_64' title="bbox 134 1652 960 1693">
     <span class='ocr_line' id='line_1_64' title="bbox 134 1652 960 1693; baseline -0.004 -11"><span class='ocrx_word' id='word_1_429' title='bbox 134 1655 219 1689; x_wconf 82' lang='grc' dir='ltr'>ἆκοήν</span> <span class='ocrx_word' id='word_1_430' title='bbox 247 1655 361 1682; x_wconf 74' lang='grc' dir='ltr'>ἀνω-τῶν</span> <span class='ocrx_word' id='word_1_431' title='bbox 388 1655 457 1693; x_wconf 84' lang='grc' dir='ltr'>πρὸς</span> <span class='ocrx_word' id='word_1_432' title='bbox 485 1654 534 1688; x_wconf 86' lang='grc' dir='ltr'><strong>τήν</strong></span> <span class='ocrx_word' id='word_1_433' title='bbox 561 1652 704 1691; x_wconf 79' lang='grc' dir='ltr'>βασιλικὴν</span> <span class='ocrx_word' id='word_1_434' title='bbox 734 1653 835 1688; x_wconf 82' lang='grc' dir='ltr'>ταύτην</span> <span class='ocrx_word' id='word_1_435' title='bbox 856 1653 960 1692; x_wconf 73' lang='grc' dir='ltr'>φωνὴν,</span> 
     </span>
    </p>
   </div>
   <div class='ocr_carea' id='block_1_65' title="bbox 135 1697 961 1737">
    <p class='ocr_par' dir='ltr' id='par_1_65' title="bbox 135 1697 961 1737">
     <span class='ocr_line' id='line_1_65' title="bbox 135 1697 961 1737; baseline -0.002 -11"><span class='ocrx_word' id='word_1_436' title='bbox 135 1700 177 1726; x_wconf 83' lang='grc' dir='ltr'><strong>καὶ</strong></span> <span class='ocrx_word' id='word_1_437' title='bbox 203 1701 244 1735; x_wconf 83' lang='grc' dir='ltr'>τῷ</span> <span class='ocrx_word' id='word_1_438' title='bbox 269 1699 404 1737; x_wconf 82' lang='grc' dir='ltr'>γνωρίμῳ</span> <span class='ocrx_word' id='word_1_439' title='bbox 428 1698 532 1736; x_wconf 78' lang='grc' dir='ltr'>χαίρων</span> <span class='ocrx_word' id='word_1_440' title='bbox 556 1699 606 1733; x_wconf 79' lang='grc' dir='ltr'><strong>τῆς</strong></span> <span class='ocrx_word' id='word_1_441' title='bbox 629 1697 772 1732; x_wconf 70' lang='grc' dir='ltr'>κλήσειυςς</span> <span class='ocrx_word' id='word_1_442' title='bbox 806 1699 889 1735; x_wconf 81' lang='grc' dir='ltr'>Χαῖρε</span> <span class='ocrx_word' id='word_1_443' title='bbox 914 1697 961 1734; x_wconf 71' lang='grc' dir='ltr'>μὲν</span> 
     </span>
    </p>
   </div>
   <div class='ocr_carea' id='block_1_66' title="bbox 134 1741 962 1780">
    <p class='ocr_par' dir='ltr' id='par_1_66' title="bbox 134 1741 962 1780">
     <span class='ocr_line' id='line_1_66' title="bbox 134 1741 962 1780; baseline -0.002 -9"><span class='ocrx_word' id='word_1_444' title='bbox 134 1745 179 1771; x_wconf 79' lang='grc' dir='ltr'>καὶ</span> <span class='ocrx_word' id='word_1_445' title='bbox 200 1743 292 1780; x_wconf 72' lang='grc' dir='ltr'>τούτῳ</span> <span class='ocrx_word' id='word_1_446' title='bbox 314 1745 353 1780; x_wconf 86' lang='grc' dir='ltr'>τῷ</span> <span class='ocrx_word' id='word_1_447' title='bbox 375 1754 405 1770; x_wconf 74' lang='grc' dir='ltr'><strong>τε</strong></span> <span class='ocrx_word' id='word_1_448' title='bbox 428 1743 542 1780; x_wconf 83' lang='grc' dir='ltr'>ὀνόματι</span> <span class='ocrx_word' id='word_1_449' title='bbox 563 1745 604 1779; x_wconf 84' lang='grc' dir='ltr'>τῷ</span> <span class='ocrx_word' id='word_1_450' title='bbox 625 1753 654 1769; x_wconf 82' lang='grc' dir='ltr'><strong>τε</strong></span> <span class='ocrx_word' id='word_1_451' title='bbox 668 1743 820 1780; x_wconf 77' lang='grc' dir='ltr'>πράγματι,</span> <span class='ocrx_word' id='word_1_452' title='bbox 849 1742 894 1769; x_wconf 86' lang='grc' dir='ltr'><strong>καὶ</strong></span> <span class='ocrx_word' id='word_1_453' title='bbox 923 1741 962 1772; x_wconf 73' lang='grc' dir='ltr'>εἲς</span> 
     </span>
    </p>
   </div>
   <div class='ocr_carea' id='block_1_67' title="bbox 135 1784 961 1825">
    <p class='ocr_par' dir='ltr' id='par_1_67' title="bbox 135 1784 961 1825">
     <span class='ocr_line' id='line_1_67' title="bbox 135 1784 961 1825; baseline -0.002 -9"><span class='ocrx_word' id='word_1_454' title='bbox 135 1788 274 1824; x_wconf 82' lang='grc' dir='ltr'>παππῴαν</span> <span class='ocrx_word' id='word_1_455' title='bbox 297 1788 450 1825; x_wconf 67' lang='grc' dir='ltr'>ὁμοιῦτητα</span> <span class='ocrx_word' id='word_1_456' title='bbox 475 1787 584 1815; x_wconf 79' lang='grc' dir='ltr'>σεαυτὸν</span> <span class='ocrx_word' id='word_1_457' title='bbox 616 1784 772 1821; x_wconf 75' lang='grc' dir='ltr'>ἀναϐίϐαζε·</span> <span class='ocrx_word' id='word_1_458' title='bbox 797 1787 828 1814; x_wconf 84' lang='grc' dir='ltr'><strong>τὸ</strong></span> <span class='ocrx_word' id='word_1_459' title='bbox 845 1785 872 1814; x_wconf 69' lang='grc' dir='ltr'><strong>δὲ</strong></span> <span class='ocrx_word' id='word_1_460' title='bbox 899 1789 961 1822; x_wconf 77' lang='grc' dir='ltr'>πᾶν,</span> 
     </span>
    </p>
   </div>
   <div class='ocr_carea' id='block_1_68' title="bbox 133 1830 963 1870">
    <p class='ocr_par' dir='ltr' id='par_1_68' title="bbox 133 1830 963 1870">
     <span class='ocr_line' id='line_1_68' title="bbox 133 1830 963 1870; baseline -0.002 -10"><span class='ocrx_word' id='word_1_461' title='bbox 133 1832 300 1869; x_wconf 67' lang='grc' dir='ltr'>ἆξεικονίζου</span> <span class='ocrx_word' id='word_1_462' title='bbox 329 1832 397 1869; x_wconf 85' lang='grc' dir='ltr'>πρὸς</span> <span class='ocrx_word' id='word_1_463' title='bbox 421 1832 468 1863; x_wconf 68' lang='grc' dir='ltr'><strong>τὰς</strong></span> <span class='ocrx_word' id='word_1_464' title='bbox 494 1834 542 1859; x_wconf 69' lang='grc' dir='ltr'><strong>τοῦ</strong></span> <span class='ocrx_word' id='word_1_465' title='bbox 570 1830 704 1870; x_wconf 71' lang='grc' dir='ltr'>βασιλέως</span> <span class='ocrx_word' id='word_1_466' title='bbox 727 1832 829 1870; x_wconf 83' lang='grc' dir='ltr'>πατρὸς</span> <span class='ocrx_word' id='word_1_467' title='bbox 857 1832 963 1869; x_wconf 86' lang='grc' dir='ltr'>ἀρετάς.</span> 
     </span>
    </p>
   </div>
   <div class='ocr_carea' id='block_1_69' title="bbox 135 1875 961 1914">
    <p class='ocr_par' dir='ltr' id='par_1_69' title="bbox 135 1875 961 1914">
     <span class='ocr_line' id='line_1_69' title="bbox 135 1875 961 1914; baseline -0.002 -9"><span class='ocrx_word' id='word_1_468' title='bbox 135 1877 241 1908; x_wconf 82' lang='grc' dir='ltr'>Γλυκὺς</span> <span class='ocrx_word' id='word_1_469' title='bbox 267 1878 281 1904; x_wconf 80' lang='grc' dir='ltr'><strong>ὁ</strong></span> <span class='ocrx_word' id='word_1_470' title='bbox 309 1877 391 1914; x_wconf 64' lang='grc' dir='ltr'>μέγας</span> <span class='ocrx_word' id='word_1_471' title='bbox 415 1877 516 1908; x_wconf 72' lang='grc' dir='ltr'>ἐκεῖνος</span> <span class='ocrx_word' id='word_1_472' title='bbox 537 1875 669 1911; x_wconf 75' lang='grc' dir='ltr'>Ἀλίξιος,</span> <span class='ocrx_word' id='word_1_473' title='bbox 695 1877 739 1904; x_wconf 84' lang='grc' dir='ltr'><strong>καὶ</strong></span> <span class='ocrx_word' id='word_1_474' title='bbox 767 1875 853 1911; x_wconf 83' lang='grc' dir='ltr'>ζήλου</span> <span class='ocrx_word' id='word_1_475' title='bbox 878 1875 961 1911; x_wconf 78' lang='grc' dir='ltr'>ἄξιος.</span> 
     </span>
    </p>
   </div>
   <div class='ocr_carea' id='block_1_70' title="bbox 134 1920 962 1959">
    <p class='ocr_par' dir='ltr' id='par_1_70' title="bbox 134 1920 962 1959">
     <span class='ocr_line' id='line_1_70' title="bbox 134 1920 962 1959; baseline -0.001 -10"><span class='ocrx_word' id='word_1_476' title='bbox 134 1921 261 1959; x_wconf 75' lang='grc' dir='ltr'>Χαρίτων</span> <span class='ocrx_word' id='word_1_477' title='bbox 277 1921 389 1958; x_wconf 80' lang='grc' dir='ltr'>πλήρης</span> <span class='ocrx_word' id='word_1_478' title='bbox 404 1922 418 1948; x_wconf 85' lang='grc' dir='ltr'>ὁ</span> <span class='ocrx_word' id='word_1_479' title='bbox 435 1920 561 1957; x_wconf 78' lang='grc' dir='ltr'>ἀοίδιμος</span> <span class='ocrx_word' id='word_1_480' title='bbox 578 1923 698 1956; x_wconf 71' lang='grc' dir='ltr'>πάππος,</span> <span class='ocrx_word' id='word_1_481' title='bbox 723 1921 737 1948; x_wconf 85' lang='grc' dir='ltr'>ὁ</span> <span class='ocrx_word' id='word_1_482' title='bbox 766 1921 792 1948; x_wconf 75' lang='grc' dir='ltr'>ἐν</span> <span class='ocrx_word' id='word_1_483' title='bbox 823 1920 962 1959; x_wconf 77' lang='grc' dir='ltr'>βασιλεῦσι</span> 
     </span>
    </p>
   </div>
   <div class='ocr_carea' id='block_1_71' title="bbox 135 1965 962 2004">
    <p class='ocr_par' dir='ltr' id='par_1_71' title="bbox 135 1965 962 2004">
     <span class='ocr_line' id='line_1_71' title="bbox 135 1965 962 2004; baseline -0.001 -10"><span class='ocrx_word' id='word_1_484' title='bbox 135 1966 315 2004; x_wconf 77' lang='grc' dir='ltr'>περίκλυτος,</span> <span class='ocrx_word' id='word_1_485' title='bbox 344 1967 387 1993; x_wconf 83' lang='grc' dir='ltr'><strong>καὶ</strong></span> <span class='ocrx_word' id='word_1_486' title='bbox 418 1967 458 1996; x_wconf 81' lang='grc' dir='ltr'>οἷς</span> <span class='ocrx_word' id='word_1_487' title='bbox 484 1965 632 2000; x_wconf 68' lang='grc' dir='ltr'>ζηλοῦσθαι</span> <span class='ocrx_word' id='word_1_488' title='bbox 657 1968 714 1996; x_wconf 82' lang='grc' dir='ltr'>τοῖς</span> <span class='ocrx_word' id='word_1_489' title='bbox 737 1965 846 1993; x_wconf 67' lang='grc' dir='ltr'>θέλουσι</span> <span class='ocrx_word' id='word_1_490' title='bbox 862 1965 962 1993; x_wconf 67' lang='grc' dir='ltr'>τυποῖ)-</span> 
     </span>
    </p>
   </div>
   <div class='ocr_carea' id='block_1_72' title="bbox 136 2009 963 2050">
    <p class='ocr_par' dir='ltr' id='par_1_72' title="bbox 136 2009 963 2050">
     <span class='ocr_line' id='line_1_72' title="bbox 136 2009 963 2050; baseline -0.002 -10"><span class='ocrx_word' id='word_1_491' title='bbox 136 2013 195 2040; x_wconf 76' lang='grc' dir='ltr'><strong>σθαι</strong></span> <span class='ocrx_word' id='word_1_492' title='bbox 221 2012 290 2049; x_wconf 80' lang='grc' dir='ltr'>πρὸς</span> <span class='ocrx_word' id='word_1_493' title='bbox 318 2011 458 2050; x_wconf 82' lang='grc' dir='ltr'>βασιλείας</span> <span class='ocrx_word' id='word_1_494' title='bbox 474 2009 622 2049; x_wconf 78' lang='grc' dir='ltr'>ἀκρίϐειαν,</span> <span class='ocrx_word' id='word_1_495' title='bbox 640 2009 720 2039; x_wconf 83' lang='grc' dir='ltr'>Ἀλλ’</span> <span class='ocrx_word' id='word_1_496' title='bbox 748 2011 761 2038; x_wconf 87' lang='grc' dir='ltr'><strong>ὀ</strong></span> <span class='ocrx_word' id='word_1_497' title='bbox 789 2011 879 2048; x_wconf 73' lang='grc' dir='ltr'>πατὴρ</span> <span class='ocrx_word' id='word_1_498' title='bbox 895 2010 963 2048; x_wconf 78' lang='grc' dir='ltr'>ἅκρα</span> 
     </span>
    </p>
   </div>
   <div class='ocr_carea' id='block_1_73' title="bbox 135 2055 963 2095">
    <p class='ocr_par' dir='ltr' id='par_1_73' title="bbox 135 2055 963 2095">
     <span class='ocr_line' id='line_1_73' title="bbox 135 2055 963 2095; baseline -0.002 -11"><span class='ocrx_word' id='word_1_499' title='bbox 135 2057 275 2095; x_wconf 70' lang='grc' dir='ltr'>γλυκύτης</span> <span class='ocrx_word' id='word_1_500' title='bbox 295 2056 376 2094; x_wconf 78' lang='grc' dir='ltr'>χάρις</span> <span class='ocrx_word' id='word_1_501' title='bbox 405 2056 588 2094; x_wconf 75' lang='grc' dir='ltr'>αὐτόχρημα.</span> <span class='ocrx_word' id='word_1_502' title='bbox 614 2056 643 2082; x_wconf 90' lang='grc' dir='ltr'>Τί</span> <span class='ocrx_word' id='word_1_503' title='bbox 667 2057 731 2093; x_wconf 76' lang='grc' dir='ltr'>γοῦν</span> <span class='ocrx_word' id='word_1_504' title='bbox 764 2065 805 2083; x_wconf 87' lang='grc' dir='ltr'><strong>σοι</strong></span> <span class='ocrx_word' id='word_1_505' title='bbox 830 2055 874 2082; x_wconf 84' lang='grc' dir='ltr'><strong>καὶ</strong></span> <span class='ocrx_word' id='word_1_506' title='bbox 899 2055 963 2082; x_wconf 83' lang='grc' dir='ltr'>ἀνα-</span> 
     </span>
    </p>
   </div>
   <div class='ocr_carea' id='block_1_74' title="bbox 134 2098 962 2141">
    <p class='ocr_par' dir='ltr' id='par_1_74' title="bbox 134 2098 962 2141">
     <span class='ocr_line' id='line_1_74' title="bbox 134 2098 962 2141; baseline -0.004 -12"><span class='ocrx_word' id='word_1_507' title='bbox 134 2102 244 2141; x_wconf 68' lang='grc' dir='ltr'>τρέχειν</span> <span class='ocrx_word' id='word_1_508' title='bbox 263 2101 302 2132; x_wconf 79' lang='grc' dir='ltr'><strong>εἷς</strong></span> <span class='ocrx_word' id='word_1_509' title='bbox 315 2101 348 2129; x_wconf 83' lang='grc' dir='ltr'><strong>τὰ</strong></span> <span class='ocrx_word' id='word_1_510' title='bbox 363 2101 476 2135; x_wconf 77' lang='grc' dir='ltr'>παλαιὰ,</span> <span class='ocrx_word' id='word_1_511' title='bbox 501 2098 563 2128; x_wconf 70' lang='grc' dir='ltr'>ἔνθα</span> <span class='ocrx_word' id='word_1_512' title='bbox 587 2101 654 2139; x_wconf 78' lang='grc' dir='ltr'>πρὸς</span> <span class='ocrx_word' id='word_1_513' title='bbox 675 2101 792 2136; x_wconf 81' lang='grc' dir='ltr'>μίμησιν</span> <span class='ocrx_word' id='word_1_514' title='bbox 807 2100 838 2127; x_wconf 86' lang='grc' dir='ltr'>τὸ</span> <span class='ocrx_word' id='word_1_515' title='bbox 861 2099 962 2127; x_wconf 79' lang='grc' dir='ltr'>νεώτα-</span> 
     </span>
    </p>
   </div>
   <div class='ocr_carea' id='block_1_75' title="bbox 133 2144 963 2183">
    <p class='ocr_par' dir='ltr' id='par_1_75' title="bbox 133 2144 963 2183">
     <span class='ocr_line' id='line_1_75' title="bbox 133 2144 963 2183; baseline -0.004 -9"><span class='ocrx_word' id='word_1_516' title='bbox 133 2157 179 2174; x_wconf 86' lang='grc' dir='ltr'><strong>τον</strong></span> <span class='ocrx_word' id='word_1_517' title='bbox 218 2146 319 2183; x_wconf 82' lang='grc' dir='ltr'>ἀγαθὸν</span> <span class='ocrx_word' id='word_1_518' title='bbox 351 2144 479 2183; x_wconf 71' lang='grc' dir='ltr'>αὔταρκες</span> <span class='ocrx_word' id='word_1_519' title='bbox 513 2145 558 2172; x_wconf 86' lang='grc' dir='ltr'><strong>καὶ</strong></span> <span class='ocrx_word' id='word_1_520' title='bbox 579 2144 819 2182; x_wconf 80' lang='grc' dir='ltr'>πολυσύγκρατον,</span> <span class='ocrx_word' id='word_1_521' title='bbox 850 2144 963 2176; x_wconf 75' lang='grc' dir='ltr'>ἐκείνοις</span> 
     </span>
    </p>
   </div>
   <div class='ocr_carea' id='block_1_76' title="bbox 134 2189 964 2226">
    <p class='ocr_par' dir='ltr' id='par_1_76' title="bbox 134 2189 964 2226">
     <span class='ocr_line' id='line_1_76' title="bbox 134 2189 964 2226; baseline -0.004 -7"><span class='ocrx_word' id='word_1_522' title='bbox 134 2203 163 2220; x_wconf 84' lang='grc' dir='ltr'><strong>τε</strong></span> <span class='ocrx_word' id='word_1_523' title='bbox 188 2190 292 2218; x_wconf 83' lang='grc' dir='ltr'>θάλλον</span> <span class='ocrx_word' id='word_1_524' title='bbox 318 2193 376 2221; x_wconf 80' lang='grc' dir='ltr'>τοῖς</span> <span class='ocrx_word' id='word_1_525' title='bbox 402 2190 431 2218; x_wconf 76' lang='grc' dir='ltr'>ὲκ</span> <span class='ocrx_word' id='word_1_526' title='bbox 463 2190 585 2226; x_wconf 74' lang='grc' dir='ltr'>πατέρων</span> <span class='ocrx_word' id='word_1_527' title='bbox 613 2190 663 2216; x_wconf 75' lang='grc' dir='ltr'>ὅσα</span> <span class='ocrx_word' id='word_1_528' title='bbox 691 2190 735 2216; x_wconf 86' lang='grc' dir='ltr'>καὶ</span> <span class='ocrx_word' id='word_1_529' title='bbox 764 2189 964 2225; x_wconf 85' lang='grc' dir='ltr'>κληρονομίαις</span> 
     </span>
    </p>
   </div>
   <div class='ocr_carea' id='block_1_77' title="bbox 135 2232 963 2272">
    <p class='ocr_par' dir='ltr' id='par_1_77' title="bbox 135 2232 963 2272">
     <span class='ocr_line' id='line_1_77' title="bbox 135 2232 963 2272; baseline -0.005 -8"><span class='ocrx_word' id='word_1_530' title='bbox 135 2235 247 2269; x_wconf 72' lang='grc' dir='ltr'>καλαῖς,</span> <span class='ocrx_word' id='word_1_531' title='bbox 275 2234 530 2272; x_wconf 81' lang='grc' dir='ltr'>προσεπιπλουτοῢν</span> <span class='ocrx_word' id='word_1_532' title='bbox 557 2233 586 2262; x_wconf 73' lang='grc' dir='ltr'><strong>δὲ</strong></span> <span class='ocrx_word' id='word_1_533' title='bbox 600 2234 644 2261; x_wconf 83' lang='grc' dir='ltr'><strong>καὶ</strong></span> <span class='ocrx_word' id='word_1_534' title='bbox 669 2233 702 2261; x_wconf 68' lang='grc' dir='ltr'>τὰ</span> <span class='ocrx_word' id='word_1_535' title='bbox 724 2233 852 2268; x_wconf 66' lang='lat' dir='ltr'><strong>oi’xooev;</strong></span> <span class='ocrx_word' id='word_1_536' title='bbox 878 2232 963 2262; x_wconf 78' lang='grc' dir='ltr'>Ἀλλὰ</span> 
     </span>
    </p>
   </div>
   <div class='ocr_carea' id='block_1_78' title="bbox 135 2277 962 2317">
    <p class='ocr_par' dir='ltr' id='par_1_78' title="bbox 135 2277 962 2317">
     <span class='ocr_line' id='line_1_78' title="bbox 135 2277 962 2317; baseline -0.001 -9"><span class='ocrx_word' id='word_1_537' title='bbox 135 2281 205 2317; x_wconf 85' lang='grc' dir='ltr'>πρὸς</span> <span class='ocrx_word' id='word_1_538' title='bbox 225 2281 254 2307; x_wconf 71' lang='grc' dir='ltr'><strong>σὲ</strong></span> <span class='ocrx_word' id='word_1_539' title='bbox 281 2280 341 2316; x_wconf 79' lang='grc' dir='ltr'>μὶν,</span> <span class='ocrx_word' id='word_1_540' title='bbox 368 2280 390 2306; x_wconf 87' lang='grc' dir='ltr'>ὧ</span> <span class='ocrx_word' id='word_1_541' title='bbox 412 2279 552 2317; x_wconf 75' lang='grc' dir='ltr'>πορφύρας</span> <span class='ocrx_word' id='word_1_542' title='bbox 582 2277 717 2316; x_wconf 76' lang='grc' dir='ltr'>αὕγασμα,</span> <span class='ocrx_word' id='word_1_543' title='bbox 741 2277 842 2313; x_wconf 70' lang='grc' dir='ltr'>ἴδιάζον</span> <span class='ocrx_word' id='word_1_544' title='bbox 868 2277 962 2307; x_wconf 70' lang='grc' dir='ltr'>αὐτίκα</span> 
     </span>
    </p>
   </div>
   <div class='ocr_carea' id='block_1_79' title="bbox 138 2322 963 2362">
    <p class='ocr_par' dir='ltr' id='par_1_79' title="bbox 138 2322 963 2362">
     <span class='ocr_line' id='line_1_79' title="bbox 138 2322 963 2362; baseline -0.002 -10"><span class='ocrx_word' id='word_1_545' title='bbox 138 2325 214 2362; x_wconf 73' lang='grc' dir='ltr'>μάλα</span> <span class='ocrx_word' id='word_1_546' title='bbox 236 2322 310 2352; x_wconf 65' lang='grc' dir='ltr'>ἔσται</span> <span class='ocrx_word' id='word_1_547' title='bbox 328 2335 375 2360; x_wconf 89' lang='grc' dir='ltr'><strong>μοι</strong></span> <span class='ocrx_word' id='word_1_548' title='bbox 389 2324 420 2351; x_wconf 90' lang='grc' dir='ltr'>τὸ</span> <span class='ocrx_word' id='word_1_549' title='bbox 436 2323 635 2362; x_wconf 80' lang='grc' dir='ltr'>προσφώνημα.</span> <span class='ocrx_word' id='word_1_550' title='bbox 657 2323 750 2350; x_wconf 70' lang='grc' dir='ltr'>Οὐκέτι</span> <span class='ocrx_word' id='word_1_551' title='bbox 761 2324 812 2361; x_wconf 78' lang='grc' dir='ltr'>γάρ</span> <span class='ocrx_word' id='word_1_552' title='bbox 829 2333 858 2350; x_wconf 88' lang='grc' dir='ltr'>σε</span> <span class='ocrx_word' id='word_1_553' title='bbox 871 2323 902 2351; x_wconf 87' lang='grc' dir='ltr'>τὸ</span> <span class='ocrx_word' id='word_1_554' title='bbox 914 2325 963 2350; x_wconf 79' lang='grc' dir='ltr'>τοῦ</span> 
     </span>
    </p>
   </div>
   <div class='ocr_carea' id='block_1_80' title="bbox 137 2366 813 2406">
    <p class='ocr_par' dir='ltr' id='par_1_80' title="bbox 137 2366 813 2406">
     <span class='ocr_line' id='line_1_80' title="bbox 137 2366 813 2406; baseline -0.004 -8"><span class='ocrx_word' id='word_1_555' title='bbox 137 2372 203 2398; x_wconf 74' lang='grc' dir='ltr'><strong>Θεοῦ</strong></span> <span class='ocrx_word' id='word_1_556' title='bbox 222 2370 289 2406; x_wconf 72' lang='grc' dir='ltr'>μέγα</span> <span class='ocrx_word' id='word_1_557' title='bbox 305 2366 384 2406; x_wconf 78' lang='grc' dir='ltr'>ἔργον</span> <span class='ocrx_word' id='word_1_558' title='bbox 399 2368 425 2396; x_wconf 82' lang='grc' dir='ltr'>ἐν</span> <span class='ocrx_word' id='word_1_559' title='bbox 441 2369 568 2406; x_wconf 69' lang='grc' dir='ltr'>παρέργῳ</span> <span class='ocrx_word' id='word_1_560' title='bbox 584 2368 667 2406; x_wconf 80' lang='grc' dir='ltr'>λόγου</span> <span class='ocrx_word' id='word_1_561' title='bbox 683 2369 813 2404; x_wconf 78' lang='grc' dir='ltr'>θήσομαι.</span> 
     </span>
    </p>
   </div>
   <div class='ocr_carea' id='block_1_81' title="bbox 173 2420 962 2461">
    <p class='ocr_par' dir='ltr' id='par_1_81' title="bbox 173 2420 962 2461">
     <span class='ocr_line' id='line_1_81' title="bbox 173 2420 962 2461; baseline -0.004 -9"><span class='ocrx_word' id='word_1_562' title='bbox 173 2425 217 2457; x_wconf 87' lang='grc' dir='ltr'><strong>ις’.</strong></span> <span class='ocrx_word' id='word_1_563' title='bbox 232 2423 305 2461; x_wconf 84' lang='grc' dir='ltr'><strong>Ἐγὼ</strong></span> <span class='ocrx_word' id='word_1_564' title='bbox 321 2421 360 2457; x_wconf 77' lang='grc' dir='ltr'>δὶ,</span> <span class='ocrx_word' id='word_1_565' title='bbox 377 2421 443 2461; x_wconf 79' lang='grc' dir='ltr'>ὅπερ</span> <span class='ocrx_word' id='word_1_566' title='bbox 458 2421 562 2460; x_wconf 75' lang='grc' dir='ltr'>ἔλεγον,</span> <span class='ocrx_word' id='word_1_567' title='bbox 587 2421 636 2449; x_wconf 86' lang='grc' dir='ltr'>οὐκ</span> <span class='ocrx_word' id='word_1_568' title='bbox 659 2421 690 2449; x_wconf 77' lang='grc' dir='ltr'><strong>ἃν</strong></span> <span class='ocrx_word' id='word_1_569' title='bbox 713 2423 771 2453; x_wconf 85' lang='grc' dir='ltr'>τοῖς</span> <span class='ocrx_word' id='word_1_570' title='bbox 794 2421 819 2457; x_wconf 75' lang='grc' dir='ltr'><strong>ἐξ</strong></span> <span class='ocrx_word' id='word_1_571' title='bbox 845 2420 962 2458; x_wconf 81' lang='grc' dir='ltr'>Ἰσμαήλ</span> 
     </span>
    </p>
   </div>
   <div class='ocr_carea' id='block_1_82' title="bbox 136 2463 962 2505">
    <p class='ocr_par' dir='ltr' id='par_1_82' title="bbox 136 2463 962 2505">
     <span class='ocr_line' id='line_1_82' title="bbox 136 2463 962 2505; baseline -0.005 -8"><span class='ocrx_word' id='word_1_572' title='bbox 136 2469 225 2497; x_wconf 76' lang='grc' dir='ltr'>ἐκεῖνα</span> <span class='ocrx_word' id='word_1_573' title='bbox 240 2467 278 2499; x_wconf 83' lang='grc' dir='ltr'><strong>είς</strong></span> <span class='ocrx_word' id='word_1_574' title='bbox 295 2467 380 2502; x_wconf 80' lang='grc' dir='ltr'>ἀκοὴν</span> <span class='ocrx_word' id='word_1_575' title='bbox 408 2467 490 2494; x_wconf 85' lang='grc' dir='ltr'>ὠτίου</span> <span class='ocrx_word' id='word_1_576' title='bbox 510 2466 653 2505; x_wconf 83' lang='grc' dir='ltr'>ἀγάγοιμι,</span> <span class='ocrx_word' id='word_1_577' title='bbox 679 2463 892 2502; x_wconf 77' lang='grc' dir='ltr'>εὐλαϐούμενος,</span> <span class='ocrx_word' id='word_1_578' title='bbox 923 2466 962 2502; x_wconf 82' lang='grc' dir='ltr'>μὴ</span> 
     </span>
    </p>
   </div>
   <div class='ocr_carea' id='block_1_83' title="bbox 135 2509 962 2551">
    <p class='ocr_par' dir='ltr' id='par_1_83' title="bbox 135 2509 962 2551">
     <span class='ocr_line' id='line_1_83' title="bbox 135 2509 962 2551; baseline -0.004 -9"><span class='ocrx_word' id='word_1_579' title='bbox 135 2514 183 2542; x_wconf 83' lang='grc' dir='ltr'><strong>καὶ</strong></span> <span class='ocrx_word' id='word_1_580' title='bbox 226 2513 275 2544; x_wconf 82' lang='grc' dir='ltr'><strong>τὰς</strong></span> <span class='ocrx_word' id='word_1_581' title='bbox 315 2513 398 2551; x_wconf 76' lang='grc' dir='ltr'>ὀφρῦς</span> <span class='ocrx_word' id='word_1_582' title='bbox 429 2511 470 2539; x_wconf 69' lang='grc' dir='ltr'><strong>ἐπ’</strong></span> <span class='ocrx_word' id='word_1_583' title='bbox 504 2511 617 2543; x_wconf 70' lang='grc' dir='ltr'>ἐκείνοις</span> <span class='ocrx_word' id='word_1_584' title='bbox 661 2510 818 2548; x_wconf 85' lang='grc' dir='ltr'>μετεωρίσω</span> <span class='ocrx_word' id='word_1_585' title='bbox 860 2509 962 2542; x_wconf 78' lang='grc' dir='ltr'>αὐτοῖς.</span> 
     </span>
    </p>
   </div>
   <div class='ocr_carea' id='block_1_84' title="bbox 136 2555 962 2595">
    <p class='ocr_par' dir='ltr' id='par_1_84' title="bbox 136 2555 962 2595">
     <span class='ocr_line' id='line_1_84' title="bbox 136 2555 962 2595; baseline -0.005 -9"><span class='ocrx_word' id='word_1_586' title='bbox 136 2558 302 2595; x_wconf 81' lang='grc' dir='ltr'>Ἀναμνήσω</span> <span class='ocrx_word' id='word_1_587' title='bbox 331 2555 377 2591; x_wconf 71' lang='grc' dir='ltr'>δὶ,</span> <span class='ocrx_word' id='word_1_588' title='bbox 404 2556 478 2588; x_wconf 82' lang='grc' dir='ltr'>ὅπως</span> <span class='ocrx_word' id='word_1_589' title='bbox 520 2557 534 2584; x_wconf 81' lang='grc' dir='ltr'>ὁ</span> <span class='ocrx_word' id='word_1_590' title='bbox 563 2556 626 2594; x_wconf 84' lang='grc' dir='ltr'>παρ’</span> <span class='ocrx_word' id='word_1_591' title='bbox 656 2555 748 2588; x_wconf 76' lang='grc' dir='ltr'>αὐτοῖς</span> <span class='ocrx_word' id='word_1_592' title='bbox 778 2556 846 2593; x_wconf 78' lang='grc' dir='ltr'>μέγα</span> <span class='ocrx_word' id='word_1_593' title='bbox 874 2555 962 2594; x_wconf 71' lang='grc' dir='ltr'>φέρων</span> 
     </span>
    </p>
   </div>
   <div class='ocr_carea' id='block_1_85' title="bbox 135 2599 961 2639">
    <p class='ocr_par' dir='ltr' id='par_1_85' title="bbox 135 2599 961 2639">
     <span class='ocr_line' id='line_1_85' title="bbox 135 2599 961 2639; baseline -0.005 -9"><span class='ocrx_word' id='word_1_594' title='bbox 135 2601 226 2639; x_wconf 69' lang='grc' dir='ltr'>ὄνομα</span> <span class='ocrx_word' id='word_1_595' title='bbox 248 2602 279 2629; x_wconf 80' lang='grc' dir='ltr'>τὸ</span> <span class='ocrx_word' id='word_1_596' title='bbox 304 2601 480 2629; x_wconf 77' lang='grc' dir='ltr'>σουλτανικὸν</span> <span class='ocrx_word' id='word_1_597' title='bbox 504 2599 577 2637; x_wconf 81' lang='grc' dir='ltr'>(δότε</span> <span class='ocrx_word' id='word_1_598' title='bbox 599 2601 651 2638; x_wconf 82' lang='grc' dir='ltr'><strong>γάρ</strong></span> <span class='ocrx_word' id='word_1_599' title='bbox 673 2611 720 2636; x_wconf 90' lang='grc' dir='ltr'><strong>μοι</strong></span> <span class='ocrx_word' id='word_1_600' title='bbox 748 2600 798 2634; x_wconf 73' lang='grc' dir='ltr'><strong>τήν</strong></span> <span class='ocrx_word' id='word_1_601' title='bbox 826 2599 961 2637; x_wconf 74' lang='grc' dir='ltr'>ἐγχώριον</span> 
     </span>
    </p>
   </div>
   <div class='ocr_carea' id='block_1_86' title="bbox 133 2642 962 2684">
    <p class='ocr_par' dir='ltr' id='par_1_86' title="bbox 133 2642 962 2684">
     <span class='ocr_line' id='line_1_86' title="bbox 133 2642 962 2684; baseline -0.005 -9"><span class='ocrx_word' id='word_1_602' title='bbox 133 2651 192 2679; x_wconf 81' lang='grc' dir='ltr'>τοῖς</span> <span class='ocrx_word' id='word_1_603' title='bbox 221 2646 410 2684; x_wconf 70' lang='grc' dir='ltr'>ἀκροωμένοις</span> <span class='ocrx_word' id='word_1_604' title='bbox 432 2646 537 2684; x_wconf 81' lang='grc' dir='ltr'>φωνὴν)</span> <span class='ocrx_word' id='word_1_605' title='bbox 555 2645 592 2676; x_wconf 77' lang='grc' dir='ltr'><strong>εἰς</strong></span> <span class='ocrx_word' id='word_1_606' title='bbox 604 2646 679 2681; x_wconf 72' lang='grc' dir='ltr'>ἡμᾶς</span> <span class='ocrx_word' id='word_1_607' title='bbox 703 2645 747 2672; x_wconf 80' lang='grc' dir='ltr'><strong>καὶ</strong></span> <span class='ocrx_word' id='word_1_608' title='bbox 775 2644 855 2676; x_wconf 79' lang='grc' dir='ltr'>αὐτὸς</span> <span class='ocrx_word' id='word_1_609' title='bbox 872 2642 962 2680; x_wconf 69' lang='grc' dir='ltr'>διέϐη,</span> 
     </span>
    </p>
   </div>
   <div class='ocr_carea' id='block_1_87' title="bbox 133 2686 961 2727">
    <p class='ocr_par' dir='ltr' id='par_1_87' title="bbox 133 2686 961 2727">
     <span class='ocr_line' id='line_1_87' title="bbox 133 2686 961 2727; baseline -0.006 -7"><span class='ocrx_word' id='word_1_610' title='bbox 133 2693 178 2720; x_wconf 73' lang='grc' dir='ltr'><strong>καὶ</strong></span> <span class='ocrx_word' id='word_1_611' title='bbox 193 2690 262 2720; x_wconf 72' lang='grc' dir='ltr'>εἶδεν</span> <span class='ocrx_word' id='word_1_612' title='bbox 288 2690 366 2718; x_wconf 74' lang='grc' dir='ltr'>αὐτὸν</span> <span class='ocrx_word' id='word_1_613' title='bbox 390 2692 407 2725; x_wconf 70' lang='grc' dir='ltr'><strong>ἡ</strong></span> <span class='ocrx_word' id='word_1_614' title='bbox 433 2690 637 2718; x_wconf 81' lang='grc' dir='ltr'>Κωνσταντίνου</span> <span class='ocrx_word' id='word_1_615' title='bbox 666 2686 784 2727; x_wconf 78' lang='grc' dir='ltr'>πρέσϐυν</span> <span class='ocrx_word' id='word_1_616' title='bbox 809 2689 874 2726; x_wconf 75' lang='grc' dir='ltr'>ὑπὲρ</span> <span class='ocrx_word' id='word_1_617' title='bbox 901 2689 961 2716; x_wconf 71' lang='grc' dir='ltr'>ἑαυ-</span> 
     </span>
    </p>
   </div>
   <div class='ocr_carea' id='block_1_88' title="bbox 135 2732 962 2773">
    <p class='ocr_par' dir='ltr' id='par_1_88' title="bbox 135 2732 962 2773">
     <span class='ocr_line' id='line_1_88' title="bbox 135 2732 962 2773; baseline -0.004 -9"><span class='ocrx_word' id='word_1_618' title='bbox 135 2739 194 2772; x_wconf 68' lang='grc' dir='ltr'>τοῦ,</span> <span class='ocrx_word' id='word_1_619' title='bbox 228 2733 403 2773; x_wconf 75' lang='grc' dir='ltr'>καταλλαγὰς</span> <span class='ocrx_word' id='word_1_620' title='bbox 431 2734 459 2762; x_wconf 73' lang='grc' dir='ltr'>ἐκ</span> <span class='ocrx_word' id='word_1_621' title='bbox 487 2737 535 2762; x_wconf 81' lang='grc' dir='ltr'><strong>τοῦ</strong></span> <span class='ocrx_word' id='word_1_622' title='bbox 565 2738 615 2769; x_wconf 81' lang='grc' dir='ltr'><strong>τῆς</strong></span> <span class='ocrx_word' id='word_1_623' title='bbox 639 2734 803 2771; x_wconf 75' lang='grc' dir='ltr'>οῗκουμινης</span> <span class='ocrx_word' id='word_1_624' title='bbox 831 2732 962 2761; x_wconf 78' lang='grc' dir='ltr'>δεσπότου</span> 
     </span>
    </p>
   </div>
   <div class='ocr_carea' id='block_1_89' title="bbox 135 2778 962 2818">
    <p class='ocr_par' dir='ltr' id='par_1_89' title="bbox 135 2778 962 2818">
     <span class='ocr_line' id='line_1_89' title="bbox 135 2778 962 2818; baseline -0.004 -9"><span class='ocrx_word' id='word_1_625' title='bbox 135 2781 337 2818; x_wconf 75' lang='grc' dir='ltr'>ποτνιώμενον,</span> <span class='ocrx_word' id='word_1_626' title='bbox 363 2779 408 2807; x_wconf 83' lang='grc' dir='ltr'><strong>καὶ</strong></span> <span class='ocrx_word' id='word_1_627' title='bbox 432 2779 463 2807; x_wconf 81' lang='grc' dir='ltr'>τὸ</span> <span class='ocrx_word' id='word_1_628' title='bbox 496 2779 579 2807; x_wconf 87' lang='grc' dir='ltr'>καλὸν</span> <span class='ocrx_word' id='word_1_629' title='bbox 614 2779 692 2807; x_wconf 77' lang='grc' dir='ltr'>αὐτὸν</span> <span class='ocrx_word' id='word_1_630' title='bbox 722 2779 807 2815; x_wconf 69' lang='grc' dir='ltr'>ἑαυτῷ</span> <span class='ocrx_word' id='word_1_631' title='bbox 835 2778 962 2807; x_wconf 65' lang='grc' dir='ltr'>δπισπεύ-</span> 
     </span>
    </p>
   </div>
   <div class='ocr_carea' id='block_1_90' title="bbox 137 2823 962 2863">
    <p class='ocr_par' dir='ltr' id='par_1_90' title="bbox 137 2823 962 2863">
     <span class='ocr_line' id='line_1_90' title="bbox 137 2823 962 2863; baseline -0.004 -9"><span class='ocrx_word' id='word_1_632' title='bbox 137 2826 229 2862; x_wconf 83' lang='grc' dir='ltr'>δοντα,</span> <span class='ocrx_word' id='word_1_633' title='bbox 246 2825 276 2853; x_wconf 72' lang='grc' dir='ltr'>ἐκ</span> <span class='ocrx_word' id='word_1_634' title='bbox 290 2828 339 2860; x_wconf 85' lang='grc' dir='ltr'><strong>τῆς</strong></span> <span class='ocrx_word' id='word_1_635' title='bbox 362 2826 411 2852; x_wconf 76' lang='grc' dir='ltr'>τοῦ</span> <span class='ocrx_word' id='word_1_636' title='bbox 436 2823 634 2863; x_wconf 80' lang='grc' dir='ltr'>αὐτοκράτορος</span> <span class='ocrx_word' id='word_1_637' title='bbox 657 2823 855 2863; x_wconf 82' lang='grc' dir='ltr'>γαληνότητος,</span> <span class='ocrx_word' id='word_1_638' title='bbox 870 2823 915 2851; x_wconf 77' lang='grc' dir='ltr'><strong>καὶ</strong></span> <span class='ocrx_word' id='word_1_639' title='bbox 931 2823 962 2852; x_wconf 72' lang='grc' dir='ltr'>οὐ</span> 
     </span>
    </p>
   </div>
   <div class='ocr_carea' id='block_1_91' title="bbox 137 2866 963 2909">
    <p class='ocr_par' dir='ltr' id='par_1_91' title="bbox 137 2866 963 2909">
     <span class='ocr_line' id='line_1_91' title="bbox 137 2866 963 2909; baseline -0.004 -9"><span class='ocrx_word' id='word_1_640' title='bbox 137 2871 172 2900; x_wconf 81' lang='grc' dir='ltr'><strong>δι’</strong></span> <span class='ocrx_word' id='word_1_641' title='bbox 195 2869 289 2908; x_wconf 68' lang='grc' dir='ltr'>ἱτὲροο</span> <span class='ocrx_word' id='word_1_642' title='bbox 313 2869 576 2908; x_wconf 72' lang='grc' dir='ltr'>καταπραττόμενον.</span> <span class='ocrx_word' id='word_1_643' title='bbox 602 2869 651 2898; x_wconf 80' lang='grc' dir='ltr'><strong>Καὶ</strong></span> <span class='ocrx_word' id='word_1_644' title='bbox 672 2868 699 2897; x_wconf 82' lang='grc' dir='ltr'><strong>τί</strong></span> <span class='ocrx_word' id='word_1_645' title='bbox 723 2868 774 2907; x_wconf 79' lang='grc' dir='ltr'><strong>γὰρ</strong></span> <span class='ocrx_word' id='word_1_646' title='bbox 795 2866 849 2897; x_wconf 73' lang='grc' dir='ltr'>ἔδει</span> <span class='ocrx_word' id='word_1_647' title='bbox 879 2867 963 2909; x_wconf 73' lang='grc' dir='ltr'>ἄνδρα</span> 
     </span>
    </p>
   </div>
   <div class='ocr_carea' id='block_1_92' title="bbox 1017 1654 1839 1692">
    <p class='ocr_par' dir='ltr' id='par_1_92' title="bbox 1017 1654 1839 1692">
     <span class='ocr_line' id='line_1_92' title="bbox 1017 1654 1839 1692; baseline 0.004 -11"><span class='ocrx_word' id='word_1_648' title='bbox 1017 1662 1078 1682; x_wconf 88' lang='lat' dir='ltr'><strong>rem</strong></span> <span class='ocrx_word' id='word_1_649' title='bbox 1095 1655 1130 1681; x_wconf 87' lang='lat' dir='ltr'><strong>ad</strong></span> <span class='ocrx_word' id='word_1_650' title='bbox 1147 1654 1222 1682; x_wconf 89' lang='lat' dir='ltr'><strong>hanc</strong></span> <span class='ocrx_word' id='word_1_651' title='bbox 1238 1655 1347 1691; x_wconf 83' lang='lat' dir='ltr'><strong>regiam</strong></span> <span class='ocrx_word' id='word_1_652' title='bbox 1372 1663 1482 1691; x_wconf 86' lang='lat' dir='ltr'><strong>vocem,</strong></span> <span class='ocrx_word' id='word_1_653' title='bbox 1498 1657 1526 1683; x_wconf 89' lang='lat' dir='ltr'><strong>et</strong></span> <span class='ocrx_word' id='word_1_654' title='bbox 1549 1658 1619 1684; x_wconf 89' lang='lat' dir='ltr'><strong>noto</strong></span> <span class='ocrx_word' id='word_1_655' title='bbox 1644 1656 1775 1692; x_wconf 81' lang='lat' dir='ltr'><strong>gaudens</strong></span> <span class='ocrx_word' id='word_1_656' title='bbox 1790 1664 1839 1684; x_wconf 92' lang='lat' dir='ltr'><strong>co-</strong></span> 
     </span>
    </p>
   </div>
   <div class='ocr_carea' id='block_1_93' title="bbox 1017 1698 1839 1735">
    <p class='ocr_par' dir='ltr' id='par_1_93' title="bbox 1017 1698 1839 1735">
     <span class='ocr_line' id='line_1_93' title="bbox 1017 1698 1839 1735; baseline 0.004 -9"><span class='ocrx_word' id='word_1_657' title='bbox 1017 1698 1155 1735; x_wconf 89' lang='lat' dir='ltr'><strong>gnomine</strong></span> <span class='ocrx_word' id='word_1_658' title='bbox 1167 1698 1181 1725; x_wconf 84' lang='lat'><strong>?</strong></span> <span class='ocrx_word' id='word_1_659' title='bbox 1195 1699 1249 1727; x_wconf 84' lang='lat' dir='ltr'><strong>Sed</strong></span> <span class='ocrx_word' id='word_1_660' title='bbox 1267 1700 1362 1734; x_wconf 80' lang='lat' dir='ltr'><strong>gaude</strong></span> <span class='ocrx_word' id='word_1_661' title='bbox 1386 1702 1414 1727; x_wconf 87' lang='lat' dir='ltr'><strong>et</strong></span> <span class='ocrx_word' id='word_1_662' title='bbox 1438 1701 1474 1728; x_wconf 88' lang='lat' dir='ltr'><strong>de</strong></span> <span class='ocrx_word' id='word_1_663' title='bbox 1489 1709 1518 1728; x_wconf 92' lang='lat' dir='ltr'><strong>re</strong></span> <span class='ocrx_word' id='word_1_664' title='bbox 1543 1702 1572 1728; x_wconf 90' lang='lat' dir='ltr'><strong>et</strong></span> <span class='ocrx_word' id='word_1_665' title='bbox 1585 1701 1620 1729; x_wconf 89' lang='lat' dir='ltr'><strong>de</strong></span> <span class='ocrx_word' id='word_1_666' title='bbox 1649 1701 1768 1729; x_wconf 86' lang='lat' dir='ltr'><strong>nomine</strong></span> <span class='ocrx_word' id='word_1_667' title='bbox 1783 1701 1839 1730; x_wconf 88' lang='lat' dir='ltr'><strong>isto</strong></span> 
     </span>
    </p>
   </div>
   <div class='ocr_carea' id='block_1_94' title="bbox 1017 1744 1840 1782">
    <p class='ocr_par' dir='ltr' id='par_1_94' title="bbox 1017 1744 1840 1782">
     <span class='ocr_line' id='line_1_94' title="bbox 1017 1744 1840 1782; baseline 0.002 -11"><span class='ocrx_word' id='word_1_668' title='bbox 1017 1749 1045 1771; x_wconf 88' lang='lat' dir='ltr'><strong>et</strong></span> <span class='ocrx_word' id='word_1_669' title='bbox 1060 1744 1094 1771; x_wconf 88' lang='lat' dir='ltr'><strong>ad</strong></span> <span class='ocrx_word' id='word_1_670' title='bbox 1125 1744 1170 1772; x_wconf 87' lang='lat' dir='ltr'><strong>avi</strong></span> <span class='ocrx_word' id='word_1_671' title='bbox 1200 1744 1424 1772; x_wconf 86' lang='lat' dir='ltr'><strong>similitudinem</strong></span> <span class='ocrx_word' id='word_1_672' title='bbox 1452 1745 1642 1781; x_wconf 80' lang='lat' dir='ltr'><strong>temetipsum</strong></span> <span class='ocrx_word' id='word_1_673' title='bbox 1670 1745 1759 1782; x_wconf 80' lang='lat' dir='ltr'><strong>erige,</strong></span> <span class='ocrx_word' id='word_1_674' title='bbox 1782 1753 1840 1774; x_wconf 86' lang='lat' dir='ltr'><strong>uno</strong></span> 
     </span>
    </p>
   </div>
   <div class='ocr_carea' id='block_1_95' title="bbox 1016 1788 1840 1826">
    <p class='ocr_par' dir='ltr' id='par_1_95' title="bbox 1016 1788 1840 1826">
     <span class='ocr_line' id='line_1_95' title="bbox 1016 1788 1840 1826; baseline 0.004 -11"><span class='ocrx_word' id='word_1_675' title='bbox 1016 1788 1116 1822; x_wconf 86' lang='lat' dir='ltr'><strong>verbo,</strong></span> <span class='ocrx_word' id='word_1_676' title='bbox 1132 1788 1287 1824; x_wconf 74' lang='lat' dir='ltr'><strong>imaginem</strong></span> <span class='ocrx_word' id='word_1_677' title='bbox 1304 1789 1394 1824; x_wconf 83' lang='lat' dir='ltr'><strong>patris</strong></span> <span class='ocrx_word' id='word_1_678' title='bbox 1410 1790 1479 1826; x_wconf 86' lang='lat' dir='ltr'><strong>regii</strong></span> <span class='ocrx_word' id='word_1_679' title='bbox 1497 1790 1636 1818; x_wconf 74' lang='lat' dir='ltr'><strong>virtutum</strong></span> <span class='ocrx_word' id='word_1_680' title='bbox 1659 1790 1688 1817; x_wconf 93' lang='lat' dir='ltr'><strong>in</strong></span> <span class='ocrx_word' id='word_1_681' title='bbox 1712 1792 1741 1818; x_wconf 82' lang='lat' dir='ltr'><strong>te</strong></span> <span class='ocrx_word' id='word_1_682' title='bbox 1756 1790 1840 1826; x_wconf 83' lang='lat' dir='ltr'><strong>inge-</strong></span> 
     </span>
    </p>
   </div>
   <div class='ocr_carea' id='block_1_96' title="bbox 1018 1832 1839 1871">
    <p class='ocr_par' dir='ltr' id='par_1_96' title="bbox 1018 1832 1839 1871">
     <span class='ocr_line' id='line_1_96' title="bbox 1018 1832 1839 1871; baseline 0.004 -12"><span class='ocrx_word' id='word_1_683' title='bbox 1018 1841 1097 1860; x_wconf 89' lang='lat' dir='ltr'><strong>nera.</strong></span> <span class='ocrx_word' id='word_1_684' title='bbox 1108 1835 1216 1860; x_wconf 85' lang='lat' dir='ltr'><strong>Gratus</strong></span> <span class='ocrx_word' id='word_1_685' title='bbox 1228 1832 1277 1861; x_wconf 85' lang='lat' dir='ltr'><strong>ille</strong></span> <span class='ocrx_word' id='word_1_686' title='bbox 1287 1833 1404 1862; x_wconf 82' lang='lat' dir='ltr'><strong>Alexius</strong></span> <span class='ocrx_word' id='word_1_687' title='bbox 1416 1843 1552 1871; x_wconf 85' lang='lat' dir='ltr'><strong>magnus,</strong></span> <span class='ocrx_word' id='word_1_688' title='bbox 1563 1837 1591 1862; x_wconf 90' lang='lat' dir='ltr'><strong>et</strong></span> <span class='ocrx_word' id='word_1_689' title='bbox 1601 1834 1712 1862; x_wconf 84' lang='lat' dir='ltr'><strong>invidia</strong></span> <span class='ocrx_word' id='word_1_690' title='bbox 1721 1834 1839 1871; x_wconf 83' lang='lat' dir='ltr'><strong>dignus.</strong></span> 
     </span>
    </p>
   </div>
   <div class='ocr_carea' id='block_1_97' title="bbox 1017 1877 1841 1914">
    <p class='ocr_par' dir='ltr' id='par_1_97' title="bbox 1017 1877 1841 1914">
     <span class='ocr_line' id='line_1_97' title="bbox 1017 1877 1841 1914; baseline 0.002 -10"><span class='ocrx_word' id='word_1_691' title='bbox 1017 1877 1181 1905; x_wconf 78' lang='lat' dir='ltr'><strong>Gratiarum</strong></span> <span class='ocrx_word' id='word_1_692' title='bbox 1195 1877 1589 1914; x_wconf 87' lang='lat' dir='ltr'><strong>plenus,valdevenerandus</strong></span> <span class='ocrx_word' id='word_1_693' title='bbox 1601 1888 1671 1907; x_wconf 84' lang='lat' dir='ltr'><strong>avus</strong></span> <span class='ocrx_word' id='word_1_694' title='bbox 1678 1881 1705 1906; x_wconf 89' lang='lat' dir='ltr'><strong>et</strong></span> <span class='ocrx_word' id='word_1_695' title='bbox 1715 1878 1782 1907; x_wconf 86' lang='lat' dir='ltr'><strong>talis</strong></span> <span class='ocrx_word' id='word_1_696' title='bbox 1793 1879 1841 1907; x_wconf 90' lang='lat' dir='ltr'><strong>cui</strong></span> 
     </span>
    </p>
   </div>
   <div class='ocr_carea' id='block_1_98' title="bbox 1017 1922 1842 1960">
    <p class='ocr_par' dir='ltr' id='par_1_98' title="bbox 1017 1922 1842 1960">
     <span class='ocr_line' id='line_1_98' title="bbox 1017 1922 1842 1960; baseline 0.004 -11"><span class='ocrx_word' id='word_1_697' title='bbox 1017 1922 1202 1955; x_wconf 76' lang='lat' dir='ltr'><strong>aemulentur,</strong></span> <span class='ocrx_word' id='word_1_698' title='bbox 1215 1924 1247 1950; x_wconf 88' lang='lat' dir='ltr'><strong>ut</strong></span> <span class='ocrx_word' id='word_1_699' title='bbox 1260 1931 1361 1959; x_wconf 88' lang='lat' dir='ltr'><strong>regum</strong></span> <span class='ocrx_word' id='word_1_700' title='bbox 1376 1923 1629 1960; x_wconf 87' lang='lat' dir='ltr'><strong>celeberrimo,qui</strong></span> <span class='ocrx_word' id='word_1_701' title='bbox 1643 1924 1745 1952; x_wconf 91' lang='lat' dir='ltr'><strong>volunt</strong></span> <span class='ocrx_word' id='word_1_702' title='bbox 1755 1924 1842 1952; x_wconf 83' lang='lat' dir='ltr'><strong>infor-</strong></span> 
     </span>
    </p>
   </div>
   <div class='ocr_carea' id='block_1_99' title="bbox 1017 1966 1841 2005">
    <p class='ocr_par' dir='ltr' id='par_1_99' title="bbox 1017 1966 1841 2005">
     <span class='ocr_line' id='line_1_99' title="bbox 1017 1966 1841 2005; baseline 0.006 -13"><span class='ocrx_word' id='word_1_703' title='bbox 1017 1966 1092 1993; x_wconf 83' lang='lat' dir='ltr'><strong>mari</strong></span> <span class='ocrx_word' id='word_1_704' title='bbox 1108 1967 1269 1995; x_wconf 82' lang='lat' dir='ltr'><strong>secundum</strong></span> <span class='ocrx_word' id='word_1_705' title='bbox 1284 1967 1436 2003; x_wconf 81' lang='lat' dir='ltr'><strong>dignitatis</strong></span> <span class='ocrx_word' id='word_1_706' title='bbox 1452 1970 1537 2005; x_wconf 64' lang='lat' dir='ltr'><strong>regite</strong></span> <span class='ocrx_word' id='word_1_707' title='bbox 1554 1970 1771 2005; x_wconf 80' lang='lat' dir='ltr'><strong>perfectionem.</strong></span> <span class='ocrx_word' id='word_1_708' title='bbox 1788 1971 1841 1996; x_wconf 79' lang='lat' dir='ltr'><strong>Ps-</strong></span> 
     </span>
    </p>
   </div>
   <div class='ocr_carea' id='block_1_100' title="bbox 1017 2013 1839 2049">
    <p class='ocr_par' dir='ltr' id='par_1_100' title="bbox 1017 2013 1839 2049">
     <span class='ocr_line' id='line_1_100' title="bbox 1017 2013 1839 2049; baseline 0.004 -12"><span class='ocrx_word' id='word_1_709' title='bbox 1017 2013 1060 2038; x_wconf 90' lang='lat' dir='ltr'><strong>ter</strong></span> <span class='ocrx_word' id='word_1_710' title='bbox 1076 2019 1140 2038; x_wconf 87' lang='lat' dir='ltr'><strong>vero</strong></span> <span class='ocrx_word' id='word_1_711' title='bbox 1156 2019 1274 2039; x_wconf 86' lang='lat' dir='ltr'><strong>summa</strong></span> <span class='ocrx_word' id='word_1_712' title='bbox 1299 2013 1439 2044; x_wconf 85' lang='lat' dir='ltr'><strong>suavitas.</strong></span> <span class='ocrx_word' id='word_1_713' title='bbox 1466 2022 1516 2040; x_wconf 87' lang='lat' dir='ltr'><strong>seu</strong></span> <span class='ocrx_word' id='word_1_714' title='bbox 1547 2014 1642 2049; x_wconf 82' lang='lat' dir='ltr'><strong>potius</strong></span> <span class='ocrx_word' id='word_1_715' title='bbox 1656 2014 1720 2049; x_wconf 83' lang='lat' dir='ltr'><strong>ipsa</strong></span> <span class='ocrx_word' id='word_1_716' title='bbox 1735 2013 1839 2048; x_wconf 82' lang='lat' dir='ltr'><strong>gratia.</strong></span> 
     </span>
    </p>
   </div>
   <div class='ocr_carea' id='block_1_101' title="bbox 1016 2055 1840 2092">
    <p class='ocr_par' dir='ltr' id='par_1_101' title="bbox 1016 2055 1840 2092">
     <span class='ocr_line' id='line_1_101' title="bbox 1016 2055 1840 2092; baseline 0 -10"><span class='ocrx_word' id='word_1_717' title='bbox 1016 2056 1069 2083; x_wconf 88' lang='lat' dir='ltr'><strong>Sed</strong></span> <span class='ocrx_word' id='word_1_718' title='bbox 1085 2063 1176 2091; x_wconf 89' lang='lat' dir='ltr'><strong>quare</strong></span> <span class='ocrx_word' id='word_1_719' title='bbox 1192 2056 1226 2082; x_wconf 89' lang='lat' dir='ltr'><strong>ad</strong></span> <span class='ocrx_word' id='word_1_720' title='bbox 1239 2056 1360 2091; x_wconf 87' lang='lat' dir='ltr'><strong>antiqua</strong></span> <span class='ocrx_word' id='word_1_721' title='bbox 1372 2056 1494 2092; x_wconf 78' lang='lat' dir='ltr'><strong>refugio,</strong></span> <span class='ocrx_word' id='word_1_722' title='bbox 1506 2057 1575 2083; x_wconf 92' lang='lat' dir='ltr'><strong>dum</strong></span> <span class='ocrx_word' id='word_1_723' title='bbox 1588 2056 1635 2083; x_wconf 90' lang='lat' dir='ltr'><strong>hic</strong></span> <span class='ocrx_word' id='word_1_724' title='bbox 1648 2056 1732 2082; x_wconf 84' lang='lat' dir='ltr'><strong>adest</strong></span> <span class='ocrx_word' id='word_1_725' title='bbox 1743 2055 1840 2082; x_wconf 84' lang='lat' dir='ltr'><strong>novis-</strong></span> 
     </span>
    </p>
   </div>
   <div class='ocr_carea' id='block_1_102' title="bbox 1017 2099 1838 2134">
    <p class='ocr_par' dir='ltr' id='par_1_102' title="bbox 1017 2099 1838 2134">
     <span class='ocr_line' id='line_1_102' title="bbox 1017 2099 1838 2134; baseline 0 -8"><span class='ocrx_word' id='word_1_726' title='bbox 1017 2099 1125 2127; x_wconf 84' lang='lat' dir='ltr'><strong>simum</strong></span> <span class='ocrx_word' id='word_1_727' title='bbox 1143 2100 1253 2128; x_wconf 91' lang='lat' dir='ltr'><strong>bonum</strong></span> <span class='ocrx_word' id='word_1_728' title='bbox 1277 2100 1360 2127; x_wconf 89' lang='lat' dir='ltr'><strong>valde</strong></span> <span class='ocrx_word' id='word_1_729' title='bbox 1383 2100 1522 2127; x_wconf 83' lang='lat' dir='ltr'><strong>eximium</strong></span> <span class='ocrx_word' id='word_1_730' title='bbox 1546 2102 1573 2127; x_wconf 89' lang='lat' dir='ltr'><strong>et</strong></span> <span class='ocrx_word' id='word_1_731' title='bbox 1591 2099 1838 2134; x_wconf 87' lang='lat' dir='ltr'><strong>potentissimum,</strong></span> 
     </span>
    </p>
   </div>
   <div class='ocr_carea' id='block_1_103' title="bbox 1018 2144 1839 2180">
    <p class='ocr_par' dir='ltr' id='par_1_103' title="bbox 1018 2144 1839 2180">
     <span class='ocr_line' id='line_1_103' title="bbox 1018 2144 1839 2180; baseline 0 -9"><span class='ocrx_word' id='word_1_732' title='bbox 1018 2144 1157 2180; x_wconf 84' lang='lat' dir='ltr'><strong>paternis,</strong></span> <span class='ocrx_word' id='word_1_733' title='bbox 1187 2144 1272 2180; x_wconf 84' lang='lat' dir='ltr'><strong>quasi</strong></span> <span class='ocrx_word' id='word_1_734' title='bbox 1299 2144 1440 2180; x_wconf 88' lang='lat' dir='ltr'><strong>speciosis</strong></span> <span class='ocrx_word' id='word_1_735' title='bbox 1467 2144 1704 2177; x_wconf 68' lang='lat' dir='ltr'><strong>haeredilntibus,</strong></span> <span class='ocrx_word' id='word_1_736' title='bbox 1733 2144 1839 2171; x_wconf 85' lang='lat' dir='ltr'><strong>ﬂorens</strong></span> 
     </span>
    </p>
   </div>
   <div class='ocr_carea' id='block_1_104' title="bbox 1017 2188 1838 2224">
    <p class='ocr_par' dir='ltr' id='par_1_104' title="bbox 1017 2188 1838 2224">
     <span class='ocr_line' id='line_1_104' title="bbox 1017 2188 1838 2224; baseline 0 -8"><span class='ocrx_word' id='word_1_737' title='bbox 1017 2189 1185 2221; x_wconf 86' lang='lat' dir='ltr'><strong>virtutibus,</strong></span> <span class='ocrx_word' id='word_1_738' title='bbox 1216 2189 1323 2224; x_wconf 82' lang='lat' dir='ltr'><strong>quibus</strong></span> <span class='ocrx_word' id='word_1_739' title='bbox 1354 2189 1484 2216; x_wconf 83' lang='lat' dir='ltr'><strong>abundat</strong></span> <span class='ocrx_word' id='word_1_740' title='bbox 1514 2188 1650 2216; x_wconf 81' lang='lat' dir='ltr'><strong>familia?</strong></span> <span class='ocrx_word' id='word_1_741' title='bbox 1678 2190 1786 2216; x_wconf 86' lang='lat' dir='ltr'><strong>Verum</strong></span> <span class='ocrx_word' id='word_1_742' title='bbox 1802 2188 1838 2216; x_wconf 83' lang='lat' dir='ltr'><strong>ad</strong></span> 
     </span>
    </p>
   </div>
   <div class='ocr_carea' id='block_1_105' title="bbox 1017 2232 1837 2269">
    <p class='ocr_par' dir='ltr' id='par_1_105' title="bbox 1017 2232 1837 2269">
     <span class='ocr_line' id='line_1_105' title="bbox 1017 2232 1837 2269; baseline 0.001 -9"><span class='ocrx_word' id='word_1_743' title='bbox 1017 2235 1055 2266; x_wconf 87' lang='lat' dir='ltr'><strong>te,</strong></span> <span class='ocrx_word' id='word_1_744' title='bbox 1072 2241 1088 2260; x_wconf 94' lang='lat' dir='ltr'><strong>o</strong></span> <span class='ocrx_word' id='word_1_745' title='bbox 1104 2232 1242 2268; x_wconf 87' lang='lat' dir='ltr'><strong>splendor</strong></span> <span class='ocrx_word' id='word_1_746' title='bbox 1254 2241 1290 2269; x_wconf 88' lang='lat' dir='ltr'><strong>pu</strong></span> <span class='ocrx_word' id='word_1_747' title='bbox 1297 2233 1520 2269; x_wconf 67' lang='lat' dir='ltr'><strong>rpuras,proprie</strong></span> <span class='ocrx_word' id='word_1_748' title='bbox 1531 2235 1644 2269; x_wconf 87' lang='lat' dir='ltr'><strong>spectat</strong></span> <span class='ocrx_word' id='word_1_749' title='bbox 1656 2241 1720 2260; x_wconf 86' lang='lat' dir='ltr'><strong>mea</strong></span> <span class='ocrx_word' id='word_1_750' title='bbox 1734 2233 1837 2261; x_wconf 86' lang='lat' dir='ltr'><strong>oratio.</strong></span> 
     </span>
    </p>
   </div>
   <div class='ocr_carea' id='block_1_106' title="bbox 1017 2277 1838 2314">
    <p class='ocr_par' dir='ltr' id='par_1_106' title="bbox 1017 2277 1838 2314">
     <span class='ocr_line' id='line_1_106' title="bbox 1017 2277 1838 2314; baseline 0.001 -9"><span class='ocrx_word' id='word_1_751' title='bbox 1017 2277 1080 2305; x_wconf 88' lang='lat' dir='ltr'><strong>Non</strong></span> <span class='ocrx_word' id='word_1_752' title='bbox 1094 2277 1172 2305; x_wconf 89' lang='lat' dir='ltr'><strong>enim</strong></span> <span class='ocrx_word' id='word_1_753' title='bbox 1190 2279 1227 2312; x_wconf 88' lang='lat' dir='ltr'><strong>te,</strong></span> <span class='ocrx_word' id='word_1_754' title='bbox 1241 2278 1289 2305; x_wconf 90' lang='lat' dir='ltr'><strong>Dei</strong></span> <span class='ocrx_word' id='word_1_755' title='bbox 1304 2286 1444 2314; x_wconf 88' lang='lat' dir='ltr'><strong>magnum</strong></span> <span class='ocrx_word' id='word_1_756' title='bbox 1457 2286 1540 2313; x_wconf 89' lang='lat' dir='ltr'><strong>opus,</strong></span> <span class='ocrx_word' id='word_1_757' title='bbox 1554 2277 1682 2306; x_wconf 90' lang='lat' dir='ltr'><strong>secundo</strong></span> <span class='ocrx_word' id='word_1_758' title='bbox 1694 2277 1838 2306; x_wconf 85' lang='lat' dir='ltr'><strong>sermonis</strong></span> 
     </span>
    </p>
   </div>
   <div class='ocr_carea' id='block_1_107' title="bbox 979 2308 1213 2359">
    <p class='ocr_par' dir='ltr' id='par_1_107' title="bbox 979 2308 1213 2359">
     <span class='ocr_line' id='line_1_107' title="bbox 979 2308 1213 2359; baseline 0 -9"><span class='ocrx_word' id='word_1_759' title='bbox 979 2308 1001 2340; x_wconf 81' lang='lat' dir='ltr'><strong>D</strong></span> <span class='ocrx_word' id='word_1_760' title='bbox 1018 2330 1124 2359; x_wconf 81' lang='lat' dir='ltr'><strong>ponam</strong></span> <span class='ocrx_word' id='word_1_761' title='bbox 1140 2322 1213 2350; x_wconf 92' lang='lat' dir='ltr'><strong>loco.</strong></span> 
     </span>
    </p>
   </div>
   <div class='ocr_carea' id='block_1_108' title="bbox 1056 2420 1839 2457">
    <p class='ocr_par' dir='ltr' id='par_1_108' title="bbox 1056 2420 1839 2457">
     <span class='ocr_line' id='line_1_108' title="bbox 1056 2420 1839 2457; baseline 0.001 -9"><span class='ocrx_word' id='word_1_762' title='bbox 1056 2421 1097 2449; x_wconf 81' lang='lat' dir='ltr'><strong>l6.</strong></span> <span class='ocrx_word' id='word_1_763' title='bbox 1114 2421 1172 2457; x_wconf 89' lang='lat' dir='ltr'><strong>Ego</strong></span> <span class='ocrx_word' id='word_1_764' title='bbox 1187 2428 1265 2455; x_wconf 85' lang='lat' dir='ltr'><strong>vero,</strong></span> <span class='ocrx_word' id='word_1_765' title='bbox 1281 2420 1358 2448; x_wconf 91' lang='lat' dir='ltr'><strong>sicut</strong></span> <span class='ocrx_word' id='word_1_766' title='bbox 1367 2421 1430 2456; x_wconf 84' lang='lat' dir='ltr'><strong>jam</strong></span> <span class='ocrx_word' id='word_1_767' title='bbox 1453 2420 1524 2453; x_wconf 88' lang='lat' dir='ltr'><strong>dixi,</strong></span> <span class='ocrx_word' id='word_1_768' title='bbox 1541 2421 1598 2449; x_wconf 85' lang='lat' dir='ltr'><strong>ista</strong></span> <span class='ocrx_word' id='word_1_769' title='bbox 1613 2429 1669 2448; x_wconf 93' lang='lat' dir='ltr'><strong>non</strong></span> <span class='ocrx_word' id='word_1_770' title='bbox 1693 2420 1839 2457; x_wconf 77' lang='lat' dir='ltr'><strong>proferam</strong></span> 
     </span>
    </p>
   </div>
   <div class='ocr_carea' id='block_1_109' title="bbox 1018 2465 1839 2502">
    <p class='ocr_par' dir='ltr' id='par_1_109' title="bbox 1018 2465 1839 2502">
     <span class='ocr_line' id='line_1_109' title="bbox 1018 2465 1839 2502; baseline 0 -9"><span class='ocrx_word' id='word_1_771' title='bbox 1018 2466 1053 2493; x_wconf 88' lang='lat' dir='ltr'><strong>ad</strong></span> <span class='ocrx_word' id='word_1_772' title='bbox 1071 2473 1156 2493; x_wconf 88' lang='lat' dir='ltr'><strong>aures</strong></span> <span class='ocrx_word' id='word_1_773' title='bbox 1172 2465 1384 2493; x_wconf 85' lang='lat' dir='ltr'><strong>Ismaelilarum</strong></span> <span class='ocrx_word' id='word_1_774' title='bbox 1401 2467 1433 2493; x_wconf 86' lang='lat' dir='ltr'><strong>ut</strong></span> <span class='ocrx_word' id='word_1_775' title='bbox 1448 2473 1505 2493; x_wconf 92' lang='lat' dir='ltr'><strong>non</strong></span> <span class='ocrx_word' id='word_1_776' title='bbox 1521 2465 1556 2493; x_wconf 88' lang='lat' dir='ltr'><strong>de</strong></span> <span class='ocrx_word' id='word_1_777' title='bbox 1571 2473 1601 2494; x_wconf 89' lang='lat' dir='ltr'><strong>se</strong></span> <span class='ocrx_word' id='word_1_778' title='bbox 1617 2465 1689 2502; x_wconf 87' lang='lat' dir='ltr'><strong>ipsis</strong></span> <span class='ocrx_word' id='word_1_779' title='bbox 1709 2465 1839 2501; x_wconf 82' lang='lat' dir='ltr'><strong>superci-</strong></span> 
     </span>
    </p>
   </div>
   <div class='ocr_carea' id='block_1_110' title="bbox 1017 2509 1839 2547">
    <p class='ocr_par' dir='ltr' id='par_1_110' title="bbox 1017 2509 1839 2547">
     <span class='ocr_line' id='line_1_110' title="bbox 1017 2509 1839 2547; baseline 0.001 -10"><span class='ocrx_word' id='word_1_780' title='bbox 1017 2510 1090 2538; x_wconf 90' lang='lat' dir='ltr'><strong>lium</strong></span> <span class='ocrx_word' id='word_1_781' title='bbox 1097 2510 1255 2546; x_wconf 84' lang='lat' dir='ltr'><strong>erigant.[n</strong></span> <span class='ocrx_word' id='word_1_782' title='bbox 1262 2509 1433 2538; x_wconf 84' lang='lat' dir='ltr'><strong>memoriam</strong></span> <span class='ocrx_word' id='word_1_783' title='bbox 1441 2512 1538 2538; x_wconf 85' lang='lat' dir='ltr'><strong>autem</strong></span> <span class='ocrx_word' id='word_1_784' title='bbox 1546 2510 1685 2539; x_wconf 69' lang='lat' dir='ltr'><strong>revacabo</strong></span> <span class='ocrx_word' id='word_1_785' title='bbox 1693 2519 1708 2547; x_wconf 90' lang='lat' dir='ltr'><strong>q</strong></span> <span class='ocrx_word' id='word_1_786' title='bbox 1714 2510 1839 2538; x_wconf 91' lang='lat' dir='ltr'><strong>uomodo</strong></span> 
     </span>
    </p>
   </div>
   <div class='ocr_carea' id='block_1_111' title="bbox 1018 2554 1840 2591">
    <p class='ocr_par' dir='ltr' id='par_1_111' title="bbox 1018 2554 1840 2591">
     <span class='ocr_line' id='line_1_111' title="bbox 1018 2554 1840 2591; baseline -0.002 -8"><span class='ocrx_word' id='word_1_787' title='bbox 1018 2555 1096 2591; x_wconf 84' lang='lat' dir='ltr'><strong>apud</strong></span> <span class='ocrx_word' id='word_1_788' title='bbox 1127 2563 1180 2583; x_wconf 90' lang='lat' dir='ltr'><strong>nos</strong></span> <span class='ocrx_word' id='word_1_789' title='bbox 1209 2562 1349 2591; x_wconf 85' lang='lat' dir='ltr'><strong>magnum</strong></span> <span class='ocrx_word' id='word_1_790' title='bbox 1379 2554 1475 2583; x_wconf 87' lang='lat' dir='ltr'><strong>ferens</strong></span> <span class='ocrx_word' id='word_1_791' title='bbox 1503 2563 1609 2584; x_wconf 87' lang='lat' dir='ltr'><strong>nomen</strong></span> <span class='ocrx_word' id='word_1_792' title='bbox 1640 2555 1738 2584; x_wconf 86' lang='lat' dir='ltr'><strong>sultan</strong></span> <span class='ocrx_word' id='word_1_793' title='bbox 1762 2555 1840 2591; x_wconf 85' lang='lat' dir='ltr'><strong>(date</strong></span> 
     </span>
    </p>
   </div>
   <div class='ocr_carea' id='block_1_112' title="bbox 1017 2598 1838 2634">
    <p class='ocr_par' dir='ltr' id='par_1_112' title="bbox 1017 2598 1838 2634">
     <span class='ocr_line' id='line_1_112' title="bbox 1017 2598 1838 2634; baseline -0.001 -7"><span class='ocrx_word' id='word_1_794' title='bbox 1017 2600 1095 2628; x_wconf 87' lang='lat' dir='ltr'><strong>enim</strong></span> <span class='ocrx_word' id='word_1_795' title='bbox 1113 2599 1183 2627; x_wconf 88' lang='lat' dir='ltr'><strong>mihi</strong></span> <span class='ocrx_word' id='word_1_796' title='bbox 1199 2607 1299 2627; x_wconf 85' lang='lat' dir='ltr'><strong>vocem</strong></span> <span class='ocrx_word' id='word_1_797' title='bbox 1314 2598 1502 2627; x_wconf 82' lang='lat' dir='ltr'><strong>audientibus</strong></span> <span class='ocrx_word' id='word_1_798' title='bbox 1518 2600 1780 2634; x_wconf 87' lang='lat' dir='ltr'><strong>accommodatam)</strong></span> <span class='ocrx_word' id='word_1_799' title='bbox 1802 2599 1838 2626; x_wconf 87' lang='lat' dir='ltr'><strong>ad</strong></span> 
     </span>
    </p>
   </div>
   <div class='ocr_carea' id='block_1_113' title="bbox 1019 2642 1840 2680">
    <p class='ocr_par' dir='ltr' id='par_1_113' title="bbox 1019 2642 1840 2680">
     <span class='ocr_line' id='line_1_113' title="bbox 1019 2642 1840 2680; baseline -0.004 -8"><span class='ocrx_word' id='word_1_800' title='bbox 1019 2653 1071 2672; x_wconf 91' lang='lat' dir='ltr'><strong>nos</strong></span> <span class='ocrx_word' id='word_1_801' title='bbox 1087 2645 1150 2680; x_wconf 90' lang='lat' dir='ltr'><strong>ipse</strong></span> <span class='ocrx_word' id='word_1_802' title='bbox 1159 2651 1275 2680; x_wconf 91' lang='lat' dir='ltr'><strong>quoque</strong></span> <span class='ocrx_word' id='word_1_803' title='bbox 1291 2643 1436 2677; x_wconf 87' lang='lat' dir='ltr'><strong>transivit,</strong></span> <span class='ocrx_word' id='word_1_804' title='bbox 1448 2646 1478 2672; x_wconf 88' lang='lat' dir='ltr'><strong>et</strong></span> <span class='ocrx_word' id='word_1_805' title='bbox 1487 2644 1560 2672; x_wconf 88' lang='lat' dir='ltr'><strong>vidit</strong></span> <span class='ocrx_word' id='word_1_806' title='bbox 1572 2653 1639 2672; x_wconf 90' lang='lat' dir='ltr'><strong>eum</strong></span> <span class='ocrx_word' id='word_1_807' title='bbox 1656 2642 1840 2672; x_wconf 86' lang='lat' dir='ltr'><strong>Constantini</strong></span> 
     </span>
    </p>
   </div>
   <div class='ocr_carea' id='block_1_114' title="bbox 1018 2688 1841 2726">
    <p class='ocr_par' dir='ltr' id='par_1_114' title="bbox 1018 2688 1841 2726">
     <span class='ocr_line' id='line_1_114' title="bbox 1018 2688 1841 2726; baseline -0.004 -8"><span class='ocrx_word' id='word_1_808' title='bbox 1018 2690 1121 2718; x_wconf 86' lang='lat' dir='ltr'><strong>civitas</strong></span> <span class='ocrx_word' id='word_1_809' title='bbox 1138 2697 1188 2726; x_wconf 88' lang='lat' dir='ltr'><strong>pro</strong></span> <span class='ocrx_word' id='word_1_810' title='bbox 1203 2697 1234 2717; x_wconf 86' lang='lat' dir='ltr'><strong>se</strong></span> <span class='ocrx_word' id='word_1_811' title='bbox 1259 2688 1403 2724; x_wconf 83' lang='lat' dir='ltr'><strong>legatione</strong></span> <span class='ocrx_word' id='word_1_812' title='bbox 1429 2689 1610 2725; x_wconf 85' lang='lat' dir='ltr'><strong>fungentem,</strong></span> <span class='ocrx_word' id='word_1_813' title='bbox 1632 2690 1808 2726; x_wconf 85' lang='lat' dir='ltr'><strong>pactumque</strong></span> <span class='ocrx_word' id='word_1_814' title='bbox 1823 2695 1841 2716; x_wconf 87' lang='lat' dir='ltr'><strong>a</strong></span> 
     </span>
    </p>
   </div>
   <div class='ocr_carea' id='block_1_115' title="bbox 1018 2731 1840 2770">
    <p class='ocr_par' dir='ltr' id='par_1_115' title="bbox 1018 2731 1840 2770">
     <span class='ocr_line' id='line_1_115' title="bbox 1018 2731 1840 2770; baseline -0.005 -7"><span class='ocrx_word' id='word_1_815' title='bbox 1018 2735 1136 2763; x_wconf 89' lang='lat' dir='ltr'><strong>domino</strong></span> <span class='ocrx_word' id='word_1_816' title='bbox 1152 2736 1234 2762; x_wconf 68' lang='lat' dir='ltr'><strong>terra</strong></span> <span class='ocrx_word' id='word_1_817' title='bbox 1251 2733 1401 2761; x_wconf 88' lang='lat' dir='ltr'><strong>humiliter</strong></span> <span class='ocrx_word' id='word_1_818' title='bbox 1411 2734 1628 2770; x_wconf 81' lang='lat' dir='ltr'><strong>deprecantem,</strong></span> <span class='ocrx_word' id='word_1_819' title='bbox 1645 2735 1674 2761; x_wconf 90' lang='lat' dir='ltr'><strong>et</strong></span> <span class='ocrx_word' id='word_1_820' title='bbox 1683 2732 1728 2760; x_wconf 89' lang='lat' dir='ltr'><strong>sui</strong></span> <span class='ocrx_word' id='word_1_821' title='bbox 1746 2731 1840 2768; x_wconf 85' lang='lat' dir='ltr'><strong>ipsius</strong></span> 
     </span>
    </p>
   </div>
   <div class='ocr_carea' id='block_1_116' title="bbox 1018 2777 1838 2814">
    <p class='ocr_par' dir='ltr' id='par_1_116' title="bbox 1018 2777 1838 2814">
     <span class='ocr_line' id='line_1_116' title="bbox 1018 2777 1838 2814; baseline -0.004 -7"><span class='ocrx_word' id='word_1_822' title='bbox 1018 2779 1185 2808; x_wconf 85' lang='lat' dir='ltr'><strong>felicitatem</strong></span> <span class='ocrx_word' id='word_1_823' title='bbox 1203 2778 1238 2805; x_wconf 82' lang='lat' dir='ltr'><strong>ab</strong></span> <span class='ocrx_word' id='word_1_824' title='bbox 1254 2777 1440 2814; x_wconf 86' lang='lat' dir='ltr'><strong>imperatoris</strong></span> <span class='ocrx_word' id='word_1_825' title='bbox 1463 2779 1618 2806; x_wconf 82' lang='lat' dir='ltr'><strong>serenitate</strong></span> <span class='ocrx_word' id='word_1_826' title='bbox 1641 2778 1838 2812; x_wconf 84' lang='lat' dir='ltr'><strong>exoptantem,</strong></span> 
     </span>
    </p>
   </div>
   <div class='ocr_carea' id='block_1_117' title="bbox 1017 2820 1840 2860">
    <p class='ocr_par' dir='ltr' id='par_1_117' title="bbox 1017 2820 1840 2860">
     <span class='ocr_line' id='line_1_117' title="bbox 1017 2820 1840 2860; baseline -0.004 -7"><span class='ocrx_word' id='word_1_827' title='bbox 1017 2832 1071 2853; x_wconf 88' lang='lat' dir='ltr'><strong>nec</strong></span> <span class='ocrx_word' id='word_1_828' title='bbox 1085 2831 1135 2860; x_wconf 90' lang='lat' dir='ltr'><strong>per</strong></span> <span class='ocrx_word' id='word_1_829' title='bbox 1150 2823 1240 2851; x_wconf 83' lang='lat' dir='ltr'><strong>alium</strong></span> <span class='ocrx_word' id='word_1_830' title='bbox 1257 2831 1321 2850; x_wconf 87' lang='lat' dir='ltr'><strong>eam</strong></span> <span class='ocrx_word' id='word_1_831' title='bbox 1343 2822 1555 2858; x_wconf 85' lang='lat' dir='ltr'><strong>exquirentem.</strong></span> <span class='ocrx_word' id='word_1_832' title='bbox 1581 2821 1687 2858; x_wconf 90' lang='lat' dir='ltr'><strong>thuid</strong></span> <span class='ocrx_word' id='word_1_833' title='bbox 1703 2820 1780 2849; x_wconf 86' lang='lat' dir='ltr'><strong>enim</strong></span> <span class='ocrx_word' id='word_1_834' title='bbox 1795 2820 1840 2850; x_wconf 85' lang='lat' dir='ltr'><strong>vir</strong></span> 
     </span>
    </p>
   </div>
   <div class='ocr_carea' id='block_1_118' title="bbox 1017 2866 1839 2906">
    <p class='ocr_par' dir='ltr' id='par_1_118' title="bbox 1017 2866 1839 2906">
     <span class='ocr_line' id='line_1_118' title="bbox 1017 2866 1839 2906; baseline -0.002 -8"><span class='ocrx_word' id='word_1_835' title='bbox 1017 2869 1136 2906; x_wconf 87' lang='lat' dir='ltr'><strong>sapiens</strong></span> <span class='ocrx_word' id='word_1_836' title='bbox 1151 2867 1261 2905; x_wconf 80' lang='lat' dir='ltr'><strong>regiam</strong></span> <span class='ocrx_word' id='word_1_837' title='bbox 1277 2867 1451 2896; x_wconf 83' lang='lat' dir='ltr'><strong>suavitatem</strong></span> <span class='ocrx_word' id='word_1_838' title='bbox 1468 2867 1570 2897; x_wconf 79' lang='lat' dir='ltr'><strong>alienis</strong></span> <span class='ocrx_word' id='word_1_839' title='bbox 1584 2866 1670 2897; x_wconf 84' lang='lat' dir='ltr'><strong>labiis</strong></span> <span class='ocrx_word' id='word_1_840' title='bbox 1684 2866 1839 2904; x_wconf 77' lang='lat' dir='ltr'><strong>gustaret?</strong></span> 
     </span>
    </p>
   </div>
  </div>
