2021 3154
169 157 228 188 955

563 158 774 189 EUSTATHII
795 156 1176 188 THESSALONICENSIS
1198 157 1487 188 METROPOLITIE

1817 158 1878 188 956

170 224 282 256 Quibus
295 224 331 251 ad
347 225 475 252 mentem
494 224 611 252 illorum
629 224 782 259 revocatis,
798 232 852 260 ego
871 223 997 251 confun-

1054 226 1169 260 νουνεχῆ
1198 221 1342 260 βασιλικῆς
1381 222 1553 260 γλυκύτητος
1582 222 1741 261 ἀλλοτρίοις
1769 223 1877 261 χείλεσι

171 268 239 295 dam
269 268 410 296 barbaros
439 267 594 296 humiliata
622 276 722 296 eorum
751 268 900 304 superbia,
929 275 994 295 cum

172 313 213 340 ita
227 312 357 340 illustres
374 313 436 348 agis
453 313 628 349 triumphos,
643 322 658 341 ο
670 313 838 349 imperator,
854 314 994 340 adversus

171 357 248 391 illos,
272 357 410 393 virosque
438 357 580 385 bellorum
610 357 805 385 amicissimos
834 357 877 384 tui
902 357 994 384 solius

170 403 250 429 metu
267 410 381 429 coerces
402 402 451 437 qui
467 402 496 429 in
520 402 623 437 plateis
647 401 857 437 gloriabantur.
873 404 900 429 et
916 402 992 437 quod

171 455 257 474 nomo
273 455 364 480 usque
387 447 421 474 ad
444 449 614 482 praesentem
644 446 859 482 generationem
886 446 916 473 in
933 455 994 473 ma-

170 492 259 519 ximis
274 491 358 519 bellis
384 493 500 526 fecerat,
514 493 546 519 tu
571 491 686 519 facilius
715 491 836 528 patrusti
853 493 890 525 et,
907 493 939 518 ut
956 491 995 518 ita

172 535 277 571 dicam,
294 535 356 563 sine
371 536 478 564 labore.

209 635 253 663 17.
275 635 401 663 Facilius
430 635 488 662 dixi
517 637 546 664 et
566 635 629 663 sine
659 635 768 669 labore,
797 635 996 663 universitatis

172 687 271 708 rerum
300 679 418 707 oblitus.
448 679 580 708 Primum
610 679 770 714 laborasti;
800 689 875 716 sape
904 680 995 708 bella-

173 724 230 759 sti;
249 732 298 760 pro
329 723 412 751 nobis
439 724 605 758 dimicnsti;
632 727 743 752 onustae
773 724 890 752 fuerunt
906 725 996 753 armis

173 777 289 798 manus.
306 769 359 796 Pro
383 769 466 796 nobis
492 769 572 796 fuisti
597 769 735 803 saucius;
759 769 857 797 hostes
881 770 996 797 saucia-

174 814 212 842 sti
228 813 270 841 ita
285 816 317 840 ut
332 821 379 840 eos
403 814 549 841 numerari
573 821 760 849 nequaquam
787 814 826 841 sit
845 814 994 850 possibile.

174 858 255 886 Vidit
270 860 296 885 te
312 858 453 886 sudorum
470 858 578 885 ﬂumen
607 858 636 885 in
652 858 716 894 ipso
733 858 895 893 jucundius
912 859 997 887 ablu-

173 903 249 936 tum,
262 910 350 937 quam
366 902 480 938 Cydnus
509 910 637 930 mersum
654 902 682 930 in
708 902 771 938 ipso
787 902 995 931 Alexandrum.
1011 913 1034 945 Β

174 947 215 975 Ex
229 947 360 982 adverso,
386 949 554 974 corruentes
584 947 612 974 in
643 947 811 976 servitutem
837 948 994 984 redegisti;

174 990 276 1019 nullus
298 990 401 1026 hostis,
420 991 518 1019 nullus
544 991 666 1019 bellator
693 1000 780 1027 quem
796 994 826 1019 tu
856 1001 912 1020 non
926 994 995 1021 sub-

170 1035 288 1072 jeceris.
318 1037 474 1072 Propterea
504 1044 605 1064 omnes
634 1045 732 1064 coram
762 1038 790 1065 te
817 1037 902 1065 etiam
929 1039 997 1066 ante

175 1088 366 1116 congressum
397 1080 573 1117 procidunt;
612 1081 657 1117 (ut
694 1081 765 1117 quid
801 1081 879 1109 enim
908 1082 996 1109 dimi-

176 1127 251 1160 cent,
282 1133 348 1152 cum
377 1124 448 1152 nihil
477 1125 542 1153 illos
570 1125 625 1153 nisi
660 1126 794 1154 interitus
826 1126 997 1163 maneat?)

176 1171 205 1198 et
220 1178 251 1197 se
266 1171 322 1197 tuo:
343 1170 475 1198 subdunt
499 1170 704 1204 dominationi,
720 1179 809 1207 seque
824 1171 996 1208 triumphali

178 1216 229 1242 tuo
244 1214 341 1241 currui
354 1213 485 1251 alligant.
501 1215 536 1242 Et
552 1217 669 1250 propter
684 1215 753 1251 quid
769 1214 848 1242 aliud
871 1217 913 1243 tot
928 1215 998 1243 clari

179 1259 326 1295 principes
342 1267 394 1294 per
408 1267 524 1287 omnem
545 1261 652 1287 terram
669 1260 795 1296 dispersi
815 1260 850 1287 ad
866 1268 920 1288 nos
934 1268 998 1295 per-

179 1306 252 1341 gunt
281 1303 439 1337 continuo,
481 1306 509 1332 et
535 1304 687 1332 nobiscum
726 1305 820 1332 vivere
849 1307 998 1340 satagunt,

178 1357 302 1385 quorum
319 1357 375 1376 non
392 1350 438 1375 est
453 1348 561 1376 Iabium
581 1357 682 1381 unum,
698 1357 815 1384 unaque
830 1348 940 1384 lingua,
949 1350 998 1377 sed

178 1393 314 1429 prudenti
330 1393 483 1420 concordia
500 1393 684 1427 meditantes,
700 1396 728 1421 et
743 1393 819 1421 inter
842 1401 873 1421 se
888 1393 998 1421 delibe-

177 1440 275 1465 rantes
285 1437 429 1472 probeque
436 1437 659 1473 scientes,quem
670 1438 821 1466 dominum
830 1440 896 1474 post
907 1438 997 1466 Deum

178 1490 268 1509 unum
285 1482 439 1518 solumque
451 1482 507 1510 sibi
522 1482 683 1518 eligent,ita
693 1482 866 1518 semetipsos
878 1482 999 1510 illustri-

176 1527 233 1555 bus
261 1526 422 1563 triumphis
451 1527 612 1563 praabentes
639 1527 802 1563 divinaeque
829 1530 886 1555 tuas
910 1535 999 1564 super

176 1579 279 1600 omnes
293 1571 418 1599 victorias
433 1572 636 1599 testimonium
651 1571 828 1600 exhibentes.

212 1669 255 1696 18.
273 1669 356 1696 Absit
368 1671 401 1696 ut
415 1668 499 1696 illum
523 1671 651 1697 Neeman
667 1669 714 1697 hic
737 1671 847 1697 taceam
865 1669 914 1705 qui
931 1670 999 1698 alibi

177 1713 271 1741 claros
287 1713 358 1740 mihi
376 1713 572 1750 suppeditavit
587 1722 747 1748 sermones,
764 1714 812 1750 qui
828 1714 881 1742 etei
900 1714 999 1750 procul

177 1758 300 1786 distaret
322 1758 406 1793 quasi
437 1758 587 1794 proximus
616 1759 718 1786 oculos
747 1766 826 1786 meos
854 1759 998 1793 astrinxit,

176 1802 222 1830 vir
250 1811 307 1830 non
336 1804 453 1830 staturae
491 1810 579 1837 quam
619 1805 724 1830 natura
751 1802 821 1829 viris
859 1803 999 1838 impertit,

178 1846 229 1873 sed
245 1846 273 1873 in
291 1846 524 1882 magnitudinem
536 1846 630 1873 elatus
641 1848 670 1874 et
680 1848 799 1882 aspectu
812 1847 999 1883 conspicuus,

178 1890 260 1925 prius
289 1890 407 1925 quidem
438 1890 474 1917 ad
504 1890 636 1918 animum
664 1890 776 1918 virilem
804 1892 958 1925 exercitus,
974 1896 1000 1920 et

179 1933 386 1961 obluctationis
398 1942 454 1962 non
466 1934 586 1971 ignarus
600 1937 628 1963 et
637 1935 670 1962 ad
684 1937 830 1963 certamen
838 1936 1000 1972 exsultans,

180 1986 246 2006 mox
262 1980 358 2006 autem
386 1979 420 2006 de
449 1979 524 2006 bono
550 1981 612 2007 tum
643 1982 721 2008 metu
751 1982 813 2008 tum
831 1980 1002 2010 vulneribus

179 2023 310 2057 edoctus,
327 2026 355 2050 et
371 2031 448 2051 nunc
463 2023 526 2060 ipse
541 2033 656 2060 quoque
679 2025 713 2053 ad
732 2025 916 2061 triumphum
933 2035 1000 2054 con-

179 2075 310 2096 currens.
322 2068 405 2095 Prius
420 2076 523 2096 servus
540 2069 690 2105 fugitivus,
706 2069 876 2106 dominique
890 2079 924 2099 ex
937 2079 1002 2100 con-

180 2114 281 2149 spectu
298 2112 415 2141 abditus
431 2121 509 2140 nunc
533 2113 633 2141 mallet
654 2113 764 2141 malum
780 2123 866 2142 omne
891 2116 1001 2152 perpeti

182 2165 270 2194 quam
286 2157 350 2185 visu
367 2157 445 2185 illius
472 2157 578 2185 orbari.
609 2158 750 2194 Equidem
767 2160 858 2187 currit
873 2162 904 2187 ut
921 2160 1001 2196 priu-

180 2202 274 2238 oipem
289 2201 394 2234 videat,
408 2202 490 2237 quasi
507 2211 523 2230 a
539 2203 668 2230 tenebris
691 2203 726 2230 ad
747 2203 848 2236 solem,
874 2206 902 2232 et
918 2204 1003 2232 beni-

179 2255 236 2283 gne
259 2246 430 2282 suscipitur,
461 2247 609 2283 intratque
638 2247 779 2283 gaudium
809 2249 920 2276 domini
944 2249 1000 2277 sui.

1050 266 1194 304 γεύεσθαι;
1229 268 1320 295 Ταῦτα
1357 267 1395 298 εἷς
1430 268 1543 304 μνήμην
1575 267 1685 298 ἐκείνοις
1712 268 1878 303 ἀνακινήσας

1049 311 1101 349 ἐγὼ
1138 310 1289 339 καταιδέσω
1327 311 1390 342 τοὺς
1426 309 1592 350 βαρϐάρους,
1631 309 1793 340 καταϐαλὼν
1828 313 1879 346 τὴν

1049 354 1132 393 ὀφρὺν
1149 356 1253 392 αὐτοῖς,
1284 356 1306 383 εἰ
1331 356 1405 384 Dii-:6:
1435 355 1580 393 λαμπροὺς
1608 355 1679 394 ἄγεις
1709 353 1877 394 θριάμϐους,

1049 400 1071 427 ὦ
1089 399 1210 438 βασιλεῦ,
1227 401 1285 428 κατ’
1309 400 1407 435 αὐτῶν,
1424 401 1469 428 καὶ
1483 400 1548 432 τοὺς
1565 401 1598 435 ἧν
1627 401 1671 428 ὅτε
1698 400 1879 437 πολεμιωτά-

1048 455 1111 475 τους
1127 442 1205 484 φόϐῳ
1228 444 1273 473 καὶ
1292 446 1367 482 μόνῳ
1392 446 1520 483 προάγεις
1550 445 1591 473 ἐπ’
1621 445 1721 483 ἀγορᾶς
1738 446 1798 473 καθ’
1815 445 1876 472 ἔαυ-

1047 491 1102 517 τῶν
1117 489 1321 527 πομπεύοντας·
1339 490 1383 517 καὶ
1399 490 1413 517 δ
1431 489 1529 526 μηδείς
1558 493 1601 517 πῶ
1624 490 1707 527 μέχρι
1722 490 1767 517 καὶ
1784 493 1880 527 γενεᾶς

1048 533 1150 568 ταύτης
1163 533 1298 571 πολέμοις
1323 535 1461 572 μεγίστοις
1490 534 1684 572 κατεπράξατο,
1716 535 1799 567 αὐτὸς
1815 536 1880 571 ρᾷον

1050 577 1121 606 οὕτω
1135 579 1280 615 κατορθοῖς
1296 579 1340 606 καὶ
1356 579 1393 610 ὡς
1409 579 1493 606 εἰπεῖν
1511 579 1680 607 ἀπονώτατα.

1088 632 1128 667 ιζ’·
1145 631 1234 660 Ἀλλὰ
1261 632 1292 660 τὸ
1317 631 1419 668 δήποτε
1441 634 1522 660 τοῦτο
1548 632 1580 659 τὸ
1605 633 1688 670 μέρος
1712 631 1777 670 ῥᾷον
1804 630 1881 669 λέγω

1050 677 1093 704 καὶ
1111 677 1222 711 ἄπονον,
1247 680 1298 712 τῆς
1319 679 1372 704 τῶν
1400 677 1568 714 πραγμάτων
1600 675 1734 712 ὁλότητος
1764 675 1881 707 ἐκλαθό-

1052 731 1142 758 μενος.
1164 721 1315 756 Ἐπόνησας
1343 722 1375 748 τὰ
1402 724 1506 759 πρῶτα.
1538 720 1749 759 Ἐξεστρατεόσω
1779 722 1880 758 συχνά.

1050 765 1193 802 ’Ἡθλησας
1208 764 1242 793 δι’
1272 767 1355 803 ἡμᾶς.
1384 763 1544 802 Ἐτρίϐησάν
1570 776 1617 793 σου
1632 768 1690 796 τοῖς
1719 764 1821 796 ὅπλοις
1853 766 1880 792 αἱ

1051 813 1151 848 χεῖρες.
1180 809 1413 848 Ἑτραυματίσοης
1442 810 1509 846 ὑπὲρ
1538 811 1629 847 ἡμῶν.
1660 809 1880 847 Ἐτραυμάτισας

1051 854 1115 885 τοὺς
1144 854 1272 892 ἐχθροὺς,
1298 855 1346 882 ὅσα
1371 854 1434 882 οὐδὲ
1449 855 1487 886 εἰς
1503 855 1617 892 ἀριθμὸν
1645 857 1735 882 πεσεῖν
1751 853 1876 882 δυνατόν.

1051 897 1113 926 Εἶδὲ
1129 910 1157 926 σε
1171 901 1224 926 τῶν
1251 897 1372 937 ἱδρώτων
1398 900 1523 936 ποταμὸς
1547 897 1736 936 ἀποδυόμενον
1760 899 1800 930 εἰς
1829 899 1877 926 αὖ·

1049 944 1093 971 τὸν
1107 942 1237 981 ἡδότερον
1267 944 1336 982 ἤπερ
1362 945 1376 971 ὁ
1401 943 1504 976 Κύδνος
1529 941 1714 980 κολυμϐῶντα
1731 943 1766 970 δι’
1796 943 1881 971 αὐτοῦ

1049 989 1094 1016 τὸν
1124 988 1312 1026 Ἁλέξανδρον.
1352 988 1525 1017 Ἐδουλὼσου
1553 989 1616 1022 τοὺς
1653 988 1876 1020 ἀντιπίπτοντας.

1052 1033 1216 1070 Παρεστήσω
1243 1033 1329 1061 πάντα
1350 1033 1459 1072 ἐχθρὸν,
1476 1033 1561 1061 πάντα
1576 1032 1723 1071 πολέμιον.
1751 1034 1805 1061 Καὶ
1834 1033 1879 1060 διὰ

1050 1079 1134 1105 ταῦτα
1161 1078 1259 1110 πάντες
1296 1079 1339 1106 καὶ
1378 1079 1431 1117 πρὸ
1459 1079 1554 1116 πείρας
1582 1078 1796 1116 προσρίπτονταί
1823 1089 1878 1113 σοι,

1052 1122 1152 1160 (τίγὰρ
1176 1122 1206 1149 ἃν
1233 1122 1278 1150 καὶ
1308 1122 1454 1161 μάχοιντο,
1481 1122 1544 1155 ἔνθα
1576 1124 1613 1160 μή
1645 1123 1695 1150 οὐκ
1717 1121 1791 1150 ἔστιν
1808 1122 1877 1150 ἐκεί-

1051 1177 1115 1198 νους
1141 1170 1231 1194 πεσεῖν
1245 1168 1264 1204 ;)
1298 1167 1342 1194 καὶ
1367 1171 1417 1202 τῆς
1434 1166 1589 1199 δεσποτείας
1619 1178 1666 1195 σου
1685 1167 1818 1205 γίνονται,
1834 1167 1879 1194 καὶ

1053 1209 1262 1248 θριαμϐεύουσιν
1287 1212 1408 1244 ἑαυτούς.
1438 1213 1472 1241 Ἤ
1500 1212 1526 1239 τί
1553 1222 1618 1239 ποτε
1647 1211 1717 1240 ἄλλο
1747 1211 1880 1243 παθόντες

1053 1256 1079 1283 οἳ
1108 1259 1249 1294 πανταχοῦ
1276 1258 1327 1294 γῆς
1352 1255 1543 1295 διεσπαρμένοι
1571 1256 1730 1293 περίκλυτοι
1758 1255 1881 1294 ἀρχηγοὶ

1053 1301 1092 1328 ἀεὶ
1110 1301 1269 1329 στάλλονται
1285 1304 1347 1339 παρ’
1371 1302 1457 1338 ἡμᾶς,
1487 1301 1532 1329 καὶ
1560 1302 1607 1332 τὰς
1636 1302 1736 1329 ἑαυτῶν
1767 1300 1884 1328 διασπο-

1054 1345 1102 1384 ρὰς
1122 1345 1233 1373 ἐνταῦθα
1262 1346 1415 1383 συνάγουσι,
1449 1345 1546 1384 χεῖλος
1577 1347 1625 1382 μὶν
1653 1344 1728 1376 ὄντες
1757 1345 1813 1383 οὐχ
1840 1346 1882 1379 ἓν,

1054 1388 1117 1417 οὐδὲ
1135 1390 1248 1427 γλῶσσα
1273 1389 1331 1427 μία,
1361 1391 1496 1427 συμπνοίᾳ
1520 1389 1548 1418 δὲ
1573 1392 1653 1428 νοερᾷ
1680 1391 1777 1417 ταυτὸν
1809 1389 1884 1418 ἐννο-

1053 1437 1145 1466 οῦντες
1168 1435 1212 1462 καὶ
1241 1437 1400 1473 φρονοῦντες
1425 1434 1575 1471 ἀλλήλοις,
1599 1435 1643 1462 καὶ
1674 1433 1788 1469 εἰδότες,
1820 1435 1882 1461 τίνα

1054 1478 1187 1514 δεσπότην
1214 1480 1281 1516 μετὰ.
1309 1480 1374 1507 Θεὸν
1411 1478 1457 1507 ἕνα
1485 1478 1529 1507 καὶ
1557 1479 1640 1516 μόνον
1666 1479 1883 1517 ἐπιγράφονται,

1052 1524 1096 1551 καὶ
1127 1524 1197 1551 οὕτω
1223 1523 1362 1562 λαμπροῖς
1389 1521 1534 1562 θριάμϐοις
1560 1523 1670 1554 ἑαυτοὺς
1687 1522 1819 1557 διδόντες,
1835 1523 1883 1551 καὶ

1053 1569 1102 1603 τὴν
1118 1568 1187 1596 κατὰ
1210 1569 1316 1596 πάντων
1345 1569 1390 1596 καὶ
1413 1566 1502 1596 ἔνθεον
1529 1568 1607 1603 νίκην
1637 1579 1679 1596 σοι
1695 1568 1885 1606 ἐπιμαρτυρό-

1055 1623 1130 1651 μενοι
1143 1626 1150 1648 ;
1771 1648 1775 1651 _

1092 1669 1136 1703 ιη’.
1152 1667 1208 1695 Οὐκ
1227 1667 1257 1695 ἃν
1287 1666 1350 1695 οὐδὲ
1372 1668 1418 1695 τὸν
1445 1667 1549 1704 Νεεμὰν
1579 1665 1693 1695 ὶνταῦθα
1718 1668 1884 1704 σιγήσομαι,

1055 1712 1084 1744 ὅς
1117 1711 1218 1740 ἄλλοτε
1244 1712 1291 1748 μὶν
1308 1712 1406 1750 λόγους
1430 1723 1476 1749 μοι
1492 1712 1622 1750 ἐχορήγει
1639 1711 1795 1749 λαμπροὺς,
1814 1711 1884 1740 ἄπο-

1054 1767 1121 1788 πτος
1135 1756 1185 1790 ὢν,
1200 1757 1231 1784 οὔ
1247 1757 1300 1794 πρὸ
1317 1757 1421 1794 μακροῦ
1449 1755 1478 1784 δὲ
1498 1759 1543 1784 καὶ
1572 1758 1622 1791 τήν
1647 1757 1707 1784 θέαν
1738 1768 1785 1793 μοι
1814 1758 1885 1794 πρὸς

1055 1799 1159 1838 θάμϐος
1177 1800 1327 1840 ἐφείλκετο·
1344 1801 1411 1839 ἀνὴρ
1428 1802 1460 1828 οὐ
1486 1803 1540 1829 τῶν
1556 1802 1682 1839 πήχεων,
1712 1801 1743 1832 ἃς
1765 1802 1782 1836 ἡ
1801 1801 1882 1839 φύσις

1053 1848 1113 1877 τοῖς
1128 1845 1237 1883 ἀνδράσι
1266 1848 1368 1883 μετρεῖ,
1398 1845 1461 1873 ἀλλ’
1488 1845 1633 1884 ἐξηρμένος
1661 1845 1700 1876 είς
1731 1845 1813 1883 μέγα,
1835 1846 1881 1873 καὶ

1054 1891 1104 1925 τὴν
1133 1889 1194 1922 θίαν
1220 1887 1411 1927 περίϐλεπτος·
1439 1889 1473 1917 τὰ
1502 1891 1549 1926 μὲν
1578 1891 1631 1928 πρὸ
1645 1890 1744 1918 τούτου
1763 1889 1884 1927 μελετή-

1056 1946 1102 1966 σας
1142 1933 1322 1973 ἀνδρίζεσθαι,
1369 1934 1414 1962 καὶ
1458 1935 1550 1971 μαθὼν
1592 1934 1791 1969 ἀνθίστασθαι,
1835 1935 1882 1962 καὶ

1055 1979 1253 2017 ἀνασκιρτήσας
1282 1978 1320 2011 εἷς
1347 1978 1490 2016 πόλεμον·
1515 1979 1586 2017 ταχὺ
1614 1977 1642 2006 δὲ
1670 1978 1882 2017 μιταδιδαχθεὶς

1055 2025 1086 2052 τὸ
1113 2023 1208 2057 καλὸν,
1237 2023 1270 2051 τὰ
1300 2023 1346 2060 μὶν
1377 2021 1482 2061 φόϐοις,
1512 2023 1545 2051 τὰ
1566 2022 1595 2051 δὶ
1623 2022 1710 2051 πλείω
1730 2023 1881 2062 τραύμασι,

1055 2069 1100 2097 καὶ
1124 2070 1170 2096 νῦν
1195 2068 1239 2096 καὶ
1264 2067 1343 2099 αὐτὸς
1379 2068 1416 2100 εἰς
1443 2066 1577 2105 θρίαμϐον
1607 2068 1754 2097 συντελῶν.
1785 2069 1840 2097 Καὶ
1868 2069 1882 2096 ὁ

1055 2113 1118 2152 πρὶν
1134 2113 1220 2151 φυγὰς
1237 2112 1346 2148 δοῦλος,
1370 2112 1414 2140 καὶ
1442 2113 1488 2140 τὸν
1519 2111 1651 2148 δεσπότην
1683 2113 1882 2150 κρυπτόμενος,

1056 2159 1100 2185 νῦν
1130 2156 1222 2186 ἕλοιτο
1251 2157 1281 2184 ἂν
1311 2161 1404 2190 παθεῖν
1434 2158 1501 2186 ἅπαν
1528 2156 1624 2192 δεινὸν,
1643 2157 1660 2193 ἢ
1676 2161 1727 2192 τῆς
1743 2157 1806 2190 osa:
1819 2157 1882 2186 τού-

1055 2214 1103 2231 του
1117 2203 1264 2242 στέρεσοαι.
1296 2204 1407 2240 Ἀμέλει
1431 2203 1477 2231 καὶ
1498 2203 1590 2241 τρέχει
1615 2204 1661 2231 τὸν
1689 2203 1804 2240 βασιλέα
1819 2206 1882 2235 θεᾶ-

1056 2249 1126 2276 σθαι.
1144 2249 1181 2280 ὡς
1208 2248 1238 2275 ἃν
1266 2248 1310 2275 καί
1337 2259 1377 2280 τις
1403 2247 1433 2276 ἐκ
1447 2246 1559 2280 σκότους
1575 2248 1612 2279 εἷς
1627 2248 1721 2283 ἥλιον,
1737 2248 1784 2275 καὶ
1800 2258 1881 2285 προσ-

179 2291 229 2320 Cui
247 2291 328 2328 prius
357 2300 413 2319 non
437 2292 479 2319 fas
507 2294 568 2319 erat
596 2294 703 2320 terram
733 2292 857 2328 patriam
881 2293 998 2321 concul-

1057 2290 1226 2329 λαμϐάνεται
1269 2294 1337 2329 μετὰ
1373 2293 1539 2331 πραΰτητος,
1577 2293 1622 2320 καὶ
1661 2292 1817 2331 εἷο-ἔρχεταί
1845 2293 1881 2323 εἷς

178 2345 254 2371 care,
272 2344 350 2364 nunc
365 2336 444 2364 vadit
460 2344 510 2372 per
533 2336 662 2371 reginam
688 2337 806 2365 urbium
822 2339 952 2373 gaudens
968 2347 1001 2366 eo

179 2381 256 2416 quod
274 2381 436 2409 desiderata
452 2381 635 2416 imperaloris
653 2381 723 2409 facie
745 2382 869 2416 fruatur,
885 2391 1001 2418 suaeque

180 2425 329 2452 servitutis
346 2435 402 2453 non
420 2426 520 2458 alium,
533 2426 582 2453 sed
596 2425 787 2461 semetipsum
801 2434 868 2454 vere
882 2435 1002 2462 sponso-

180 2477 242 2496 rem
258 2469 342 2497 testis
356 2470 482 2498 exhibet.
500 2470 646 2499 Percurrit
670 2470 763 2498 oculis
788 2471 867 2499 varia
891 2471 941 2499 illa
955 2480 1002 2499 or-

179 2515 318 2541 namenta
341 2522 404 2550 quze
434 2514 573 2549 prmelara
597 2516 648 2542 tua
676 2515 844 2550 exprimunt
862 2515 1002 2550 facinora,

180 2566 246 2595 qum
260 2558 403 2593 pictorum
417 2568 522 2587 manus
534 2560 569 2587 ad
583 2560 756 2588 memoriam
768 2560 1001 2597 elaboraverunt,

177 2606 241 2633 tum
259 2603 382 2632 aliorum
407 2606 497 2639 gesta,
524 2607 583 2632 tum
614 2605 805 2640 semetipsum
835 2608 950 2641 gentem
973 2607 1000 2633 in

179 2657 236 2685 qua
261 2648 386 2685 degebat
414 2649 449 2676 ad
476 2649 688 2677 incrementum
718 2649 929 2685 stimulantem,
955 2650 1001 2677 hic

179 2696 326 2722 armatum
355 2695 384 2721 et
411 2693 550 2729 equitem,
581 2694 648 2721 alibi
678 2702 776 2722 ensem
808 2703 896 2722 manu
913 2695 1001 2722 strin-

180 2741 306 2775 gentem,
324 2739 431 2775 smpius
455 2738 614 2766 exercitum
644 2739 705 2766 loco
735 2739 889 2767 manifesto
906 2739 1003 2775 dispo-

182 2785 296 2811 nentem
313 2783 470 2820 copiasque
495 2782 733 2817 constituentem,
759 2786 787 2811 et
810 2784 933 2819 denique
956 2784 1003 2811 rie-

180 2827 288 2855 viotum
305 2837 498 2866 asperumque
515 2827 663 2864 planitiem
682 2829 749 2865 fuga
769 2828 1000 2866 conculcantem,

1055 2338 1104 2371 τὴν
1129 2338 1215 2375 χαρὰν
1242 2340 1291 2365 τοῦ
1306 2337 1402 2375 κυρίου
1431 2338 1524 2366 αὐτοῦ.
1542 2337 1590 2365 Καὶ
1620 2338 1633 2365 ὁ
1650 2338 1713 2375 πρὶν
1733 2336 1804 2374 μηδὶ
1821 2348 1880 2365 συν-

1056 2383 1108 2417 ήθη
1134 2385 1185 2419 γῆν
1211 2385 1303 2410 πατεῖν
1349 2383 1373 2410 ἐν
1418 2382 1533 2421 ἀσφαλεῖ
1559 2381 1791 2420 συγχωρούμενος
1822 2383 1880 2420 ἄρτι

1056 2424 1213 2465 προσϐαίνει
1228 2428 1263 2464 τῇ
1295 2425 1413 2464 βασιλίδι
1429 2429 1483 2454 τῶν
1499 2424 1618 2461 πόλεων,
1636 2426 1754 2465 χαίρων,
1780 2426 1822 2464 ἐφ’
1839 2428 1880 2458 οἷς

1055 2474 1107 2506 τῆς
1135 2472 1308 2508 ποθουμένης
1338 2471 1482 2510 βασιλικῆς
1507 2470 1594 2509 ὅψεως
1611 2473 1727 2509 γίνεται,
1756 2472 1802 2499 καὶ
1831 2472 1880 2504 τῆς

1057 2515 1138 2543 αὐτοῦ
1175 2514 1301 2547 δουλείας
1342 2516 1395 2543 οὐκ
1431 2516 1477 2555 ἀφ’
1505 2515 1605 2550 ἑστίας,
1649 2515 1711 2544 ἀλλ’
1743 2516 1782 2547 ὡς
1808 2516 1880 2551 ἀλη-

1057 2562 1111 2592 θῶς
1139 2559 1268 2598 ἐχέγγυος
1295 2560 1378 2595 αὐτῆς
1410 2561 1512 2599 μάρτυς
1541 2559 1714 2598 παρίσταται.
1736 2560 1880 2598 Περιέρχε-

1056 2615 1098 2632 ται
1129 2606 1163 2641 τῇ
1193 2605 1239 2641 θέᾳ
1267 2605 1311 2632 καὶ
1338 2604 1510 2642 ποικίλματα
1538 2605 1626 2632 ἐκεῖνα
1643 2626 1650 2639 ,
1678 2605 1728 2632 ὅσα
1756 2606 1805 2635 τὰς
1836 2605 1881 2635 σὰς

1056 2648 1190 2686 ἀριστείας
1222 2648 1419 2684 ίνδάλλουσιν,
1449 2649 1498 2677 ὅσα
1528 2649 1675 2689 ζωγράφων
1709 2652 1803 2687 χεῖρες
1843 2649 1880 2680 είς

1059 2695 1170 2730 μνήμην
1202 2693 1391 2727 δαιδάλλουσι,
1418 2695 1451 2722 τά
1478 2705 1507 2723 τε
1531 2693 1613 2726 ἄλλα,
1629 2694 1722 2721 καὶτὰ
1745 2695 1804 2721 καθ’
1821 2695 1880 2722 ἑαυ-

1055 2738 1113 2772 τὸν,
1139 2738 1183 2766 ὅτε
1212 2739 1259 2775 μὶν
1302 2739 1455 2777 ἐρεθίζοντα
1482 2739 1514 2766 τὸ
1543 2739 1604 2777 περί
1625 2738 1703 2766 αὐτὸν
1731 2738 1808 2771 ἔθνος
1842 2739 1879 2769 εἷς

1057 2782 1244 2816 ἐπανάστασιν,
1275 2783 1392 2812 ἅλλλοοι
1422 2782 1450 2811 δὲ
1466 2782 1593 2819 ὁπλίτην,
1617 2783 1747 2819 ἷππότην,
1768 2784 1877 2820 ἒτὲρωθι

1057 2826 1086 2855 δὲ
1113 2828 1161 2862 τὴν
1191 2830 1272 2867 χεῖρα
1300 2829 1390 2869 ξίφους
1407 2828 1523 2866 ἅψασθαι
1552 2827 1748 2864 πλησιάζοντα,
1771 2827 1878 2856 πολλα-
