2018 3158
107 191 163 222 961

563 188 785 220 ALLOGUTIO
807 188 859 220 AD
881 188 1099 220 MANUELEM
1123 189 1353 222 COMNENUM.

1752 195 1812 226 962

110 257 208 296 σαρκὸς
238 257 297 289 θεὸν
316 279 323 293 ,
359 256 406 284 τὸν
444 255 678 294 ἔμπεριπατοῦντα
704 254 749 282 καὶ
778 254 956 289 ἓνοικοῦντάλ

1006 255 1028 283 it
1043 263 1107 284 arca
1123 258 1180 284 Deo
1195 259 1416 293 exstructa,non
1428 260 1543 288 tantum
1559 263 1679 297 propter
1693 269 1811 296 manna,

112 312 154 330 σοι
171 300 216 329 διά
234 312 264 329 τε
284 301 316 329 τὸ
342 300 436 338 μάννα,
467 300 584 336 στάμνον
608 300 657 334 τὴν
682 299 788 336 τιμίαν,
816 300 850 338 ἣγ
865 309 933 338 χρυ-

112 347 158 377 σὸς
175 344 326 381 ἀκίϐδηλος
342 344 532 383 συνεκρότησε,
556 345 606 378 τήν
631 343 656 371 ἐν
683 344 725 372 σοὶ
749 345 849 382 γνῶσιν
874 343 935 381 περί

110 402 141 419 τε
161 393 229 418 Θεοῦ
253 390 335 418 αὐτοῦ
358 390 403 418 καὶ
419 389 481 428 περὶ
505 391 557 416 τῶν
575 389 654 416 θείων
682 388 727 416 καὶ
755 388 821 427 ὑπὲρ
849 389 934 425 ἡμᾶς’

112 436 162 470 τὴν
178 432 340 470 ἀκίϐδηλον,
367 438 416 469 τῆν
447 431 622 466 στίλϐουσαν,
647 433 697 468 τὴν
727 432 861 469 ἡλιῶσαν,
886 433 935 467 τὴν

113 478 346 517 κεκαθαρισμὲνην
381 477 572 509 ἐπταπλασίως
597 480 657 510 τοῖς
685 477 768 510 θείοις
809 477 936 515 ἒπταρίθ-

117 535 179 562 μοις
208 523 372 562 χαρίσμασιν
390 533 396 541 ·
427 522 501 551 ἀλλὰ
525 523 570 550 καὶ
599 521 644 550 διὰ
671 521 720 553 τὰς
749 522 936 554 θεοτυπώτους

115 569 233 602 πλάκας,
265 569 294 600 ἃς
323 569 368 596 καὶ
397 567 479 599 αὐτὰς
505 565 582 595 ἔνδον
607 568 625 601 ἡ
655 567 688 601 σὴ
719 563 837 597 κιϐωτὸς
853 565 936 603 ἐμπε-

116 613 252 652 ριείληφε,
282 615 382 651 γνῶσιν
420 611 500 643 οὕσας
527 611 572 639 καὶ
602 611 684 643 αὐτὰς
709 613 762 638 τῶν
792 610 842 638 ὅσα
872 610 939 648 μετὰ

116 659 192 693 Θεὸν,
222 659 304 686 ὁποῖα
332 656 365 693 δή
395 667 455 684 τινα
481 656 515 684 τὰ
529 655 591 694 περὶ
619 657 705 693 ἡμᾶς,
734 655 779 683 καὶ
799 656 937 690 οἴςὴτῶν

115 702 257 741 περιγείων
287 701 385 737 κλῆσις
419 700 666 739 ἀποκεκλήρωται.
705 703 740 728 "A
777 701 821 728 καὶ
859 699 940 732 αὐτὸς

115 747 247 778 δάκτυλος
274 749 341 774 Θεοῦ
368 747 495 778 τυπώσας
522 745 559 777 εἷς
591 743 699 783 ἀκριϐὲς
714 745 757 773 καὶ
773 744 939 783 εὐδιάρθρω-

113 793 159 821 τόν
186 802 229 820 σοι
254 792 408 828 ἐναπέθετο,
441 790 469 819 εὖ
496 790 569 828 μάλα
600 789 793 828 διευκρινοῦντι
819 789 864 817 καὶ
891 790 939 821 τὰς

113 836 218 865 τούτων
248 836 339 876 φύσεις
354 836 398 864 καὶ
425 836 463 868 εἰς
487 837 549 863 νοῦν
575 835 654 863 αὐτὸν
671 834 801 870 ἀληθείας
815 834 840 862 ἐν
858 835 940 862 ἅπασι

117 881 257 920 βάπτοντι,
283 881 327 909 καὶ
351 882 401 916 τὴν
429 880 633 917 θαυμασιότητα
657 882 711 907 τῶν
737 882 786 907 τοῦ
808 881 874 907 Θεοῦ
900 877 941 917 ἔρ-

986 300 1153 335 jucundum
1170 301 1343 330 nutritorem
1371 303 1512 332 universas
1534 306 1631 334 carnis
1646 307 1744 341 deum,
1761 307 1812 343 qui

989 344 1019 372 in
1035 347 1063 373 te
1079 353 1130 381 per
1144 354 1254 374 manna
1268 347 1424 375 ambulans
1446 348 1600 386 inhabitat,
1618 359 1729 379 necnon
1747 360 1811 387 pro—

991 392 1055 425 pter
1084 390 1246 426 pretiosum
1273 399 1393 420 urceum
1418 401 1504 429 quem
1530 396 1695 430 composuit
1709 404 1813 424 aurum

991 434 1122 462 misturae
1138 443 1250 471 expers,
1267 435 1321 464 hoc
1336 440 1390 471 est,
1416 438 1599 474 cognitiones
1621 442 1686 468 tuas
1700 442 1761 468 tum
1778 441 1814 469 de

991 479 1059 512 Deo,
1077 481 1138 507 tum
1155 480 1190 507 de
1206 480 1361 513 divinis,dc
1377 490 1440 517 quae
1457 483 1499 510 eis
1515 492 1577 519 qua;
1589 492 1677 519 super
1692 493 1746 512 nos
1755 493 1816 513 ver-

992 526 1105 558 santur,
1123 524 1302 560 cognitiones
1319 533 1417 561 puras,
1442 526 1547 561 claras,
1564 528 1709 562 ardentes,
1725 529 1815 566 septi-

992 567 1126 596 formiter
1140 569 1269 604 septenis
1293 570 1522 599 charismatibus
1546 572 1653 601 divinis
1675 581 1817 609 expurga-

993 615 1057 648 tas;
1074 613 1124 640 sed
1149 614 1235 641 etiam
1254 617 1371 650 propter
1395 615 1512 643 tabulas
1540 624 1557 643 a
1583 617 1639 644 Deo
1660 617 1818 654 inscriptas

994 665 1068 693 quas
1084 657 1208 685 interius
1224 666 1290 686 arca
1305 661 1356 686 tua
1371 659 1527 694 continuit,
1544 668 1605 695 qum
1629 663 1699 688 sunt
1713 662 1819 690 notitia

994 710 1091 729 rerum
1109 702 1167 730 Deo
1192 702 1375 737 inferiorum,
1391 706 1450 731 tam
1480 705 1516 732 de
1543 705 1653 733 nostris
1677 713 1766 741 quam
1783 706 1819 734 de

995 747 1106 774 caateris
1134 747 1318 775 terrestrium
1348 748 1574 784 appellationem
1605 749 1726 777 sortitis.
1751 751 1818 783 Qua

994 792 1057 828 ipse
1087 791 1135 819 Dei
1173 792 1283 827 digitus
1321 793 1447 829 perfecte
1476 793 1625 829 insculpta
1658 794 1820 830 intimeque

995 837 1153 872 conjuncta
1172 836 1224 864 tibi
1241 836 1376 872 ingenuit
1390 837 1499 873 optime
1511 838 1820 873 judicaturo,horum-

996 889 1053 917 que
1069 883 1190 909 naturas
1205 880 1234 908 in
1253 884 1348 909 mente
1372 882 1511 910 omnibus
1533 881 1705 911 veritatibus
1720 884 1822 912 ornata

119 937 176 964 γων
193 926 247 964 οὐχ
261 926 366 960 ἁπλῶς,
387 924 460 953 ἀλλὰ
479 925 547 953 κατὰ
561 925 606 952 τὸν
630 922 714 952 Δαὸὶδ
729 922 833 964 σφόδρα
858 924 941 962 γινώ-

1004 925 1142 962 inﬁgenti,
1157 928 1186 953 et
1214 925 1360 954 mirabilia
1389 926 1440 954 Dei
1467 935 1556 962 opera
1581 935 1638 954 non
1653 927 1754 956 minus
1770 927 1821 956 sed

120 981 222 999 σκοντι·
240 971 300 998 ὅθεν
316 971 343 998 αἱ
358 970 460 1002 πλάκες
477 969 606 1005 αῦται,ὡς
622 970 668 1006 μὲν
684 969 745 1007 περὶ
762 969 839 1008 φύσιν
854 969 942 1004 οὗσαι,

119 1016 165 1044 καὶ
183 1015 250 1052 μετὰ
263 1015 313 1050 τὴν
328 1015 456 1043 ἀνωτάτω
473 1014 616 1052 θεολογίαν
631 1014 802 1052 τεταγμέναι,
817 1014 862 1041 καὶ
879 1014 944 1041 ὑπό-

121 1057 198 1087 ϐασιν
216 1058 340 1098 ἔχουσαι,
369 1059 414 1087 καὶ
443 1059 511 1097 πρὸς
536 1059 570 1087 τὰ
599 1059 673 1086 κάτω
696 1059 830 1094 νεύουσαι,
844 1057 943 1096 γηΐνης

121 1105 178 1132 οἷον
204 1103 388 1144 διαφαίνονται
413 1103 550 1135 πλάσεως
566 1103 606 1140 τῷ
622 1102 650 1130 δὲ
663 1114 693 1142 γε
708 1101 871 1139 ἀδιαπτώτῳ
894 1106 944 1137 τῆς

118 1149 246 1187 γνώσεως
259 1148 304 1176 καὶ
332 1149 371 1185 τῷ
387 1148 452 1185 θείῳ
467 1152 516 1184 τῆς
532 1149 646 1187 θεωρίας
663 1150 729 1176 Θεοῦ
753 1146 880 1184 δακτύλῳ
900 1157 946 1174 κα-

117 1194 303 1232 ταγράφεσθαι
319 1195 494 1232 θεωροῦνται.

158 1291 210 1328 κγ’.
226 1290 320 1322 Οὕτως
340 1289 393 1328 ἐγὼ
422 1291 453 1318 τὸ
482 1290 508 1317 ἐν
536 1289 579 1317 σοὶ
605 1289 687 1327 μάννα
711 1290 846 1324 κατανοῶ,
875 1288 946 1316 οὕτῶ

121 1337 174 1370 τὴν
189 1335 319 1372 στάμνον,
349 1335 420 1362 οὕτω
447 1335 479 1362 τὸ
507 1333 646 1371 ἕμπλοκον
676 1333 817 1371 σέμνωμα·
847 1333 892 1360 καί
919 1343 947 1360 σε

123 1379 170 1408 ὃὶᾶι
198 1382 282 1408 ταῦτα
311 1379 348 1410 εἷς
386 1376 504 1406 κιϐωτὸν
533 1377 665 1414 διαθήκης
692 1378 782 1413 θείας,
807 1380 847 1414 τῷ
872 1376 947 1415 λόγῳ

123 1425 317 1461 σκευσάμενος,
353 1422 470 1461 τίθεμαι.
511 1423 563 1452 Καὶ
592 1422 638 1451 ’ἱνα
672 1423 704 1450 τὸ
738 1425 791 1450 πᾶν
819 1421 948 1460 περιγρά-

123 1471 207 1506 ψαιμι
235 1469 326 1505 νόημα
354 1467 379 1495 ἐν
396 1470 489 1504 στενῷ,
505 1467 550 1495 καὶ
573 1467 611 1498 εἰς
637 1466 726 1505 βραχὺ
742 1466 846 1506 σφίγμα
866 1476 948 1494 κατα-

123 1513 218 1542 κλύσω
245 1512 346 1548 ταύτην
370 1513 419 1547 τήν
449 1509 575 1539 κιϐωτόν·
607 1514 772 1550 μαννοφορεῖ
802 1511 847 1538 τὸν
873 1511 947 1545 Θεὸν,

125 1558 170 1586 καὶ
196 1558 246 1586 ’ὸσα
274 1555 407 1591 θειότάτα,
438 1556 465 1584 ἐν
493 1556 592 1594 γνώσει
621 1555 736 1594 λαμπρᾷ
754 1555 798 1583 καὶ
814 1565 948 1592 στεγανω-

125 1603 206 1640 τάτῃ,
235 1602 280 1630 καὶ
309 1601 368 1629 ο⁹ίαν
399 1598 550 1629 ὑποϐάλλει
582 1603 653 1628 νοεῖν
688 1601 701 1628 ὁ
731 1599 843 1638 χρυσὸς,
869 1598 948 1627 δι’οὗ

125 1647 204 1686 φύσιν
231 1648 298 1674 Θεοῦ
327 1644 475 1683 πολλαχοῦ
500 1646 568 1682 ἡμῖν
597 1644 748 1683 ἔνοπτρίζει
777 1644 810 1672 τὰ
838 1644 948 1681 ἱεροπα-

127 1685 226 1730 ράὸοτα
255 1691 345 1729 λόγια.
374 1690 454 1728 Φέρει
473 1689 518 1718 καὶ
547 1689 653 1721 πλάκας
676 1690 726 1724 τὴν
742 1688 843 1724 λοιπὴν
860 1685 950 1721 ἔνθεον

126 1739 226 1775 γνῶσιν
255 1735 379 1764 ἁπάντων
416 1735 471 1763 τῶν
510 1734 662 1771 ἐγκοσμίων
700 1734 744 1761 καὶ
771 1734 831 1771 περὶ
861 1735 950 1770 ἡμᾶς·

127 1781 173 1809 καὶ
198 1780 297 1815 ταύτην
329 1779 378 1808 οὐκ
403 1779 430 1807 ἐν
456 1781 547 1818 γραφῇ
563 1777 743 1814 εὐεξαλείπτῳ
757 1778 801 1806 καὶ
817 1777 953 1812 ἐπιπολῆς

128 1825 284 1862 ἐξανθούσῃ,
311 1824 374 1852 ἀλλ’
403 1823 430 1851 ἐν
458 1826 551 1860 στερεᾷ
578 1823 622 1850 καὶ
651 1823 690 1854 είς
709 1822 789 1861 βάθος
803 1821 952 1859 ἐνδυομένη

128 1869 211 1898 πολύ.
241 1869 348 1898 Οὖτωκὶ
376 1868 409 1897 τά
435 1879 465 1896 τε
493 1869 561 1903 θεῖα,
586 1868 620 1896 τά
644 1878 674 1895 τε
699 1867 854 1905 ἀνθρώπινα
870 1866 953 1903 ἐμπε-

129 1913 285 1953 ριείληφας·
311 1915 344 1941 τὰ
372 1913 431 1950 μὶν,
461 1913 497 1944 ὡς
527 1913 552 1941 ἐν
579 1915 684 1951 χρυσοῦ
710 1911 955 1950 στεγανώματι,τά

131 1958 169 1994 δὲ,
196 1959 232 1990 ὡς
261 1958 287 1987 ἐν
319 1958 469 1996 στερεμνίῳ
497 1958 542 1986 καὶ
574 1957 681 1994 μονίμῳ
710 1955 864 1994 γλύμματι’
893 1966 955 1983 ταυ-

130 2005 175 2032 τὸν
192 2002 221 2032 δὶ
250 2003 348 2038 εἲπεῖν,
376 2001 459 2041 ἄμφω
487 2002 524 2033 εἷς
542 2003 666 2038 μνήμην,
691 2003 725 2036 ἧς
746 2001 795 2029 οὐκ
809 1999 865 2028 οἶδε
880 2000 953 2036 λήθη

128 2049 396 2087 κατακαυχήσασθαι.

164 2146 215 2176 κδ’.
230 2145 300 2181 Ἤδη
318 2145 347 2173 δὲ
365 2145 410 2173 καὶ
433 2143 526 2175 ἄλλως
554 2144 571 2179 ἠ
602 2144 635 2178 σὴ
652 2142 710 2171 θεία
737 2140 855 2173 κιϐωτὸς
875 2141 956 2177 αὕτη,

131 2193 146 2219 ὁ
175 2194 238 2223 νοῦς
266 2192 351 2228 μάννα
380 2189 468 2227 στέγει
491 2188 536 2216 καὶ
563 2188 665 2226 χρυσὸν
694 2187 738 2215 καὶ
767 2186 893 2218 πλάκας·
923 2186 955 2214 οὐ

133 2236 217 2274 μόνον
239 2235 304 2267 τοὺς
328 2234 390 2271 περὶ
415 2237 465 2269 τῆς
477 2233 607 2261 ἀνωτὰτω
635 2231 754 2270 Τριάδος
783 2231 892 2270 λόγους,
922 2231 956 2265 ἧς

130 2281 215 2313 τύπος
231 2281 246 2309 ὁ
260 2283 313 2308 τῶν
339 2280 476 2307 ἀποθέτων
500 2277 653 2314 κειμηλίων
674 2277 779 2305 τούτων
802 2276 889 2313 τριὰς,
911 2275 957 2303 καὶ

132 2327 163 2354 τὸ
177 2328 226 2354 τοῦ
241 2326 327 2363 μάννα
342 2324 478 2362 οὐράνιον⁶
507 2322 581 2351 ἀλλὰ
596 2322 641 2350 καὶ
668 2321 732 2353 τοὺς
755 2321 817 2359 περὶ
845 2324 896 2356 τῆς
910 2322 959 2348 τοῦ

135 2373 202 2399 Θεοῦ
227 2370 315 2409 Λόγου
336 2366 509 2399 καταϐάσεως
537 2367 578 2406 ἐφ’
608 2367 693 2402 ἡμᾶς,
724 2366 809 2402 σάρκα
834 2371 956 2403 προσλα-

136 2413 258 2452 ϐομένου
271 2415 321 2449 τήν
348 2413 378 2441 ἐκ
401 2413 478 2450 χοὸς,
494 2413 543 2447 τὴν
559 2412 618 2443 καθ’
641 2412 724 2448 ἡμᾶς,
741 2409 791 2446 ἔξω
805 2412 854 2437 τοῦ
870 2411 957 2447 ἀμαρ-

133 2461 192 2491 τίας
227 2457 368 2496 μολυσμὸν
399 2457 588 2494 ἐπισύρεσθαι·
628 2455 659 2483 οὗ
691 2452 819 2492 σύμϐολα
854 2455 871 2490 ἠ
909 2456 958 2482 τοῦ

137 2505 223 2542 μάννα
261 2504 358 2540 ὑψόθεν
388 2499 553 2537 κατάϐασις,
590 2500 635 2528 καὶ
664 2500 695 2527 τὸ
726 2499 881 2538 ἀρῥύπαρον
910 2501 958 2526 τοῦ

134 2541 251 2587 iptio-06,
275 2547 319 2575 καὶ
348 2549 400 2574 τῶν
430 2545 541 2573 πλακῶν
569 2545 601 2573 τὸ
625 2543 821 2582 χοόπλαστον·
849 2543 894 2574 οὓς

134 2585 275 2631 ἕκατὲρους
302 2591 412 2630 λόγους,
439 2590 502 2622 τούς
528 2600 557 2617 τε
585 2589 647 2628 περί
679 2591 746 2617 Θεοῦ
757 2591 806 2616 τοῦ
821 2585 959 2626 ὲνΤριάδι

136 2636 387 2676 προσκυνουμὲνου,
406 2635 469 2666 τούς
489 2645 518 2662 τε
546 2635 672 2672 περὶτοῦ
696 2635 763 2661 Θεοῦ
788 2633 888 2671 Λόγου,
911 2634 960 2660 τοῦ

137 2683 196 2714 ἑνὸς
220 2686 271 2717 τῆς
293 2679 422 2719 Τριάδος,
435 2681 483 2706 τοῦ
508 2679 533 2706 ἰν
557 2679 707 2716 ὁστρακίνῳ
737 2677 824 2705 σκεύει
851 2677 960 2714 σαρκὸς,

138 2727 273 2765 ἡμετέρου
297 2725 444 2762 θησαυροῦ,
470 2723 541 2751 οὕτω
573 2723 620 2760 μὲν
642 2722 779 2758 περιέπεις
803 2721 848 2749 καὶ
873 2721 962 2760 φέρεις

136 2771 332 2809 ταμιευόμενος
347 2767 476 2809 ἀσφαλῶς
506 2767 532 2796 ἂν
557 2769 646 2806 ψυχῇ,
673 2768 710 2799 ὡς
741 2765 798 2794 οὐδ’
813 2766 843 2794 ἃν
860 2765 962 2803 οὐδεὶς,

136 2816 199 2845 οὖὶιὶ
212 2816 281 2843 πάνυ
309 2814 371 2852 περὶ
400 2814 449 2844 τὰς
476 2812 643 2850 τιμιωτέρας
676 2813 731 2839 τῶν
758 2810 831 2839 ὑλῶν
861 2813 961 2846 ιπτοη-

139 2862 246 2901 μὲνος,
276 2859 476 2899 ὲπαγρυπνήσει
505 2856 614 2898 φυλακῇ
644 2857 780 2895 θησαυροῦ
796 2865 802 2873 ·
837 2855 909 2885 οὕτω
935 2853 965 2884 δὶ

998 971 1161 999 secundum
1176 970 1278 1004 David,
1295 970 1414 1006 penitus
1439 974 1636 1007 cognoscenti,
1662 972 1740 1000 unde
1761 972 1822 1000 istas

997 1014 1103 1043 tabulae
1119 1017 1219 1051 utpote
1235 1015 1311 1042 circa
1327 1018 1462 1043 naturam
1478 1019 1629 1044 versantes
1642 1018 1670 1044 et
1686 1019 1751 1052 post
1765 1024 1822 1045 caa-

997 1059 1099 1087 lestem
1125 1059 1301 1095 theologiam
1327 1059 1476 1094 ordinatae,
1505 1060 1591 1096 paulo
1621 1061 1776 1089 submissa:
1795 1062 1824 1089 et

999 1105 1034 1132 de
1049 1104 1173 1132 terrenis
1189 1106 1346 1132 tractantes
1363 1105 1398 1132 ad
1423 1105 1543 1132 modum
1559 1107 1679 1133 terrenae
1700 1105 1824 1142 impres-

999 1148 1091 1176 sionis
1106 1150 1258 1184 apparent,
1275 1149 1326 1176 sed
1343 1151 1460 1184 propter
1486 1148 1576 1176 ullius
1591 1150 1699 1177 erroris
1715 1150 1824 1177 immu-

998 1192 1119 1219 nitatem
1135 1191 1234 1220 divino
1252 1192 1299 1220 Dei
1315 1192 1572 1228 contemplationis
1587 1193 1679 1229 digito
1694 1193 1825 1230 insculp-

1000 1240 1030 1264 ta
1041 1235 1223 1271 judicantur.

1034 1290 1080 1317 23.
1098 1290 1140 1317 lta
1152 1297 1206 1326 ego
1221 1290 1251 1318 in
1266 1292 1295 1318 te
1319 1298 1428 1319 manna
1449 1293 1547 1319 mente
1561 1291 1704 1327 concipio,
1721 1292 1760 1319 ita
1775 1300 1824 1320 ur-

1001 1342 1096 1368 ceum,
1118 1334 1159 1362 ita
1173 1337 1314 1370 augustas
1329 1335 1456 1369 tabulas,
1471 1338 1499 1364 et
1514 1338 1542 1364 te
1566 1339 1720 1372 propterea
1734 1336 1764 1364 in
1780 1344 1826 1364 sr-

1001 1387 1065 1406 cam
1081 1379 1264 1407 tabernaculi
1280 1379 1329 1407 Dei
1354 1380 1440 1408 verbo
1464 1380 1607 1416 efﬁngens
1628 1389 1714 1417 pono.
1732 1381 1826 1416 thue

1002 1425 1093 1451 totam
1121 1423 1150 1450 in
1173 1423 1251 1451 brevi
1277 1424 1518 1452 circumscribam
1547 1425 1766 1461 cogitationem,
1781 1434 1826 1453 ar-

1003 1476 1067 1496 cam
1083 1467 1162 1495 illam
1180 1468 1210 1495 in
1225 1471 1353 1504 angusto
1379 1468 1512 1504 amplexu
1537 1470 1733 1503 abscondam;
1751 1469 1827 1497 divi-

1004 1521 1074 1540 num
1092 1512 1147 1540 fert
1160 1520 1268 1540 manna
1291 1521 1344 1541 seu
1368 1512 1505 1548 quaelibet
1530 1513 1714 1541 divinissima
1728 1513 1758 1541 in
1775 1522 1826 1542 co-

1004 1556 1135 1593 gnitione
1149 1556 1228 1584 clara
1239 1556 1378 1592 nulloque
1389 1558 1570 1593 penetranda
1584 1566 1691 1591 errore,
1709 1557 1825 1593 qualem

1006 1602 1097 1629 menti
1127 1601 1264 1637 proponit
1292 1610 1397 1629 aurum
1435 1610 1493 1637 quo
1520 1602 1599 1630 velut
1626 1602 1745 1638 speculo
1778 1601 1830 1630 Dei

1006 1649 1140 1673 naturam
1166 1646 1275 1681 ubique
1299 1649 1508 1682 repraesentant
1532 1647 1724 1674 sanctissimae
1745 1646 1831 1675 nobis

1006 1689 1121 1717 traditae
1135 1689 1248 1718 litterae.
1265 1691 1330 1718 Fert
1344 1690 1433 1719 etiam
1457 1692 1583 1726 tabulas,
1600 1691 1628 1718 id
1653 1694 1698 1719 est
1712 1693 1831 1719 caetero-

1007 1742 1073 1762 rum
1097 1734 1225 1762 divinam
1249 1734 1393 1770 notitiam,
1408 1735 1540 1764 omnium
1556 1736 1741 1764 terrestrium
1763 1743 1831 1764 neo-

1007 1787 1064 1806 non
1080 1787 1181 1806 eorum
1197 1788 1261 1815 quas
1285 1779 1362 1807 circa
1387 1788 1440 1808 nos
1459 1783 1632 1815 versantur;
1649 1780 1710 1808 haec
1732 1783 1831 1808 autem

1008 1823 1112 1851 notitia
1141 1831 1194 1851 nec
1223 1824 1306 1852 facile
1339 1824 1464 1853 delenda
1501 1833 1555 1853 nec
1583 1825 1684 1853 leviter
1716 1827 1833 1852 tantum

1009 1866 1119 1902 scripta
1136 1866 1199 1900 fuit,
1217 1867 1268 1895 sed
1299 1867 1423 1895 firmiter
1451 1871 1479 1896 et
1508 1869 1667 1897 admodum
1690 1868 1748 1896 alte
1777 1867 1836 1897 fuit

1008 1911 1164 1948 insculpta.
1195 1911 1238 1940 Ita
1265 1914 1326 1940 tum
1356 1913 1455 1940 divina.
1486 1915 1548 1941 tum
1579 1914 1710 1942 humana
1737 1915 1836 1941 mente

1009 1955 1178 1992 concepisti,
1195 1956 1246 1984 illa
1268 1957 1387 1992 quidem
1411 1957 1490 1986 velut
1514 1958 1544 1986 in
1573 1967 1644 1986 auro
1673 1957 1836 1992 recondita,

1009 2001 1067 2028 ista
1081 2003 1179 2028 autem
1192 2000 1271 2028 velut
1283 2002 1408 2029 ﬁrmiter
1415 2005 1444 2030 et
1455 2006 1662 2038 permanenter
1677 2002 1836 2038 insculpta,

1010 2053 1072 2078 seu,
1090 2048 1123 2072 ut
1151 2045 1236 2072 aliter
1264 2046 1373 2080 dicam,
1402 2047 1489 2074 ambo
1517 2047 1547 2075 in
1578 2047 1749 2075 memoriam
1772 2054 1836 2082 quea

1010 2089 1185 2117 oblivionem
1202 2090 1295 2118 nescit
1310 2090 1476 2118 indelibiter
1492 2091 1601 2119 inusta.

1045 2144 1090 2170 24.
1105 2145 1169 2171 Jam
1192 2142 1264 2171 alias
1289 2143 1347 2171 dixi
1374 2143 1503 2172 divinam
1529 2153 1627 2173 aream
1643 2146 1737 2177 tuam,
1754 2151 1836 2171 men-

1011 2190 1081 2221 tem,
1109 2195 1218 2214 manna
1246 2190 1342 2223 tegere
1370 2190 1400 2216 et
1426 2197 1531 2216 aurum
1557 2191 1586 2217 et
1622 2188 1750 2222 tabulas,
1777 2195 1836 2215 non

1011 2235 1124 2260 tantum
1141 2231 1325 2268 cognitiones
1350 2233 1426 2260 circa
1448 2233 1694 2261 sublimissimam
1709 2232 1837 2260 Trinita-

1012 2279 1082 2309 tem,
1098 2277 1184 2311 cujus
1201 2277 1295 2312 tigura
1305 2277 1500 2314 repositorum
1518 2277 1623 2305 horum
1642 2277 1836 2314 pretiosorum

974 2311 997 2344 D
1013 2321 1131 2349 trinitas
1147 2311 1312 2357 mannaque
1338 2311 1468 2356 cceleste,
1485 2323 1535 2350 sed
1565 2311 1653 2350 etiam
1679 2321 1758 2349 circa
1785 2319 1837 2348 Dei

1013 2366 1097 2394 Verbi
1113 2366 1148 2393 ad
1164 2374 1218 2393 nos
1233 2366 1420 2400 descensum,
1436 2375 1553 2395 carnem
1569 2375 1584 2395 θ
1599 2367 1670 2394 limo
1686 2372 1838 2394 assumen-

1011 2411 1062 2445 tis,
1078 2418 1194 2438 carnem
1220 2413 1328 2438 nostra:
1355 2411 1494 2445 similem,
1525 2414 1645 2447 excepto
1661 2413 1788 2447 peccato,
1807 2411 1839 2438 ut

1013 2455 1115 2483 sordes
1129 2458 1319 2491 expurgaret;
1337 2456 1422 2492 cujus
1438 2455 1570 2491 symbols
1581 2458 1644 2483 tum
1662 2464 1771 2483 manna
1781 2463 1838 2483 oce-

1013 2499 1084 2526 litus
1113 2499 1288 2533 demissum,
1317 2502 1379 2527 tum
1409 2500 1473 2528 auri
1503 2500 1669 2535 sinceritas,
1689 2503 1752 2527 tum
1780 2501 1839 2527 ter-

1013 2552 1084 2572 rena
1098 2543 1267 2572 tabularum
1283 2544 1417 2580 plastice,
1442 2553 1531 2580 quam
1555 2547 1712 2580 utramque
1734 2543 1841 2571 intelli-

1014 2588 1143 2625 gentiam
1173 2591 1201 2616 et
1226 2589 1304 2616 circa
1335 2590 1424 2617 Deum
1454 2590 1484 2617 in
1513 2590 1654 2617 Triuitatc
1684 2589 1839 2617 adoratum

1014 2635 1043 2661 et
1058 2633 1134 2660 circa
1150 2633 1197 2660 Dei
1223 2633 1353 2661 Verbum
1378 2642 1469 2662 unum
1496 2642 1530 2662 οι
1552 2633 1706 2667 Trinitate,
1722 2640 1840 2661 carnem

1016 2686 1052 2705 ex
1066 2677 1162 2706 lutosa
1191 2678 1311 2706 materia
1342 2679 1462 2712 factum,
1490 2678 1664 2706 thesaurum
1694 2680 1840 2710 nostrum,

1015 2724 1096 2750 tanto
1113 2722 1210 2750 studio
1226 2721 1297 2750 colis
1312 2724 1341 2750 et
1365 2725 1465 2759 portas
1480 2723 1510 2750 in
1535 2722 1636 2750 anima
1660 2724 1722 2749 tuto
1745 2729 1840 2749 asser-

1015 2770 1123 2800 vatam,
1149 2769 1181 2794 ut
1204 2775 1302 2801 nemo,
1322 2767 1411 2795 etiam
1436 2767 1542 2795 harum
1567 2775 1601 2795 ex
1630 2765 1762 2794 materiis
1778 2773 1840 2793 ma-

1016 2811 1093 2839 xime
1110 2811 1302 2846 pretiosarum
1327 2811 1537 2847 peritissimus,
1553 2810 1684 2839 thesauri
1700 2810 1840 2838 custodias

1017 2855 1123 2884 melius
1139 2855 1323 2892 invigilabit;
1340 2864 1452 2885 necnon
1468 2856 1509 2884 ita
1523 2855 1692 2885 memoriter
1705 2855 1797 2884 babes
1812 2857 1842 2883 et
