2021 3154
107 194 154 225 965

135 262 179 294 κη’.
195 258 229 286 Σὺ
255 256 293 294 δὲ,
322 258 345 285 ὧ
373 257 493 286 θειότατι
522 259 659 297 ἆρχιερεῦ,
687 259 732 286 καὶ
760 258 840 286 εἰσέτι
864 259 949 293 νῦνΑ

108 303 230 341 ὑπονέχων
252 302 282 329 ού
306 302 379 340 παύῃ
398 302 498 338 ταύτην
523 304 572 338 τὴν
593 301 709 331 κιϐωτὸν
725 303 769 331 καὶ
783 306 842 336 τοῖς
857 302 904 340 ἒχ-

106 350 167 386 Θροῖς
188 347 316 385 ἐπεξάγων
345 347 444 383 αὐτὴν,
471 348 512 378 οἷς
538 348 603 384 ὑπὲρ
633 348 716 375 αὐτοῦ
739 348 786 379 τὰς
810 350 905 385 χεῖρας

107 394 171 430 ὑψοῖς
192 392 226 423 εἷς
250 392 324 426 Θεὸν,
349 391 394 419 καὶ
417 394 476 423 τοῖς
502 392 631 424 ἐναντίοις
657 392 819 431 ἀπρόμαχον
839 398 904 424 καθ-

105 440 181 473 ιστᾷς,
207 436 249 464 καὶ
288 436 395 474 κράζειν
433 435 497 467 τοὺς
527 435 703 475 ἀλλοφύλους
731 439 828 467 ποιεῖς.
858 436 904 468 Τίς

103 483 162 519 ἡμᾶς
187 481 214 509 ἐκ
240 480 336 508 τούτου
363 482 412 508 τοῦ
440 477 558 520 φοϐεροῦ
587 481 631 509 καὶ
662 480 752 514 ἐνθέου
772 480 905 519 αὐτοκρά-

101 536 168 563 τορος
182 525 282 564 ῥύσεται
300 534 307 560 ;
322 525 433 556 Ὁποίας
449 523 481 560 δή
498 536 574 556 τινας
586 525 671 553 πάλαι
685 526 729 553 καὶ
745 527 762 561 ἡ
786 523 904 557 κιϐωτὸς

102 570 173 606 ἐκείνη
187 570 273 608 φωνὰς
287 572 344 601 τοῖς
361 569 537 609 ὲτεροφύλοις
548 568 711 599 ὑπέϐαλλεν.

130 616 173 644 κθ’.
199 616 229 642 Ὠ
256 612 373 645 κιϐωτὸς
403 613 482 650 αὕτη,
513 615 577 642 Θεὸν
609 614 653 643 καὶ
681 616 715 642 τὰ
744 615 802 642 θεῖα
831 614 904 642 ἔνδον

101 660 132 691 εἷς
154 661 255 696 μνήμην
281 657 489 687 ἀδιασκέδςιστον
514 659 646 697 στέγουσα
669 660 675 688 l
701 660 734 686 Ὦ
759 660 903 696 κοσμοσώ-

100 715 162 743 τιιρα
187 702 298 735 κιϐωτὸς
317 726 324 738 ,
353 703 417 735 τοὺς
442 706 496 731 τῶν
525 703 610 731 ὅντων
641 703 742 741 λόγους
769 703 904 741 ἐμπεριει-

101 749 188 788 ληφυῖα
208 748 338 784 θειότατα,
360 747 407 776 ’ἶνα
424 759 450 776 τι
474 748 518 776 καὶ
538 752 588 783 τῆς
603 749 695 787 ἱτὲρας
709 748 822 776 ἐνταῦθα
837 759 903 786 φαν-

99 793 205 830 τάσωμαι
220 791 349 828 κιϐωτοῦ,
367 791 400 820 δι’
415 792 448 827 ἦς
463 792 564 828 ταύτης
580 794 662 829 ἡμεῖς
678 791 814 824 πολλάκις
838 791 903 820 κλυ-

99 836 187 874 δασμοῦ
210 840 329 875 ψυχικοῦ
355 836 558 874 διασεσώσμεθα
594 837 767 875 κρείττονεςί
797 837 829 864 Ὠ
857 848 902 864 κι-

98 879 180 920 ϐωτὸς,
204 884 315 920 μνήμης
326 882 458 910 ἀποθίτου
481 885 592 919 ταμεῖον
610 879 835 910 ἀνεπιϐούλευτον
850 883 855 910 ί
871 882 901 909 Τί

98 926 146 962 δὲὴ
173 928 228 966 ἱερά
255 925 374 958 κιϐωτὸς
402 926 469 961 αὕτη
486 937 493 962 ;
509 927 545 954 Τὰ
577 927 623 963 μὲν
652 926 725 958 ἐντὸς
750 926 832 954 οὕτω·
856 926 900 954 καὶ

97 958 362 1010 πλακῶνιέμὸρίθειαν
386 958 473 1009 στέγει
487 958 551 999 ’τῶν
577 958 764 1005 δεοπλάστων,
780 971 824 998 καὶ
841 981 903 999 στα-
918 958 942 990 Β

99 1015 209 1052 μνοδοκεῖ
230 1017 283 1051 τήν
306 1020 424 1054 χρυσῆν,
449 1015 494 1043 καὶ
525 1019 690 1055 μαννοφορεῖ
713 1017 744 1043 τὸ
766 1015 900 1052 οὐράνιον.

98 1062 131 1089 Τὰ
142 1060 166 1088 δὲ
180 1061 251 1093 ἐκτὸς
278 1061 327 1088 οὐκ
351 1059 408 1099 ἔχει
434 1063 493 1092 τοῖς
518 1059 592 1088 ἔνδον
618 1060 771 1098 ὁμότροπα.
798 1059 847 1096 Εῗη
871 1060 900 1088 ἂν

97 1108 163 1134 τοῦτο
177 1106 218 1134 καί
235 1106 429 1141 διανοήσασθαι
444 1105 525 1142 μόνον
543 1104 651 1143 ἀνδρὸς¹
666 1104 727 1132 οὕτε
742 1104 835 1136 ἄλλως
865 1104 902 1136 είς

96 1150 186 1179 τιλιίαν
209 1151 287 1190 φύσιν
313 1150 513 1187 διοικουμένου,
541 1148 730 1188 βεϐλαμμένου
756 1149 785 1177 δὲ
804 1150 849 1177 καὶ
865 1149 902 1181 εἷς

96 1196 135 1228 τὰς
154 1195 240 1227 ἀκοάς.
266 1195 393 1231 Ἀληθῶς
417 1195 468 1232 γὰρ
493 1195 537 1222 καὶ
566 1194 678 1222 ἰνταῦθα
698 1196 715 1229 ἡ
731 1196 779 1223 τοῦ
796 1194 902 1233 βασιλι-

95 1242 134 1268 κοῦ
147 1241 203 1272 νοὸς
228 1241 356 1276 ἀποθήκη
384 1241 442 1271 τοῖς
466 1242 582 1278 καρποῖς
605 1241 653 1266 τοῦ
675 1239 831 1276 Πνεύματος
858 1239 901 1277 pe-

96 1282 181 1322 ϐριθεν,
209 1287 249 1317 οἷς
274 1285 358 1319 αὐτὴν
389 1284 513 1322 οὐράνιος
542 1283 678 1321 ἐμίστωσε
702 1284 832 1322 γεωργὸς,
857 1283 902 1311 καὶ

541 193 759 224 ALLOCU'I‘IO
783 194 834 224 AD
857 193 1077 225 MANUELEM
1099 194 1330 225 COMNENUM.

1726 197 1784 229 966

998 259 1042 286 28.
1059 260 1102 287 Tn
1117 268 1195 294 vero,
1221 268 1238 288 ο
1265 259 1449 288 divinissime
1474 261 1612 297 pontifex,
1631 270 1783 299 nunquam

961 311 1058 332 cessas
1075 304 1164 332 istam
1188 304 1332 332 sustinere
1356 313 1452 333 arcam
1468 308 1496 332 et
1520 306 1657 334 adversus
1684 306 1784 336 hostes

959 355 1022 376 eam
1038 349 1194 383 adducere,
1210 357 1317 376 manus
1333 357 1385 385 pro
1407 349 1471 385 ipsa
1485 350 1518 377 ad
1546 350 1638 378 Deum
1655 351 1781 387 erigens,

960 400 1071 420 necnon
1086 393 1215 421 inimicis
1230 393 1457 430 insuperabilem
1482 395 1605 430 opponis
1628 397 1656 423 ct
1675 397 1780 424 vocife-

958 437 1016 464 rari
1032 437 1143 465 alienos
1173 438 1263 466 facis:
1282 449 1295 463 α
1325 438 1395 471 Quis
1412 447 1465 466 nos
1493 439 1528 466 ab
1558 440 1613 467 isto
1629 441 1780 469 tremendo

959 489 1046 516 quem
1075 482 1151 510 Deus
1179 483 1298 518 adjuvat
1325 483 1500 519 imperatore
1525 483 1629 512 eruet?
1652 495 1666 510 »
1696 485 1780 513 Tales

959 527 1106 561 quondam
1123 536 1189 555 arca
1203 527 1253 555 illa
1281 527 1423 555 clamores
1439 527 1543 556 alienis
1572 529 1707 564 gentibus
1729 531 1778 558 ob-

954 570 1036 606 jecit.

993 615 1038 643 29.
1056 616 1078 643 0
1101 624 1168 644 arca
1189 615 1240 644 illa
1264 618 1352 643 Deum
1380 616 1537 653 divinaque
1552 617 1582 645 in
1608 619 1780 647 memoriam

958 659 1145 688 indelebilem
1162 661 1321 688 recondens
1334 660 1340 688 l
1351 660 1373 688 Ο
1387 669 1453 688 arca
1465 662 1565 689 mundi
1579 663 1727 698 servatrix,
1741 673 1780 691 re-

959 712 1023 731 rum
1040 713 1191 733 sermones
1204 705 1343 733 divinitus
1354 706 1553 739 continens,ut
1564 707 1634 742 quid
1645 708 1733 736 etiam
1745 709 1781 736 de

957 747 1049 777 altera
1059 757 1127 777 arca
1138 749 1184 777 hic
1194 750 1347 777 ostendam
1358 758 1408 785 per
1419 759 1507 786 quam
1517 751 1625 787 saepius
1634 752 1781 788 spirituali

957 793 1067 821 diluvio
1079 794 1180 822 intacti
1192 795 1339 822 evasimus
1351 794 1357 821 l
1369 795 1390 822 Ο
1401 803 1468 822 arca
1480 797 1541 822 tuta
1550 796 1670 832 repositi
1682 797 1782 833 pigno-

957 837 997 865 ris
1017 838 1118 866 theca!
1136 839 1208 871 Quid
1226 842 1324 866 autem
1340 839 1405 875 ipsa
1421 848 1487 867 arca
1515 841 1639 868 sancta?
1655 841 1782 870 Interius

957 885 1094 910 contenta
1109 884 1170 911 basc
1194 887 1281 911 sunt:
1308 884 1475 912 tabularum
1493 893 1508 911 a
1535 885 1590 912 Deo
1605 885 1782 921 scriptarum

957 929 1144 956 sanctitatem
1159 929 1273 965 retegit,
1289 937 1340 956 vas
1365 937 1497 963 aureum,
1522 937 1686 964 mannaque
1701 931 1783 959 coele-

958 976 1011 1000 ste.
1025 973 1172 1000 Exteriore
1185 975 1283 1000 autem
1307 981 1365 1000 non
1391 972 1499 1000 habent
1522 973 1645 1002 internis
1661 974 1780 1003 similia.

958 1016 1032 1044 Illud
1048 1017 1160 1044 homini
1175 1017 1223 1045 vix
1246 1017 1332 1044 datur
1362 1017 1522 1053 excogitare
1542 1018 1591 1053 qui
1620 1027 1637 1046 a
1654 1019 1782 1054 perfecta

958 1064 1062 1090 natura
1091 1061 1215 1095 alienus,
1245 1070 1296 1089 nec
1321 1061 1400 1089 sanis
1423 1061 1544 1089 auribus
1572 1063 1689 1098 gaudet.
1706 1064 1780 1093 Nam

957 1115 1022 1134 vere
1038 1105 1087 1133 illa
1102 1106 1210 1133 mentis
1236 1105 1321 1141 regias
1347 1114 1414 1133 arca
1428 1105 1552 1141 Spiritus
1578 1107 1720 1136 fructibus
1736 1117 1780 1136 re-

958 1151 1031 1179 ferta
1046 1153 1098 1184 est,
1117 1151 1224 1186 quibus
1239 1158 1302 1178 eam
1319 1150 1446 1178 scelestis
1462 1150 1583 1186 replevit
1599 1152 1736 1188 agricola,
1753 1155 1782 1181 et

956 1196 1050 1231 ipsius
1063 1197 1157 1223 totum
1173 1195 1357 1231 splendorem
1383 1195 1572 1223 manifestum
1588 1197 1726 1231 ostendit,
1739 1197 1781 1226 ita

958 1242 989 1267 ut
1001 1239 1095 1276 gratia
1110 1248 1164 1267 sua
1179 1239 1277 1267 oculos
1293 1239 1329 1267 ad
1345 1247 1376 1267 se
1391 1241 1549 1273 convertat,
1566 1242 1595 1267 et
1609 1249 1696 1269 aures
1711 1249 1781 1277 gau-

957 1285 1046 1312 deant
1060 1284 1094 1312 ad
1113 1284 1200 1311 verba
1215 1283 1282 1311 hinc
1299 1283 1411 1320 prolata
1426 1285 1552 1312 attentis.

95 1329 119 1355 τὸ
130 1329 222 1365 ταύτης
237 1329 266 1357 δὲ
282 1329 513 1368 προσφαινόμενον
529 1329 597 1357 ἅπαν
610 1327 745 1367 τηλαυγὲς
759 1329 915 1367 προφαίνει,
930 1328 974 1356 καὶ
991 1329 1048 1356 οἷον
1063 1327 1110 1359 τάς
1124 1338 1154 1355 τε
1168 1325 1242 1365 ὄψεις
1257 1327 1424 1366 ἐπιστρέφειν
1445 1329 1479 1364 τῇ
1506 1328 1610 1365 χάριτι,
1637 1329 1681 1356 καὶ
1698 1328 1782 1361 ἀκοὰς

96 1371 119 1400 δὲ
131 1374 227 1412 χαίρειν
245 1372 494 1411 ἀναπεταννυμὲνας
511 1374 578 1410 πρὸς
593 1373 627 1401 τὰ
642 1372 741 1400 ἐκεῖθεν
758 1372 924 1410 ἀκούσματα.

123 1427 152 1456 λ’.
165 1429 230 1457 Ὅσα
260 1428 309 1465 μὶν
339 1427 384 1455 οὖν
414 1429 432 1463 ἡ
463 1427 551 1466 φύσις,
576 1426 668 1464 ἄριστε
690 1427 803 1465 βασὶλεῦ
820 1450 827 1463 ,
848 1427 901 1464 ἀμ-

95 1472 156 1510 φὶσὲ
169 1472 322 1511 φιλοτίμως
345 1472 515 1510 ήσχόληται,
540 1472 585 1499 καὶ
611 1471 673 1499 ὅσον
696 1471 781 1507 αὐτῆς
801 1472 831 1499 τὸ
856 1482 902 1499 πι-

95 1516 153 1551 pici
167 1516 368 1555 φιλοτέχνημα,
393 1514 465 1544 ἔσται
492 1527 538 1552 μοι
563 1515 785 1555 καλλιγραφῆσαι
808 1516 901 1554 καιρὸς

94 1557 180 1598 ἕτερος.
205 1561 242 1591 Οὐ
267 1561 321 1600 γὰρ
342 1560 430 1596 δήπου
454 1561 485 1588 τὸ
510 1559 653 1597 ἀπόδημον
677 1558 846 1599 βαρϐαρώσει
868 1561 901 1588 τὰ

94 1606 141 1632 κατ’
155 1605 209 1642 in},
234 1606 272 1637 ὡς
296 1606 382 1641 πάντη
409 1604 544 1633 ἐπιλιπεῖν
569 1605 603 1632 τὰ
621 1607 669 1632 τοῦ
686 1603 769 1642 λόγου
785 1605 900 1643 χρώμα-

93 1659 129 1681 τα,
152 1648 183 1677 δι’
204 1650 239 1677 ὧν
269 1648 366 1688 ἔχοίμι
391 1650 420 1677 ἂν
448 1650 671 1688 καταγράψασθαι
685 1650 716 1676 τὸ
731 1648 834 1681 κάλλος
848 1651 901 1676 τῶν

94 1691 238 1730 ὀφθαλμῶν·
267 1695 300 1722 τὸ
325 1698 375 1729 τῆς
399 1694 457 1726 θέας
482 1693 625 1731 γαλήνιον·
645 1694 677 1721 τὸ
691 1696 740 1721 τοῦ
752 1694 901 1732 προσώπου
917 1695 938 1728 C

93 1738 128 1764 καί
155 1738 260 1775 λάμπον
291 1739 335 1766 καὶ
366 1739 497 1776 ἡρωϊκόν·
522 1739 572 1773 τήν
596 1738 664 1774 δλην
691 1738 836 1777 εὐρυθμίαν
852 1742 901 1774 τῆς

92 1784 132 1808 τοῦ
155 1784 278 1820 σώματος
303 1784 491 1822 ἀκροπόλεως,
513 1784 543 1818 ἣν
567 1784 581 1811 ὁ
605 1783 716 1820 ὕψιστος
742 1784 806 1814 Θεὸς
822 1783 902 1820 ἰπύρ-

92 1836 164 1863 γωσεν
191 1830 258 1865 ἡμῖν
289 1828 328 1860 εἷς
356 1827 513 1866 ἀσφάλειαν·
538 1828 587 1862 τὴν
613 1830 666 1855 τῶν
694 1828 808 1865 στὲρνων
822 1829 903 1856 καθα-

91 1871 156 1908 πιρεὶ
182 1873 226 1900 καί
254 1872 366 1904 λέοντος
383 1873 517 1911 εὐρύτητα
539 1873 583 1900 καὶ
610 1872 831 1909 στερεμνιότητα·
851 1873 901 1907 τὴν

92 1917 137 1942 τῶν
149 1920 248 1955 χειρῶν
264 1917 398 1952 εὐτονίαν,
415 1918 446 1949 ἃς
459 1917 490 1944 οὐ
518 1916 600 1954 μόνον
622 1917 659 1947 ὡς
684 1917 824 1948 Δαυϊτικὰς
849 1919 902 1945 νοῶ

95 1959 229 1998 βραγίονας
243 1962 400 1998 τεθειμένας
416 1961 455 1992 εἷς
469 1961 546 1996 τόξον
574 1960 697 1998 χαλκοῦν
720 1961 750 1988 ἐκ
764 1964 841 1996 Θεοῦ⁷
859 1961 903 1989 ὅτε

92 2006 143 2031 κατ’
165 2004 268 2044 ἐχθρῶν
294 2006 447 2043 τεινάμεναι
467 2006 601 2042 θανάσιμα
631 2005 779 2043 βάλλουσιν
793 2015 799 2021 ·
829 2005 903 2033 ἀλλὰ

92 2051 292 2087 προσεπιθεωρῶ
316 2051 399 2082 αὐτὰς
424 2050 468 2078 καὶ
493 2049 594 2089 ὄργανα
619 2049 759 2084 ποιούσας,
784 2050 830 2077 καὶ
854 2048 901 2077 δα-

90 2093 188 2125 κτύλοις
205 2095 394 2133 ἁρμοττούσας
410 2094 550 2132 ψαλτήρια
577 2093 680 2122 εῧλαλα
702 2097 795 2129 ταῦτα,
811 2093 901 2131 γλώσ-

90 2147 128 2169 σας
140 2142 190 2167 τῶν
216 2140 354 2175 ὑπηκόων·
381 2141 422 2172 οἷς
446 2140 527 2171 αὐτὸς
556 2139 602 2176 μὲν
629 2138 667 2170 εἷς
691 2139 754 2170 τοὺς
779 2139 844 2177 ὑπὲρ
868 2140 901 2174 ή-

91 2185 140 2217 μῶν
161 2186 300 2221 καμάτους
321 2184 490 2223 καταρτίζεις
517 2184 564 2215 τὰς
592 2187 697 2222 χεῖρας,
712 2183 756 2211 καὶ
779 2184 831 2211 ὑπὸ
855 2183 902 2211 δας

88 2226 169 2264 κτύλῳ
192 2232 258 2257 Θεοῦ
283 2229 346 2261 τοὺς
372 2229 435 2261 σοὺς
460 2228 609 2260 δακτύλους
636 2231 768 2266 τεχνικῶς
798 2227 902 2266 ἐπιμε-

90 2270 161 2307 ρίζεις
185 2277 244 2305 ταῖς
267 2274 388 2312 πράξεσι,
414 2273 458 2301 καὶ
479 2274 517 2302 εἷς
545 2272 676 2312 ἁρμονίαν
705 2273 779 2310 ἄγεις
792 2274 823 2301 τὸ
840 2276 900 2302 πᾶν.

90 2316 155 2344 αὐτοὶ
179 2317 207 2345 ὂὶ
232 2318 389 2355 μελῳδοῦσι
415 2318 449 2346 τὰ
472 2319 630 2355 νικητήρια,
656 2317 689 2344 τὰ
710 2319 876 2356 χαριστήρια
893 2340 900 2353 ,

89 2363 128 2389 καὶ
141 2363 278 2401 ψαλτήρια
292 2365 411 2403 γίνονται
427 2364 573 2401 ἐμμέλειαν
591 2364 791 2402 ἁρμοττόμενα.

117 2414 162 2443 λα’.
189 2417 302 2446 Τούτων
339 2418 386 2454 μὲν
429 2418 486 2453 οὖν,
516 2417 582 2455 ὅπερ
610 2417 655 2444 καὶ
683 2416 785 2454 φθάσας
810 2418 897 2453 εἶπον,

86 2457 166 2497 ἕτερός
195 2473 242 2497 μοι
275 2463 343 2499 πρὸς
373 2461 572 2500 καλλιγραφίαν
605 2461 773 2497 ἀνακλητέος
800 2462 904 2499 καιρὸς,

86 2501 161 2532 δι’ών
186 2507 213 2534 αἱ
237 2506 313 2543 ὄψεις
338 2505 463 2534 ἕλκονται
490 2510 547 2537 τοῖς
572 2506 609 2537 εἱς
624 2506 655 2534 τὸ
673 2505 813 2543 βασιλικὸν
843 2506 905 2533 ἀνά-

88 2558 173 2585 μνημα
200 2551 410 2588 ἐντρανίζουσιν,
427 2550 444 2577 ἃ
466 2549 499 2585 δὴ
529 2551 575 2578 καὶ
601 2550 663 2581 τοὺς
691 2549 903 2586 ἰνωτιζομένους

86 2590 241 2623 ίπισπῶνται
258 2596 302 2623 καὶ
320 2596 468 2634 ἀναρτῶσιν
486 2596 542 2622 οἷον
564 2598 614 2629 τῆς
638 2595 733 2629 ἀκοῆς.
750 2594 830 2622 Ἀλλ’
845 2593 902 2623 οὐδ’

85 2634 187 2666 ἐνταῦθα
216 2651 265 2676 μοι
288 2639 423 2675 λαλητὲον
453 2640 553 2676 μακρὰ,
568 2639 631 2671 ἔνθα
656 2639 687 2666 τὸ
716 2639 901 2676 ἀκροατήριον

83 2681 139 2713 τοὺς
154 2684 253 2722 Λόγους
270 2684 430 2722 ἁρπάζουσι,
447 2684 491 2712 καὶ
507 2682 587 2711 τοῦτό
615 2694 647 2721 γε
671 2682 794 2711 ἀδικοῦσι
819 2695 903 2720 πανη-

83 2726 216 2762 γυρίζοντα
239 2729 354 2767 ῥήτορα,
370 2729 398 2756 εὗ
428 2729 474 2765 μὲν
498 2728 592 2760 ἄλλως
618 2730 770 2761 ποιοῦντες,
796 2728 836 2755 ὅτι
862 2731 902 2766 τῷ

84 2768 220 2806 ιῦμουσίας
236 2772 311 2812 ἁδρῷ
327 2773 372 2801 καὶ
400 2772 587 2813 πολυφθόγγῳ
611 2773 657 2801 τὸν
686 2776 736 2808 τῆς
764 2773 900 2810 ἡμετέρας

83 2813 148 2850 ᾠδῆς
167 2817 353 2857 ὗπιρφωνοῦσι
369 2817 534 2846 λιπτότατον
560 2816 669 2851 δόνακα,
685 2816 841 2848 ἀδικοῦντες
872 2816 901 2846 δὶ

83 2857 162 2898 ὅμως,
177 2862 218 2890 ὅτι
234 2862 280 2890 καὶ
297 2863 334 2895 εἰς
357 2863 389 2891 τὸ
415 2862 546 2894 παντελὲς
567 2863 641 2900 ἡμᾶς
668 2861 899 2900 ἀποκρύπτουσιν.

913 2386 938 2419 D

991 1429 1036 1455 30.
1062 1429 1209 1460 Quantum
1234 1435 1302 1463 ergo
1332 1430 1446 1461 natura,
1476 1428 1585 1464 optime
1614 1428 1781 1465 imperator,

956 1472 1034 1499 circa
1049 1474 1076 1499 te
1101 1472 1238 1499 muniﬁce
1263 1471 1414 1505 laboravit,
1445 1474 1589 1507 quantum
1619 1473 1683 1508 ejus
1707 1473 1737 1500 in
1752 1475 1781 1501 te

956 1516 1121 1544 dilectionis
1137 1524 1220 1552 opus,
1233 1515 1288 1544 erit
1303 1515 1376 1543 mihi
1389 1515 1445 1543 alio
1461 1518 1591 1552 tempore
1600 1519 1685 1553 grata
1699 1525 1782 1545 enar-

955 1561 1039 1589 randi
1064 1561 1187 1589 occasio.
1217 1564 1374 1597 Nunquam
1406 1561 1484 1589 enim
1513 1561 1654 1589 distantia
1678 1570 1723 1590 me
1739 1562 1780 1590 ita

955 1606 1112 1633 barbarum
1129 1605 1235 1633 efﬁciet
1252 1608 1283 1632 ut
1306 1606 1424 1633 omnino
1450 1607 1581 1634 deseram
1604 1606 1777 1642 eloquentia)

955 1649 1066 1678 colores
1089 1650 1198 1686 quibus
1222 1649 1378 1686 depingam
1404 1650 1556 1678 oculorum
1581 1651 1778 1687 pulchritudi-

959 1702 1035 1730 nem,
1065 1694 1146 1722 faciei
1175 1694 1385 1730 placiditatem,
1415 1695 1514 1723 vultus
1539 1690 1725 1731 splendorem
1750 1698 1779 1724 et

956 1739 1102 1767 heroicam
1118 1740 1291 1776 gravitatem
1305 1761 1312 1773 ,
1330 1741 1420 1767 totam
1437 1740 1527 1768 turris
1542 1741 1672 1776 corporis
1689 1749 1778 1777 quam

956 1784 1120 1812 altissimus
1145 1784 1228 1812 nobis
1256 1784 1332 1812 Deus
1360 1785 1396 1812 ad
1417 1785 1507 1812 robur
1532 1785 1694 1820 aediﬁcavit,
1720 1785 1780 1813 exi-

956 1830 1044 1857 miam
1060 1830 1310 1865 constitutionem,
1328 1830 1453 1866 pectoris
1469 1830 1504 1858 ad
1520 1831 1613 1858 instar
1628 1829 1720 1858 leonis
1735 1830 1779 1859 la-

957 1874 1113 1902 titudinem
1131 1877 1159 1902 st
1183 1874 1376 1910 dignitatem;
1401 1883 1542 1903 manuum
1568 1874 1781 1903 concinentiam

957 1927 1031 1954 quas
1048 1927 1105 1947 non
1128 1922 1243 1946 tantum
1269 1919 1349 1946 velut
1373 1919 1492 1947 Davidis
1521 1919 1615 1956 cogito
1631 1919 1751 1948 brachia
1766 1928 1783 1947 ο.

958 1966 1014 1990 Deo
1026 1964 1054 1990 in
1067 1972 1167 1991 arcum
1178 1972 1284 1991 aereum
1295 1966 1398 1999 parata
1409 1965 1527 2000 quando
1537 1967 1639 1992 contra
1648 1965 1782 1992 inimicos

956 2010 1073 2035 extenta
1089 2011 1211 2035 mortem
1236 2008 1387 2041 emittunt,
1411 2009 1461 2035 sed
1491 2009 1578 2035 etiam
1605 2009 1670 2036 illas
1687 2010 1783 2036 mente

956 2052 1088 2087 concipio
1127 2060 1238 2085 organa
1277 2051 1428 2086 pulsantes
1456 2054 1484 2079 et
1521 2052 1620 2088 digitis
1649 2054 1783 2087 aptantes

958 2096 1095 2131 psalteria
1110 2097 1183 2124 bene
1199 2095 1345 2126 sonantia,
1369 2096 1484 2131 linguas
1505 2096 1703 2130 subditorum,
1719 2095 1783 2131 qui-

957 2141 1012 2168 bus
1027 2143 1056 2167 tu
1073 2141 1134 2176 ipse
1150 2148 1256 2167 manus
1271 2140 1307 2167 ad
1333 2141 1446 2167 labores
1471 2148 1523 2175 pro
1548 2140 1632 2167 nobis
1648 2139 1782 2176 aggredi-

956 2185 1029 2213 endo
1046 2185 1260 2219 accommodas,
1276 2186 1305 2212 et
1330 2184 1385 2212 sub
1410 2184 1501 2221 digito
1516 2185 1565 2212 Dei
1592 2184 1700 2221 digitos
1715 2187 1781 2212 tuos

957 2230 1092 2265 operibus
1109 2229 1214 2256 callide
1231 2228 1394 2264 dispartiris
1418 2231 1446 2257 et
1462 2236 1616 2256 numerose
1640 2228 1703 2265 agis
1718 2236 1781 2255 om-

957 2275 1024 2308 nia;
1041 2274 1096 2309 ipsi
1114 2282 1179 2301 vero
1205 2273 1398 2301 modulantur
1423 2273 1611 2301 victoriarum
1639 2272 1780 2307 carmina,

956 2319 1115 2355 gratiarum
1132 2318 1275 2352 actiones,
1288 2320 1317 2346 et
1328 2318 1466 2354 psalteria
1477 2319 1550 2346 ﬁunt
1561 2317 1702 2346 melodice
1713 2325 1782 2345 con-

957 2363 1094 2391 cinentia.

991 2417 1035 2444 3t.
1052 2419 1160 2445 Horum
1177 2417 1278 2454 igitur,
1298 2419 1329 2445 ut
1344 2416 1425 2453 prius
1441 2417 1510 2450 dixi,
1528 2417 1620 2445 altera
1640 2415 1713 2444 mibi
1729 2415 1785 2446 erit

959 2462 993 2488 ad
1010 2461 1227 2496 depingcndum
1257 2460 1429 2497 exoptabilis
1454 2460 1578 2495 occasio,
1603 2469 1667 2496 quis
1683 2459 1784 2489 oculos

959 2506 1077 2541 quidem
1088 2507 1122 2533 ad
1131 2505 1258 2533 lucidam
1270 2505 1456 2541 imperatoris
1468 2505 1639 2533 memoriam
1650 2505 1784 2539 trahunt,

958 2558 1044 2578 aures
1056 2553 1152 2578 autem
1163 2550 1385 2586 percipientium
1399 2549 1786 2586 voluptariepellectasdeti-

958 2597 1125 2622 nent.Nunc
1136 2603 1200 2622 vero
1213 2595 1286 2622 mihi
1298 2602 1354 2621 nou
1368 2594 1481 2621 diutius
1497 2595 1702 2622 disserendum
1715 2593 1785 2629 quia

957 2639 1106 2666 auditores
1116 2639 1232 2675 rapiunt
1242 2647 1392 2666 sermones
1403 2639 1552 2674 simulque
1563 2639 1731 2667 laudantem
1745 2637 1785 2665 0f-

957 2684 1079 2711 fenduut
1107 2686 1271 2716 oratorem,
1298 2687 1374 2710 recte
1403 2684 1521 2718 quidem
1550 2683 1689 2711 facientes
1714 2681 1783 2717 quia

957 2731 1114 2756 concentus
1129 2728 1284 2756 concordia
1304 2730 1332 2755 el.
1355 2728 1549 2755 consonantia
1572 2725 1781 2755 tenuissimum

956 2773 1094 2800 carminis
1108 2772 1200 2800 nostri
1216 2772 1362 2800 calamum
1386 2774 1546 2807 superant;
1572 2771 1661 2800 simul
1681 2772 1780 2800 autem

955 2817 1107 2845 offendunt
1120 2817 1190 2853 quia
1206 2825 1258 2845 nos
1275 2824 1394 2852 prorsus
1409 2818 1577 2844 obscurant.
