2026 3156
204 163 263 195 967

596 157 807 190 EUSTATHII
829 157 1211 191 'I‘HESSALONICENSIS
1235 160 1527 192 METROPOLITAE

1859 158 1920 189 968

239 231 285 257 32.
301 229 355 257 Sed
371 235 423 263 ego
438 227 497 254 vim
510 225 655 254 adhibebo
670 224 806 259 carmini,
822 226 850 252 et
866 232 954 252 uuam
965 227 1030 251 tan-

1125 224 1178 263 λβ¹.
1195 226 1275 254 Ἀλλ’
1290 226 1343 264 ἐγὼ
1361 227 1490 264 βιάσομαι
1504 226 1554 260 τὴν
1570 224 1656 261 ᾠδὴν,
1671 225 1716 252 καὶ
1746 224 1921 260 ἀκούσματος

204 278 268 303 tum
284 281 384 302 vocem
400 272 526 299 breviter
539 270 738 304 memorando,
752 269 874 296 referam
891 277 1032 305 magnum

204 320 289 348 illum
299 320 408 346 cretum
420 316 455 344 ad
465 314 579 351 regium
589 314 650 342 ludi
663 313 935 349 magistrum,quem
950 313 1034 349 prius

201 366 265 402 jam
281 361 384 391 multis
400 361 497 388 modis
516 360 640 386 miratus
655 366 733 393 sum,
749 366 865 385 sacrum
881 357 1034 394 appellans

204 407 480 444 templum,quando
496 412 563 432 eum
574 403 708 431 videbam
719 402 807 438 pallio
819 402 956 430 indutum
968 411 1035 438 apo-

206 453 321 486 stolico,
338 450 476 480 omnibus
493 457 556 485 qua:
573 449 687 476 animas
702 447 855 475 enutriunt
870 448 938 475 inde
953 456 1036 475 coru-

205 499 348 530 scantem,
365 494 450 523 bonis
467 493 606 521 omnibus
621 493 771 525 refertum,
789 491 894 519 animae
911 492 1036 518 nutrito-

209 550 283 577 rem,
320 540 385 568 vita:
423 539 567 569 datorem.
606 536 754 565 felicitatis
789 535 967 572 largitorem.
1004 535 1036 563 Et

211 594 321 614 manus
349 587 446 612 mente
483 581 681 617 concipiebam
717 581 831 608 clelitus
862 581 1035 614 demissum,

213 630 377 667 pluensque
387 636 445 655 non
461 625 635 654 tantumisti
650 624 694 652 vol
714 624 757 651 illi
775 633 810 652 ex
821 624 969 660 gentibus,
985 624 1036 652 sed

210 674 327 711 populis
343 671 488 701 universis
503 671 611 706 quibus
628 669 678 698 Dei
695 672 763 697 nota
777 670 809 696 ﬁt
824 670 971 705 potentia:
985 669 1036 705 qui

207 727 309 747 omnes
325 726 434 745 manna
449 716 537 751 hujus
553 715 617 742 cibo
631 714 714 750 potiti
726 717 806 746 sunt,
818 717 847 741 et
858 714 906 741 alii
919 713 1037 741 aliunde

208 765 395 792 accurrentes
412 761 447 789 ad
459 760 530 788 illud
542 759 774 794 recolligendum
790 758 996 786 laboraverunt
1009 760 1038 785 et

209 809 245 836 ad
261 807 438 836 tradendum
463 806 571 833 bonum
597 804 716 831 fuerunt
744 803 867 830 incitati.
894 803 963 831 [nde
979 810 1035 830 nou

209 855 325 881 tantum
341 852 371 879 in
395 859 447 879 vas
477 849 626 886 quoddam
654 851 683 876 et
706 857 815 881 arcam,
837 856 922 876 suam
942 847 1037 883 ipsius

210 897 350 930 animam,
378 894 582 930 unusquisque
611 893 683 921 illud
709 892 842 926 immisit,
870 893 920 920 sed
947 892 1035 920 etiam

211 941 242 968 in
257 939 480 968 memorialibus
496 938 580 966 libris
595 937 820 973 inscripserunt,
835 939 867 964 ut
881 944 938 964 non
954 936 1035 964 Salo-

210 993 279 1012 mon
294 984 380 1011 modo
396 985 515 1019 propter
537 981 712 1017 sapientiam
736 980 916 1013 laudaretur,
934 988 1034 1008 verum

208 1029 298 1057 etiam
314 1029 473 1064 imperator
488 1029 598 1059 noster,
614 1029 705 1061 utque
727 1028 828 1052 contra
849 1025 949 1052 hostes
964 1024 1036 1052 visi-

209 1073 283 1101 biles
299 1073 335 1101 ab
346 1072 411 1108 ipso
425 1071 602 1104 confirmati,
616 1071 653 1098 ab
665 1070 727 1106 ipso
736 1070 821 1098 etiam
835 1070 923 1097 robur
936 1072 1037 1097 contra

209 1117 379 1154 spirituales
395 1116 588 1152 accipiamus.

245 1181 290 1208 33.
307 1180 367 1208 lsta
393 1179 512 1215 quidem
543 1178 659 1214 aliaque
685 1177 740 1205 alio
767 1179 898 1213 tempore
914 1178 1038 1204 tractare

210 1225 335 1262 juvabit,
349 1233 384 1252 ne
400 1223 470 1252 talia
480 1225 677 1256 recantantes,
690 1230 860 1258 arguamur,
871 1221 950 1249 velut
960 1221 1038 1257 apud

214 1269 385 1302 Hesiodum,
401 1269 507 1296 iterum
531 1267 706 1295 oonsevisse.
735 1267 816 1295 Nunc
839 1269 938 1294 autem
963 1268 1038 1293 cute~

216 1314 341 1344 chistam
365 1313 456 1340 istum
479 1321 532 1348 ego
549 1320 614 1339 cum
639 1312 773 1347 paradiso
798 1310 956 1346 voluptatis
971 1319 1038 1338 cou-

217 1359 277 1387 fero
303 1358 334 1385 in
360 1365 417 1394 quo
445 1359 595 1393 ponuntur
621 1356 762 1383 fortitudo
790 1358 818 1383 et
847 1354 983 1382 alacritas
1003 1354 1039 1382 ad

216 1403 351 1431 virtutem
368 1401 562 1437 impellentes,
576 1408 626 1436 per
637 1408 710 1436 quas
719 1408 822 1427 rursus
834 1399 933 1427 Adami
950 1399 1039 1427 vitam

216 1449 335 1484 peccato
350 1447 535 1480 anteriorem,
561 1453 611 1472 seu
639 1445 744 1480 prioris
770 1444 926 1472 creationis
946 1443 1039 1471 susci-

217 1492 345 1528 piamus,
361 1490 481 1527 ponitur
495 1489 582 1517 etiam
599 1489 628 1516 in
650 1488 786 1516 felicitate
805 1489 895 1516 doctae
910 1491 1039 1515 contem-

218 1535 367 1573 plationis,
380 1535 437 1562 vita
462 1534 589 1571 perfecta
613 1535 764 1569 materque
788 1533 921 1561 omnium
938 1533 967 1560 in
984 1533 1040 1560 Deo

1089 271 1145 302 ἑνὸς
1171 273 1234 307 γοῦν
1261 271 1330 309 πρὸς
1361 270 1450 308 βραχὺ
1478 270 1666 306 μεμνήσομαι,
1692 269 1738 296 καὶ
1769 269 1921 305 ἀναμνήσω

1088 315 1133 342 τὸν
1152 315 1234 353 μέγαν
1249 318 1345 343 τοῦτον
1361 315 1496 352 σύλλογον
1511 316 1561 341 τοῦ
1587 313 1732 352 βασιλικοῦ
1757 323 1922 350 κατηχητη-

1089 360 1150 397 ρίου
1175 359 1287 396 ἐκείνου,
1304 361 1332 388 ὃν
1357 361 1391 387 τὰ
1414 360 1467 396 πρὸ
1486 359 1585 386 τούτου
1606 359 1655 395 μὲν
1669 356 1830 387 πολυειδῶς
1847 357 1921 389 ἔθα-3-

1091 414 1172 440 μασα,
1200 404 1231 431 τὸ
1261 404 1332 440 ἱερὸν
1362 402 1562 441 παραλαλῆσας
1601 402 1763 439 ἀνάκτορον,
1796 401 1843 429 ὅτε
1879 402 1921 428 καὶ

1090 448 1186 483 ὀθόνην
1211 448 1288 476 αὐτὸν
1312 448 1498 482 ἁποστολιχήν
1522 447 1667 485 ἐθεώρουν,
1698 445 1828 486 ἔμφωτον
1858 447 1923 473 πάν-

1088 503 1153 527 των,
1178 493 1227 520 ὅσα
1253 493 1345 531 τρέφὲι
1377 492 1594 530 ψυχὰς,παντὸς
1614 491 1716 529 ἀγαθοῦ
1746 490 1922 526 πλήθουσαν,

1090 537 1277 576 ψυχοτρόφον,
1308 536 1452 575 βιόδωρον,
1484 534 1666 574 ὀλϐιόδωρον.
1697 535 1748 563 Καὶ
1780 536 1870 572 μάννα
1894 534 1923 562 δὲ

1089 582 1280 619 προσενενόουν
1303 581 1447 620 οὐρανόθεν
1476 581 1647 619 κατενεχθέν,
1669 580 1713 608 καὶ
1746 580 1866 618 βρεχθὲν
1893 579 1924 607 οὗ

1090 625 1180 662 τούτῳ
1196 627 1214 661 ἢ
1231 625 1325 662 ἐκείνῳ
1350 628 1409 656 τοῖς
1437 623 1551 661 ἔθνεσιν,
1575 624 1648 652 ἀλλά
1675 627 1734 656 τοῖς
1760 625 1925 661 ἅπανταχοῦ

1091 670 1180 707 λαοῖς,
1211 672 1250 703 οἷς
1277 673 1343 698 Θεοῦ
1379 670 1537 709 ἐγνώρισται
1567 669 1681 706 δύναμις
1699 680 1705 686 -
1736 669 1764 696 οἳ
1795 671 1848 703 τῆς
1876 670 1925 695 τοῦ

1093 716 1177 752 μάννα
1203 716 1301 743 τούτου
1329 716 1436 753 βροχῆς
1466 715 1527 742 ὅλοι
1555 714 1691 752 γεγόνασι,
1707 714 1752 741 καὶ
1769 713 1924 751 δραμόντες

1091 759 1177 792 ἄλλος
1200 760 1316 792 ἄλλοθεν
1341 759 1417 797 ἔργον
1444 758 1534 787 ἔθεντο
1557 760 1607 793 τήν
1635 758 1732 786 τούτου
1752 758 1925 795 συναγωῇν,

1091 805 1135 832 καὶ
1166 803 1324 839 διαδοθῆναι
1353 804 1384 831 τὸ
1408 803 1491 831 καλὸν
1520 801 1745 839 ἐπρεσϐεύσαντο.
1775 802 1926 834 Kcin-e605»

1091 850 1123 877 οὑ
1154 849 1236 886 μόνον
1264 849 1301 880 ὡς
1328 847 1365 881 silc
1401 859 1462 876 τινα
1492 847 1609 885 στάμνον
1641 848 1685 875 καὶ
1707 845 1846 880 κιϐωτὸν,
1878 847 1926 881 τήν

1093 896 1188 923 ἑαυτοῦ
1216 895 1320 932 ψυχὴν,
1347 893 1460 925 ἕκαστος
1483 893 1548 921 αὐτὸ
1578 892 1747 928 ἐναπέθεντο,
1775 892 1852 920 ἀλλὰ
1880 892 1923 919 καί

1090 938 1185 970 ἄλλως
1209 939 1247 970 εἷς
1281 938 1474 975 μνημοσύνους
1492 935 1606 976 βίϐλους
1629 937 1790 975 ἐνέγραψαν·
1806 936 1854 964 ἳνα
1884 937 1920 973 μή

1092 984 1176 1021 μόνον
1200 983 1335 1020 Σολομῶν
1363 982 1406 1010 ἐπὶ
1436 983 1518 1021 σοφίᾳ
1532 980 1722 1020 πρεσϐεύοιτο,
1739 980 1818 1009 ἀλλᾶ
1847 982 1892 1008 καὶ
1909 982 1923 1009 ό

1091 1028 1225 1066 ἡμέτερος
1249 1027 1385 1065 βασιλεύς·
1402 1027 1447 1054 καὶ
1476 1028 1503 1054 οἱ
1531 1027 1600 1054 κατὰ
1624 1029 1678 1054 τῶν
1708 1026 1778 1063 πρὸς
1802 1025 1925 1060 αἴσθησιν

1091 1073 1198 1111 ἐχθρῶν
1222 1073 1286 1110 παρ’
1310 1072 1393 1099 αὐτοῦ
1417 1071 1629 1110 κρατιιούμενοι
1646 1069 1760 1108 ἔχοιμεν
1789 1069 1826 1098 δι’
1843 1070 1924 1098 αὐτοῦ

1091 1118 1136 1145 καὶ
1150 1118 1219 1145 κατὰ
1232 1119 1286 1144 τῶν
1300 1117 1424 1155 ἀσάρκων
1442 1115 1626 1153 ἀνδρίζεσθαι.

1129 1179 1182 1218 λγ’.
1199 1180 1253 1208 Καὶ
1281 1182 1394 1208 τοιαῦτα
1424 1179 1471 1216 μέν
1503 1189 1549 1216 μοι
1576 1179 1610 1206 τὰ
1621 1179 1682 1206 τότε
1697 1177 1743 1205 καὶ
1759 1177 1834 1205 ἄλλα
1850 1177 1925 1213 οἶμαι

1096 1225 1165 1263 πρὸς
1190 1223 1406 1264 γλαφυρὸτατον,
1431 1222 1477 1250 Γίνα
1506 1223 1545 1260 μὴ
1575 1223 1660 1251 ταυτὰ
1698 1223 1744 1250 καὶ
1779 1224 1826 1249 νῦν
1865 1222 1926 1248 ἁνα-

1093 1269 1226 1300 πλοῠντες
1277 1269 1326 1303 τὴν
1371 1268 1434 1305 παρ’
1468 1266 1588 1304 Ἡσιόδῳ
1630 1266 1790 1304 ἐπισπορίαν
1836 1265 1925 1302 ὥσπερ

1094 1313 1339 1351 ἐπεγκληθείημεν.
1368 1313 1424 1341 Νὖν
1452 1311 1480 1340 δὲ
1504 1313 1551 1340 τὸν
1581 1313 1791 1349 κατηχητήριον
1823 1310 1925 1338 ἐκεῖνον

1094 1357 1148 1395 ἐγὼ
1177 1357 1223 1385 καὶ
1254 1357 1290 1389 ὡς
1321 1357 1360 1389 είς
1378 1360 1485 1395 τρυφῆς
1513 1355 1675 1394 παράδεισον
1705 1356 1829 1391 τίθεμαι,
1851 1355 1878 1382 ἐν
1902 1355 1924 1390 ᾧ

1093 1403 1209 1435 τέθειται
1229 1402 1276 1439 μὲν
1290 1402 1334 1430 καί
1362 1402 1394 1429 τὸ
1420 1401 1461 1429 ἐπ’
1476 1401 1574 1438 ἀρετὴν
1604 1400 1756 1438 προτρέπον
1787 1398 1925 1438 ἀνδρῶδες

1094 1447 1140 1474 καὶ
1155 1446 1314 1484 πρακτικὸν,
1331 1445 1366 1473 δι’
1383 1446 1413 1474 οὗ
1430 1445 1468 1477 εἶς
1481 1446 1526 1472 τὸν
1549 1445 1602 1483 πρὸ
1627 1447 1675 1478 τῆς
1700 1445 1836 1482 ἁμαρτίας
1868 1445 1925 1482 βίον

1095 1490 1296 1530 ἀναδράμοιμεν
1327 1490 1357 1518 ἂν
1386 1491 1430 1518 τὸν
1462 1489 1634 1526 Ἀδαμιαῐον,
1654 1490 1698 1517 τὸν
1728 1492 1780 1524 τῆς
1810 1489 1925 1527 πρώτης

1095 1536 1232 1567 πλάσεως·
1247 1536 1364 1567 τὲοειται
1380 1534 1410 1562 δὲ
1433 1535 1478 1562 καὶ
1501 1534 1563 1562 ὅσον
1589 1535 1615 1562 ἐν
1643 1534 1743 1569 εὐζωίᾳ
1769 1532 1927 1573 φιλοσόφου

216 1581 389 1615 viventium,
413 1579 485 1607 illud
512 1581 671 1614 augustum
697 1581 757 1605 Eva:
783 1586 900 1610 nomen,
920 1585 1040 1613 serpens

343 1625 360 1634 II
375 1633 381 1634 κ
425 1632 604 1634 ,,,,,,,,n,,.,-,__
621 1623 655 1634 _1I
667 1622 722 1634 :I,.__
736 1631 800 1634 μ......
820 1623 853 1634 »Δ
872 1622 1026 1634 ...ς-..2-ΞΑ-υ.

1098 1580 1220 1618 θεωρίας.
1240 1581 1296 1615 ζωή
1314 1581 1438 1617 ἄντικρυς
1455 1579 1500 1606 καὶ
1525 1580 1618 1616 μήτηρ
1633 1582 1692 1610 τοῖς
1716 1577 1741 1606 ἐν
1773 1580 1833 1614 θεῷ
1851 1581 1928 1613 ζῶσι,

1130 1628 1143 1633 -
1205 1624 1233 1634 ε..
1285 1625 1291 1633 ι
1346 1626 1359 1631 η
1407 1622 1440 1634 ηιΙ
1578 1624 1583 1633 ,
1654 1622 1666 1630 ιι
1745 1622 1768 1632 ..η
1824 1621 1854 1634 τε
1915 1626 1927 1630 _

216 1634 285 1654 vero
301 1625 400 1653 nullus
417 1632 605 1652 murmurans
620 1622 801 1658 sibilansqne
819 1623 853 1649 ad
872 1622 1040 1658 perniciem.

217 1671 271 1697 Sed
287 1670 316 1697 in
335 1677 426 1697 unum
443 1667 620 1696 conveniunt
634 1666 762 1702 operatio
778 1669 806 1694 et
823 1665 1041 1701 contemplatio,

217 1717 256 1750 et,
274 1714 431 1750 duplicatis
458 1713 583 1747 viribus,
609 1714 710 1739 contra
736 1712 905 1738 mendacem
928 1710 1041 1746 conspi-

219 1761 295 1793 rant,
311 1761 340 1786 et
355 1758 453 1794 procul
480 1766 496 1784 a
521 1756 656 1792 paradiso
683 1756 804 1790 ejiciunt
831 1755 1040 1782 insidiatorem.

218 1805 262 1832 lbi
278 1803 364 1832 etiam
381 1803 460 1830 ensis
488 1802 653 1836 flammiger
678 1802 780 1827 contra
803 1800 869 1827 illos
894 1799 1044 1827 exacuitur

218 1848 359 1884 fulgidus,
376 1847 478 1882 igneus
494 1849 522 1873 et
538 1845 658 1872 omnino
674 1845 841 1872 inaccessus
855 1854 861 1878 ;
877 1845 961 1872 nobis
977 1853 1042 1872 vero

221 1894 300 1927 patet
315 1890 458 1926 regalium
484 1897 652 1917 sermonum
682 1888 858 1916 convivium.
883 1889 940 1924 Ego
954 1888 1042 1916 etiam

221 1943 354 1963 mensam
371 1934 441 1962 solis
469 1934 588 1969 aspicio,
606 1941 663 1960 non
693 1933 809 1968 qualem
834 1933 957 1961 historia
981 1942 1043 1961 ma-

221 1979 284 2016 gica
313 1978 453 2007 instruxit
482 1977 639 2006 sensilibus
667 1980 803 2005 onustam
833 1978 967 2013 dapibus,
992 1977 1042 2006 sed

220 2032 295 2058 eam,
312 2032 400 2060 quam
425 2023 593 2059 imperator,
619 2021 662 2050 sol
686 2024 792 2056 uoster,
819 2022 963 2058 spirituali
979 2022 1043 2050 cibo

218 2069 405 2098 vescentibus
420 2067 567 2104 apposuit.
586 2067 627 2094 [bi
642 2067 770 2094 vidimus
785 2069 812 2095 et
833 2067 999 2095 audivimus
1012 2075 1044 2095 ea

220 2114 256 2142 ad
272 2121 333 2149 quae
351 2113 535 2141 offenderunt
547 2112 598 2147 qui
612 2111 662 2139 illa
685 2114 753 2138 ante
768 2120 821 2138 nos
844 2114 1041 2139 evocaverant.

219 2158 371 2194 Regnavit,
389 2157 465 2185 sicut
480 2157 640 2192 imperator
654 2164 743 2191 super
758 2164 861 2184 omnes
875 2159 988 2192 gentes,
1004 2156 1045 2183 ita

220 2206 250 2232 et
265 2202 423 2231 catechista
440 2210 529 2237 super
556 2209 659 2228 omnes
684 2200 869 2228 litteratores.
888 2201 945 2236 Ego
961 2200 1044 2228 illum

221 2250 255 2276 ut
265 2249 401 2276 ornatum
413 2245 590 2281 aspiciebam
603 2245 674 2281 regii
682 2245 857 2272 diadematis
868 2245 953 2281 cujus
963 2245 1045 2273 deco-

1096 1628 1177 1653 τοῦτο
1204 1624 1237 1659 δὴ
1266 1625 1296 1652 τὸ
1325 1626 1373 1659 τῆς
1406 1622 1474 1656 Εὔας
1503 1624 1620 1660 σεμνόν·
1652 1622 1713 1662 ὄφις
1743 1622 1774 1650 δὲ
1800 1621 1928 1660 οὐδαμοῦ

1096 1671 1219 1708 ψίθυρος,
1249 1668 1311 1697 οὐδὲ
1341 1669 1473 1706 σοριγμὸς
1501 1669 1538 1699 εἷς
1564 1667 1689 1706 ὄλεθρον.
1716 1667 1797 1695 Ἀλλ’
1837 1668 1877 1698 εἷς
1904 1668 1930 1695 ἓν

1096 1715 1193 1749 ἥκουσι
1222 1714 1317 1752 πρᾶξις
1346 1714 1391 1741 καὶ
1428 1714 1537 1751 θεωρία,
1567 1713 1635 1750 [καὶ]
1663 1711 1826 1748 δυαζὸμενιι
1863 1713 1931 1740 κατὰ

1095 1762 1144 1787 τοῦ
1172 1759 1327 1789 ἀπατεῶνος
1356 1758 1533 1795 συμπνέουσι,
1563 1758 1608 1785 καὶ
1636 1757 1731 1795 πόρρω
1760 1759 1810 1784 τοῦ
1840 1767 1928 1794 παρει-

1097 1803 1186 1831 δείσου
1218 1802 1351 1841 βάλλουσι
1379 1802 1425 1830 τὸν
1461 1800 1619 1830 ἐπίϐουλον.
1650 1802 1796 1829 Κάντεῦθεν
1827 1801 1874 1828 καὶ
1909 1803 1926 1835 ἦ

1098 1847 1213 1887 φλογίνγ,
1245 1847 1368 1886 ῥομφαία
1395 1848 1453 1875 κάτ’
1483 1847 1601 1878 ἐκείνους
1631 1847 1758 1874 ἀκονᾶται
1799 1845 1928 1873 στιλπνό-

1097 1904 1175 1921 τατον
1205 1893 1248 1920 καὶ
1283 1892 1416 1931 φλογερὸν
1445 1893 1490 1920 καὶ
1516 1892 1661 1929 ἀπρόσιτον
1679 1902 1686 1909 ⁸
1715 1893 1783 1927 ἡμῖν
1825 1891 1855 1919 δὲ
1888 1892 1926 1922 εἰς

1098 1938 1255 1976 εὐπρόσιτον
1271 1937 1410 1976 στρέφεται
1438 1937 1487 1972 τὴν
1505 1936 1530 1965 ἐν
1555 1936 1647 1974 λόγοις
1678 1935 1825 1974 βασιλικὴν
1855 1936 1925 1963 ὲκεί-

1096 1994 1145 2018 νην
1172 1981 1342 2010 πανδαισίαν.
1373 1983 1442 2020 Ἐγὼ
1472 1982 1518 2009 καὶ
1544 1981 1627 2016 ἡλίου
1652 1980 1786 2018 τράπεζαν
1817 1983 1925 2017 θεωρῶ,

1099 2027 1152 2066 οὐχ
1181 2026 1238 2054 θ’ίαν
1267 2027 1285 2061 ἡ
1310 2028 1358 2060 τῆς
1394 2026 1514 2064 ἱστορίας
1550 2025 1698 2064 ὀψαρτυσία
1730 2025 1926 2063 παρατίθησιν,

1098 2071 1181 2107 ἡλίου
1208 2071 1255 2108 μὶν
1282 2070 1525 2107 ἐπωνομασμένην,
1549 2070 1712 2108 σεσαγμένην
1738 2068 1768 2097 δὲ
1798 2070 1926 2107 βρώμασι

1097 2119 1156 2148 τοῖς
1183 2116 1250 2154 πρὸς
1287 2113 1430 2150 αἴσθησιν·
1459 2114 1532 2142 ἀλλὰ
1559 2115 1706 2152 τράπεζαν,
1735 2114 1766 2148 ἦν
1799 2113 1926 2152 βασιλεὺς

1098 2160 1179 2196 ἥλιος
1209 2160 1223 2187 ὁ
1251 2160 1385 2198 ἡμέτερος
1413 2162 1471 2190 τοῖς
1499 2159 1532 2186 τὰ
1557 2158 1728 2196 πνευματικὰ
1755 2159 1928 2195 σιτουμένοις

1098 2204 1281 2240 προτέθεικεν.
1311 2202 1428 2238 Εἶ¹δομεν
1453 2204 1535 2239 ἡμεῖς
1559 2204 1706 2237 τηνικαῦτα
1734 2202 1779 2229 καὶ
1808 2201 1927 2237 ἠκούσα-

1103 2259 1160 2285 μεν,
1177 2249 1243 2286 ἅπερ
1260 2248 1285 2275 οἱ
1300 2247 1353 2285 πρὸ
1370 2249 1450 2284 ἡμῶν
1467 2246 1493 2274 ἐν
1519 2246 1605 2284 ἐφέσει
1631 2248 1791 2285 στρέφοντες
1820 2245 1928 2281 ἀπελη-

221 2300 283 2320 rem
299 2300 356 2319 non
372 2291 441 2319 licet
454 2289 570 2318 intueri.
585 2289 786 2317 Coruscabant
796 2290 859 2324 ejus
873 2290 909 2317 de
924 2289 1040 2317 luminis

1099 2285 1444 2327 λύθασινξἚϐασίλευσεν,
1461 2291 1552 2330 ὥσπερ
1568 2292 1582 2318 ὁ
1599 2291 1773 2329 αὐτοκράτωρ
1801 2291 1845 2318 ἐπὶ
1875 2293 1927 2318 πᾶν

221 2337 311 2370 fonte,
328 2335 482 2369 Trinitate,
499 2341 649 2361 sermones
665 2334 857 2361 candidarum
873 2342 950 2362 more
966 2342 1047 2370 gem-

223 2388 349 2408 marum.
366 2379 515 2407 Rutilabat
530 2378 644 2414 fulgore
659 2378 795 2406 carbonis
822 2379 886 2413 ejus
900 2379 935 2406 de
951 2379 1048 2406 divina

222 2423 309 2452 Verbi
324 2422 522 2451 incarnatione
546 2423 690 2456 doctrina,
718 2431 806 2458 quem
834 2423 956 2458 figuram
974 2423 1048 2451 alte-

223 2477 287 2496 rum
306 2468 394 2495 Isaias
410 2468 566 2495 carbonem
581 2467 743 2502 conspexit.
768 2467 903 2495 Altarum
929 2468 1047 2495 claritas

225 2512 434 2549 cogitationum
444 2511 521 2539 velut
531 2511 630 2539 lumen
642 2511 772 2539 enitebat
784 2512 862 2547 quod
873 2514 987 2540 noctem
999 2521 1046 2540 oe-

224 2561 323 2594 cupat,
340 2557 458 2592 ejiciens
474 2566 508 2584 ex
523 2557 678 2584 altitudine
693 2557 890 2592 splendorem.
908 2557 1048 2584 lluiniliu-

223 2603 287 2634 bas,
305 2601 465 2636 imperator
480 2601 595 2635 eximie,
611 2601 812 2637 temetipsum,
830 2604 971 2637 tuamque
988 2601 1048 2629 cel-

222 2647 384 2676 situdinem
400 2646 436 2674 ad
462 2654 554 2673 unum
579 2645 778 2673 multitudinis
803 2646 998 2681 deprimebas,
1021 2649 1049 2674 et

221 2694 284 2721 erat
298 2691 379 2719 istud
395 2698 503 2718 aureus
528 2689 635 2726 fulgor,
661 2690 787 2718 nitidum
813 2691 958 2718 diadema.
975 2691 1048 2719 Nam

223 2745 330 2766 aurum
345 2735 423 2772 quod
440 2735 536 2770 magis
559 2743 646 2769 quam
673 2737 782 2763 craterae
809 2735 941 2771 pretiosae
958 2738 1049 2764 mate-

224 2782 274 2810 rias
290 2782 326 2809 ad
341 2781 401 2809 ima
423 2780 525 2814 tendit,
548 2779 743 2808 nihilominus
766 2783 863 2808 tamen
886 2781 917 2808 in
933 2789 1050 2809 omnem

226 2826 413 2863 splendorem
440 2826 585 2855 coruscat.
613 2823 635 2853 Ο
666 2823 789 2853 dulcedo
818 2824 1052 2863 colloquioruml

1101 2335 1189 2373 ἔθνος,
1207 2336 1278 2364 οὕτω
1293 2337 1337 2364 καὶ
1354 2337 1368 2364 ὁ
1387 2337 1595 2374 κατηχητήριος
1625 2335 1724 2367 ἐκεῖνος
1755 2335 1798 2363 ἐπὶ
1826 2335 1928 2366 πάντας

1101 2381 1215 2419 λόγους,
1244 2383 1285 2412 οἷς
1316 2381 1527 2417 ἀπονενέμηται.
1558 2381 1627 2418 Ἐγὼ
1666 2380 1710 2408 καὶ
1745 2381 1783 2411 ὡς
1822 2380 1928 2417 κόσμον

1101 2426 1180 2454 αὐτὸν
1212 2425 1343 2463 ἐθεώρουν
1385 2424 1530 2463 βασιλικοῦ
1559 2424 1739 2462 διαδήματος,
1767 2425 1850 2461 οὗπερ
1881 2424 1930 2452 οὐκ

1102 2470 1157 2498 ἔστι
1184 2471 1275 2502 θέσθαι
1298 2470 1418 2507 τίμημα.
1443 2470 1638 2509 Ἐφωσφόρουν
1664 2469 1690 2497 ἐν
1719 2470 1796 2506 αὖτῷ
1811 2470 1836 2496 οἱ
1867 2469 1930 2507 περὶ

1100 2516 1150 2550 τῆς
1166 2515 1327 2554 άρχιφώτου
1342 2513 1456 2553 Τριάδος
1487 2513 1565 2551 λόγοι
1591 2515 1627 2545 ὡς
1655 2513 1794 2542 διάλευκοι
1823 2514 1930 2551 μάργα-

1103 2570 1157 2598 ροι.
1187 2559 1355 2596 Ἐξέλαμπον
1392 2559 1431 2590 ὡς
1471 2558 1509 2590 εἰς
1546 2559 1707 2596 πυραύγειαν
1737 2559 1870 2596 ἄνθρακος
1896 2558 1932 2585 τὲ

1101 2607 1152 2639 τῆς
1179 2603 1251 2635 θείας
1269 2605 1318 2631 τοῦ
1348 2603 1436 2641 Λόγου
1463 2603 1634 2641 σαρκώσεως,
1651 2604 1680 2630 ὃν
1708 2604 1809 2641 τρόπον
1839 2601 1931 2639 ἓτερον

1102 2649 1147 2676 καί
1175 2647 1283 2679 Ἠσαίας
1315 2649 1433 2686 ἄνθρακα
1475 2647 1620 2685 ἐθεώρησε.
1647 2648 1682 2675 Τὸ
1713 2647 1739 2675 ἐν
1769 2648 1845 2685 βάθει
1873 2649 1930 2674 τῶν

1103 2691 1248 2730 νοημάτων
1263 2691 1390 2732 διαφανὲς
1406 2692 1443 2723 ὡς
1471 2691 1606 2730 λυχνίτης
1633 2691 1796 2730 ὑπηύγαζεν,
1813 2692 1842 2722 ὂς
1871 2689 1932 2718 οἶδε

1103 2740 1304 2775 κατεπιχειρεῖν
1338 2740 1389 2772 τῆς
1425 2737 1530 2772 νυκτὸς,
1556 2733 1735 2773 πυρεκϐολῶν
1771 2735 1801 2763 ἐκ
1829 2736 1931 2774 βάθους

1103 2783 1153 2817 τήν
1182 2783 1378 2821 φωτοφάνειαν.
1407 2781 1592 2817 Ἐταπείνους,
1625 2780 1759 2818 βασιλέων
1789 2780 1930 2818 ὑπέρτατε,

1106 2827 1228 2864 σεαυτὸν,
1243 2826 1289 2854 καὶ
1313 2826 1384 2855 οὕτω
1404 2827 1436 2855 τὸ
1459 2826 1503 2854 σὸν
1528 2824 1639 2864 ὕψιστον
1667 2825 1704 2857 είς
1722 2823 1770 2853 ’ένα
1781 2827 1836 2853 τῶν
1862 2823 1930 2853 πολ-
