2026 3156
213 151 269 181 9'“

605 150 817 181 EUSTA’I‘HII
839 150 1224 180 THESSALONICENSIS
1246 149 1538 182 METROPOLITE

1871 150 1935 179 9⁵12

217 216 305 244 feroci
321 218 349 244 et
365 216 490 244 nimium
506 224 609 252 aspero
626 217 733 250 sonitu,
746 217 796 244 sed
814 215 940 252 simplici
955 218 984 244 et
998 225 1042 244 ar-

1105 218 1209 251 σεμνῶς
1237 215 1376 253 ῥήγνυται,
1406 216 1436 243 οὐ
1465 216 1534 254 πρὸς
1561 212 1717 253 ἒμϐρίθειαν
1737 237 1744 250 ,
1772 213 1839 242 ούδὶ
1867 214 1935 252 ἄγαν

219 263 289 297 guto
305 260 390 289 sibilo
400 261 533 296 jucunde
554 261 720 289 audientem
740 261 774 288 ad
806 269 837 289 se
861 263 1043 289 convertens.

223 306 375 334 lleroicum
392 308 494 333 tonum
510 305 635 333 similem
652 308 703 333 tua
717 305 825 333 emittit
843 305 967 340 loquela.
985 307 1045 333 ’l‘ua

223 350 342 386 quidem
355 350 432 378 labia
443 359 494 386 pro
508 350 718 386 cogitationum
730 349 884 377 dulcedine
895 349 1044 377 Musarum

224 395 374 431 proferunt
403 395 628 429 concinentiam;
666 402 716 422 aer
743 402 810 422 vero
835 394 918 430 quasi
935 394 1045 422 tonitru

223 447 380 476 percussus
392 439 546 475 splendida
561 439 690 476 quidem,
707 439 757 467 sed
775 438 927 467 horrisono.
952 438 1045 467 incre-

224 485 288 512 buit
321 485 498 513 resonantia.
526 487 557 512 Et
586 493 620 512 ex
643 484 828 512 auditoribus
857 483 932 511 alius
961 484 1046 519 quasi

224 529 368 558 ambabus
384 533 433 558 tua
449 530 535 558 verba
549 529 738 565 complexus:
767 537 838 557 aure
865 529 982 565 quidem
997 537 1048 556 vc-

223 583 286 602 cem
314 577 457 611 argutam,
483 577 580 602 mente
602 582 668 602 vero
697 573 883 610 cogitationis
911 573 1047 601 sublimi-

222 622 322 654 tatem,
337 619 465 646 divinam
482 619 580 646 credet
593 627 624 646 se
635 627 733 647 vocem
763 618 874 652 audire,
903 621 932 646 et
960 626 1046 654 ange-

226 665 285 692 lum
301 665 414 692 ccelitus
431 665 520 700 loqui,
551 664 625 692 alius
651 667 747 692 autem
777 664 807 691 in
834 666 960 692 mentem
991 673 1047 692 non

226 711 393 746 penetrans,
407 711 455 737 sed
473 709 502 736 in
519 717 635 736 summo
651 708 772 744 loquela)
787 708 967 736 celeritatem
984 717 1048 745 per-

226 754 386 789 stringens,
403 753 508 781 dixerit
523 753 675 789 pacitlcum
691 753 727 781 ab
746 752 868 781 excelsis
889 761 919 780 se
948 753 1049 781 audire

229 798 402 826 tonitruum.
419 800 554 825 Stentora
568 797 616 825 hic
637 805 788 833 possemus
818 797 963 825 adducere
981 810 988 831 ς
1004 799 1050 825 ast

229 850 281 879 ego
298 843 376 870 hunc
392 843 494 870 horreo
511 841 658 870 hominem
675 842 723 877 qui
740 841 914 869 audiebatur
926 842 1050 870 reboans

231 890 263 915 ut
278 887 327 915 alii
357 887 588 923 quinquaginta;
618 886 706 914 timeo
736 886 814 914 enim
840 894 876 914 ne
902 887 1048 923 quinqua-

227 933 309 969 ginta
321 932 414 960 latens
427 931 524 959 fabula
535 931 729 959 sulfodiatora
737 931 896 959 multisono
905 931 1049 960 Stentoris

226 976 394 1005 simulacro.
425 976 497 1008 Quid
525 976 638 1011 jurabit
671 975 829 1004 Alcibiadis
867 975 1047 1010 meminisse,

225 1023 310 1057 cujus
326 1022 424 1049 suavis
441 1020 740 1055 cratelocutio,quam
756 1022 853 1048 autem
870 1020 1049 1056 depravabat

225 1075 279 1094 vox
309 1066 504 1094 balbutiens?
546 1065 655 1093 Placuit
697 1065 769 1092 mihi
813 1064 969 1092 Alexandri
999 1073 1047 1093 so-

224 1120 306 1145 num,
323 1111 400 1147 regis
414 1110 495 1138 illius
511 1110 639 1145 maximi,
653 1110 681 1137 in
698 1109 948 1145 comparationem
963 1109 1046 1137 simi-

224 1155 357 1184 litudinis
373 1155 489 1189 inferre,
506 1156 555 1191 qui
573 1154 691 1190 quidem
707 1154 871 1182 oblectabat
885 1153 972 1182 etiam
994 1163 1046 1182 au-

225 1201 344 1234 ditores,
360 1208 461 1228 verum
477 1199 611 1227 innatum
628 1199 731 1226 habuit
760 1199 905 1234 quoddam
930 1198 1044 1227 vitium.

225 1246 276 1274 Hic
289 1254 358 1274 vero
372 1254 427 1274 vox
438 1245 576 1273 omnibus
592 1244 736 1272 excellens
751 1252 824 1280 quos
840 1245 961 1280 antiqua
972 1245 1046 1272 ratio

224 1297 341 1330 propter
355 1292 477 1328 loquelae
488 1290 663 1319 suavitatem
679 1290 850 1325 designavit.
867 1290 940 1317 Nam
969 1290 1045 1317 indi-

224 1338 326 1374 gentiae
341 1337 463 1365 minime
478 1335 663 1371 subjacetita
678 1336 710 1362 ut
725 1336 920 1369 nocesse,‘non
937 1335 975 1362 sit
998 1334 1045 1362 his

223 1382 348 1420 proferri
376 1382 453 1418 quod
466 1382 529 1416 jam
557 1381 591 1408 ad
618 1388 703 1408 aures
738 1380 939 1408 assistentium
966 1388 1044 1408 reso-

224 1429 312 1463 navit,
329 1434 382 1455 nec
396 1427 425 1454 in
441 1428 587 1453 tumorem
603 1425 751 1453 evanescit
774 1433 831 1460 quo
861 1424 1045 1460 dissipantur

221 1472 308 1501 verba
322 1472 422 1507 utpote
438 1479 495 1498 non
512 1469 660 1498 distincta.
682 1468 897 1504 Sediloquitur,
927 1471 955 1497 et
984 1472 1042 1497 sta-

219 1517 272 1544 tim
288 1516 375 1544 verba
389 1515 425 1543 ad
441 1514 666 1551 intelligentiam
682 1513 803 1549 loquelae
815 1513 1043 1541 circumsonant.

220 1561 295 1594 Quid
312 1559 427 1588 multa?
442 1559 571 1594 Insignis
593 1561 663 1586 tuus
679 1559 708 1586 in
737 1558 857 1586 vocibus
886 1566 989 1591 sonus,
1016 1560 1044 1585 et

1098 259 1263 297 τραχύτητα,
1293 262 1355 288 ὅσον
1387 259 1415 288 δὲ
1444 261 1569 299 ῥοιζῆσαι
1602 261 1718 298 ⁴ἔκρέμα,
1749 259 1796 288 καί
1831 260 1936 298 ἲλαρῶς

1100 304 1255 342 ἐπιστρέψαι
1280 308 1320 341 τῷ
1344 305 1497 344 περιτράνῳ
1523 305 1567 332 τὸν
1590 305 1783 343 ἀκροώμενον.
1805 307 1936 332 Τοιοῦτον

1099 349 1219 386 ἡρωϊκὸν
1237 351 1306 388 ἦχον
1321 348 1509 387 προϐάλλεται
1534 360 1576 377 σοι
1604 350 1637 377 τὰ
1665 353 1716 385 τῆς
1743 349 1857 381 λαλιᾶς.
1887 349 1936 376 Καὶ

1099 394 1131 422 τὰ
1155 394 1200 430 μὲν
1228 394 1264 425 εἷς
1292 394 1448 432 γλυκύτητα
1469 393 1615 431 νοημάτων
1641 397 1757 422 Μουσῶν
1782 394 1934 430 ἐμμέλειαν

1100 438 1248 476 προάγουσί
1277 450 1319 466 σοι
1345 439 1378 466 τὰ
1408 439 1492 476 χείλη
1511 449 1517 455 ’
1558 439 1572 466 ὁ
1602 438 1631 466 δὶ
1659 438 1777 477 πληγεὶς
1814 439 1870 476 ἀὴρ
1900 439 1936 469 εἷς

1103 483 1229 521 βροντὴν,
1253 485 1333 521 τορὸν
1357 484 1417 521 μὲν,
1443 484 1483 515 εἷς
1507 485 1620 522 φρικτὸν
1645 483 1674 511 δὲ
1705 483 1859 518 λαλοῦσαν,
1889 484 1935 511 τὸν

1100 528 1172 566 ἦχον
1210 527 1410 566 ἀπεσχεδίασε.
1456 529 1506 556 Καὶ
1543 531 1597 556 τῶν
1626 528 1812 565 ἀκροωμένων
1841 529 1855 556 ὁ
1887 529 1934 565 μὲν

1101 573 1267 611 ἀμφοτέραις
1295 574 1352 600 οἷον
1383 572 1564 611 δραττόμενός
1593 583 1635 600 σοι
1663 575 1712 600 τοῦ
1741 572 1842 610 λόγου,
1865 573 1932 609 ἀκοῇ

1103 618 1150 653 μὶν
1174 621 1224 652 τῆς
1248 617 1375 655 διατόρου
1401 621 1504 657 φωνῆς,
1532 617 1609 655 ψυχῇ
1630 616 1659 645 δὲ
1673 621 1722 652 τῆς
1741 617 1932 655 ὑψηλολογῐας

1101 664 1149 689 τοῦ
1172 663 1322 699 νοήματος,
1352 662 1422 694 θείαν
1452 662 1482 690 i‘zv
1512 661 1584 690 εἷ’ποι
1613 662 1719 690 ἀκούειν
1749 663 1860 701 φωνήν,
1889 659 1930 690 καὶ

1103 707 1217 744 ἄγγελον
1235 707 1330 744 ὑψόθεν
1356 707 1461 735 λαλεῖν*
1491 707 1506 734 ὁ
1522 706 1551 734 δὶ
1576 708 1614 744 μὴ
1640 707 1683 735 καὶ
1706 707 1744 738 εἲς
1757 710 1822 734 νοῦν
1845 704 1930 744 ἐμϐάς

1104 751 1191 783 θύνειν
1217 750 1300 789 ἔχων,
1318 751 1381 780 ἀλλ’
1404 751 1577 786 ἆπιπολάζων
1605 754 1646 788 τῷ
1668 753 1718 787 τῆς
1749 751 1852 782 λαλιᾶς
1875 752 1931 789 pi?»-

1106 806 1181 832 ματι,
1197 797 1314 834 βροντὴν
1341 796 1371 824 ’ὰν
1395 795 1467 824 εἷεποι
1481 796 1632 835 γαληναίαν
1657 796 1683 832 ἐξ
1699 796 1820 834 ὑψίστων
1852 796 1929 824 ποθὲν

1105 840 1287 875 ἐνωτίζεσθαι.
1317 841 1453 880 Στέντορα
1483 842 1530 878 μὲν
1561 841 1606 868 οὖν
1635 840 1749 873 ἐνταῦθα
1778 842 1930 879 προάγειν,

1103 884 1168 915 ,ἀλλ’
1198 885 1250 922 ἐγὼ
1264 886 1308 913 καὶ
1339 886 1457 925 πέφρικα
1471 886 1517 913 τὸν
1532 884 1626 923 ἄνδρα,
1643 886 1672 917 ὃς
1688 885 1836 922 ἐξηκούετο
1854 886 1930 923 βοῶν,

1104 929 1166 957 ὅσον
1183 929 1264 957 ἄλλοι
1289 931 1467 966 πεντήκοντα·
1500 931 1644 970 ὑφορῶμαι
1669 931 1732 968 γὰρ,
1758 931 1870 967 μήποτε
1890 931 1930 957 καὶ

1103 975 1269 1009 πεντήκοντα
1296 973 1386 1006 λαθὼν
1411 975 1425 1002 ὁ
1451 977 1535 1011 μῦθος
1550 972 1739 1012 ὑποϐοθριύση
1756 975 1883 1011 στόματα
1895 977 1930 1011 τῷ

1103 1019 1258 1058 πολυφώνῳ
1284 1019 1449 1058 Στεντορείῳ
1477 1021 1584 1058 τέρατι.
1614 1017 1802 1048 Ἀλκιϐιάδου
1818 1019 1847 1046 δὲ
1864 1019 1930 1047 ἀλλὰ

1102 1063 1128 1090 τί
1157 1074 1204 1100 μοι
1235 1067 1413 1100 μεμνῆσθαι,
1439 1063 1470 1092 οὗ
1495 1063 1582 1103 γλυκὺ
1610 1065 1656 1101 μὶν
1686 1064 1718 1098 ἧν
1747 1065 1779 1092 τὸ
1809 1065 1928 1102 φθᾶγμι,

1102 1108 1196 1136 ὁποῖον
1228 1107 1256 1136 δὶ
1285 1108 1314 1135 av
1345 1108 1389 1136 καὶ
1417 1108 1572 1146 ψελλισμὸς
1592 1109 1720 1148 βρεφικὸς
1737 1106 1928 1144 ὑποϐάλῃ-ειη

1101 1154 1215 1190 Ἥρω-κε
1230 1152 1257 1181 δέ
1274 1163 1320 1190 μοι
1336 1154 1367 1181 τὸ
1380 1155 1428 1181 τοῦ
1447 1152 1640 1192 Ἀλεξάνδρου,
1667 1153 1716 1182 τοῦ
1745 1153 1833 1182 καλοῦ
1859 1154 1929 1191 βασι-

1102 1197 1184 1232 λέως,
1199 1201 1364 1236 παραγαγεῖν
1392 1198 1429 1230 εἰς
1452 1199 1613 1236 συναγωγὴν
1637 1196 1817 1235 ὁμοιότητος.
1847 1198 1930 1227 Ἀλλὰ

1100 1242 1145 1270 καὶ
1172 1242 1272 1274 ἐκεῖνος
1302 1242 1443 1280 ἐγλύκαινε
1475 1243 1521 1280 μὲν
1551 1243 1698 1281 ἀκρόασιν,
1729 1244 1789 1282 εἶχε
1818 1242 1846 1270 δέ
1875 1253 1931 1270 τινα

1101 1285 1262 1325 διαμαρτίαν
1288 1287 1416 1326 φύσεως.
1446 1288 1581 1316 Ἐνταῦθα
1611 1287 1640 1316 δὲ
1676 1288 1742 1325 ὑπὲρ
1770 1289 1875 1318 πάντας
1903 1287 1931 1314 τὸ

1100 1330 1217 1369 φθέγμα,
1260 1332 1338 1362 ὅσους
1377 1333 1391 1359 ὸ
1428 1331 1548 1364 παλαιὸς
1590 1332 1671 1370 λόγος
1709 1332 1753 1360 ἐπὶ
1781 1332 1932 1370 γλυκύτητι

1101 1374 1197 1408 λαλιᾶς
1226 1376 1425 1413 άπεσὲμνυνεν.
1455 1376 1522 1404 Οὔτε
1546 1377 1598 1415 γὰρ
1627 1377 1665 1409 είς
1694 1377 1797 1405 ἔνδειαν
1828 1378 1929 1406 ὑποκά-

1100 1421 1190 1456 Οηται,
1221 1420 1258 1451 ὡς
1286 1421 1402 1459 ἀνάγκην
1430 1421 1495 1448 εἶναι
1523 1421 1692 1459 διττολογεῖν
1720 1423 1753 1450 τὸ
1783 1422 1928 1460 annos»

1098 1465 1167 1503 πρὸς
1195 1465 1323 1503 ἀκρόασιν
1342 1475 1349 1482 ο
1390 1465 1451 1493 οὔτε
1490 1465 1529 1498 εἷς
1558 1467 1735 1505 στομφασμὸν
1764 1466 1930 1495 πλατύνεται

1098 1509 1297 1548 ἀνοιγόμενον,
1337 1509 1395 1538 ὃθεν
1434 1510 1468 1538 τὰ
1499 1514 1549 1545 τῆς
1577 1512 1670 1550 φωνῆς
1709 1510 1871 1546 σκεδάζετάι
1895 1511 1930 1542 εἷς

1099 1553 1302 1592 ἀδιάρθρωτον.
1334 1554 1411 1583 Ana
1440 1556 1495 1593 χρή
1527 1553 1669 1590 λαλῆσαι,
1695 1556 1741 1583 καί
1770 1557 1818 1583 τὸν
1849 1557 1929 1594 λόγον

218 1592 308 1642 (sicut
322 1605 466 1640 scriptum
482 1592 536 1639 est)
552 1603 668 1639 loquela
691 1605 743 1630 tua
771 1602 913 1639 speciosa,
943 1604 972 1630 et
999 1602 1044 1637 (ut

1103 1599 1176 1631 εὐθὺς
1217 1603 1422 1637 περιηχηθῆναι
1452 1592 1489 1631 εἷς
1522 1600 1666 1636 εὐμάθειαν
1689 1601 1846 1640 φθέγματος
1865 1624 1872 1630 .
1892 1592 1929 1629 -Τί

220 1658 306 1678 omne
321 1649 430 1682 dicam)
445 1648 530 1684 plane
545 1647 660 1683 regalis.
678 1649 721 1674 Ita
735 1647 823 1675 etiam
854 1647 883 1674 in
913 1646 1044 1674 minimis

222 1695 297 1722 Deus
312 1696 340 1721 te
363 1692 571 1729 magnilicavit,
601 1694 710 1726 tuaque
733 1691 866 1719 universa
881 1690 1043 1724 exsultavit,

221 1739 410 1776 splendidum
425 1738 537 1765 addens
552 1737 777 1764 incrementum.

1101 1655 1147 1681 μοι
1175 1643 1261 1683 λεγειν
1291 1644 1402 1680 πολλά;
1433 1645 1573 1682 Διάσημον
1602 1644 1627 1673 ἕν
1669 1649 1772 1684 φωναῖς
1811 1647 1844 1674 τὸ
1886 1647 1929 1674 σὸν

1099 1688 1226 1727 φθέγμα,
1256 1689 1300 1716 καὶ
1328 1691 1406 1726 (κατὰ
1434 1690 1465 1718 τὸ
1493 1690 1694 1727 γεγραμμένον)
1723 1691 1741 1725 ἡ
1767 1689 1854 1718 λαλιά
1883 1702 1928 1718 σου

1099 1733 1209 1772 ὡραία,
1243 1734 1288 1761 καὶ
1326 1735 1366 1771 (τὸ
1405 1737 1456 1762 πᾶν
1495 1734 1593 1770 εἰπεῖν)
1629 1734 1758 1772 βασιλικὴ
1787 1736 1929 1771 aulae-ni.

226 1781 307 1811 Οὕτω
324 1781 406 1819 μέχρι
422 1781 464 1808 καὶ
480 1783 534 1808 τῶν
552 1780 739 1817 σμικροτάτων
757 1779 770 1806 ὁ
787 1780 850 1810 Θεὸς
867 1778 1014 1815 ἐμεγάλυνὲ
1030 1789 1068 1813 σε,
1084 1778 1128 1805 καὶ
1143 1778 1229 1806 πάντα
1252 1778 1285 1805 τὰ
1300 1779 1333 1805 σά
1349 1778 1518 1816 ὑπερύψωσε,
1534 1779 1708 1817 προσεπιθεὶς
1723 1779 1855 1817 λαμπράν
1883 1782 1930 1815 τὴν

227 1826 382 1861 ἐπαύξησιν.

260 1881 304 1907 35.
321 1880 507 1914 Nunquam,o
523 1878 719 1912 auditores,de
735 1878 850 1914 magnis
864 1877 1049 1914 imperatoris

228 1924 345 1952 dotibus
361 1923 476 1951 dicendi
494 1923 580 1950 linem
600 1923 772 1954 faceremus.
793 1923 880 1951 etiam
901 1925 1049 1951 contracto

227 1977 371 2002 sermone,
390 1967 446 1995 nisi
463 1976 551 1995 suave
579 1967 714 1996 Iordanis
740 1968 887 1996 efﬂuentis
916 1976 1050 1995 murmur

227 2022 309 2042 meos
338 2015 490 2049 superaret
520 2020 681 2045 sermones,
711 2014 739 2040 et
755 2021 874 2041 necesse
899 2012 937 2040 sit
953 2011 1048 2040 consi-

224 2060 344 2095 gnatum
357 2057 466 2085 silentii
482 2057 592 2085 foribus
615 2057 750 2084 cohibere
773 2058 944 2085 orationem.
974 2057 1050 2084 Sane

228 2103 296 2131 licet
311 2110 357 2130 me
372 2111 388 2130 a
408 2101 553 2137 loquendo
569 2101 711 2129 Jordanes
722 2101 882 2137 prohibeat,
900 2101 988 2136 idque
1003 2109 1049 2128 me

227 2147 318 2176 invito
334 2147 431 2181 faciat,
453 2148 551 2174 tamen
577 2154 634 2173 non
661 2146 802 2174 absistam
832 2146 861 2173 in
886 2146 970 2173 illum
999 2146 1048 2173 de-

227 2193 316 2230 ﬁgere
345 2199 506 2225 sermones,
536 2191 757 2227 augustioribus
783 2199 851 2218 eum
877 2199 982 2219 vocans
997 2199 1048 2218 no-

228 2237 371 2270 minibus,
384 2236 620 2268 sacerrimum,in
635 2235 808 2263 ﬂuminibus
818 2235 1047 2270 sanctissimum,
1063 2252 1087 2285 D

228 2283 298 2311 item
326 2281 537 2317 cognominatus
552 2289 660 2316 aquam
696 2281 730 2308 ad
775 2281 900 2308 salutem
944 2280 1048 2308 salien-

225 2326 420 2360 tem,ﬂuvium
436 2325 461 2353 si
477 2334 534 2353 non
551 2334 567 2353 ιι
582 2325 719 2361 paradiso
730 2325 894 2354 sensibibili
915 2334 1048 2362 prorum-

228 2373 356 2408 pentem,
373 2370 477 2399 saltem
493 2371 529 2398 ad
552 2370 720 2406 paradisum
737 2371 960 2398 conducentem.
975 2372 1048 2404 Quo-

229 2416 314 2444 modo
330 2418 427 2444 autem
443 2416 482 2443 sit
497 2415 585 2443 etiam
601 2423 677 2450 aqua
690 2415 805 2451 regalis,
818 2415 874 2443 alio
890 2415 947 2443 dixi
977 2418 1049 2443 tem-

230 2469 307 2496 pore.
336 2463 419 2488 Nunc
446 2469 513 2488 vero
546 2460 606 2487 hac
636 2459 798 2488 addiderim
814 2460 891 2496 quod
906 2461 1047 2488 Jordanes

228 2514 263 2534 ex
277 2506 391 2533 duobus
407 2505 503 2533 ﬂuviis
520 2507 582 2534 tum
599 2514 629 2533 ro
645 2507 706 2532 tum
725 2506 845 2533 nomine
873 2505 1047 2534 conveniens

226 2551 348 2579 decebat
365 2552 454 2577 Deum
470 2550 619 2577 hominem
643 2549 815 2578 Emmanuel
845 2559 902 2578 non
928 2551 1046 2586 quidem

226 2596 345 2632 propter
359 2595 511 2622 confusam
528 2594 710 2629 missionem,
727 2594 815 2630 (absit
827 2594 847 2630 ι)
862 2596 911 2622 sed
929 2597 1048 2631 propter

227 2642 401 2669 naturarum
418 2639 567 2666 unionem.

258 2739 303 2766 36.
320 2737 370 2765 Eia
384 2744 463 2773 ergo,
480 2744 533 2764 nos
549 2735 596 2764 hic
610 2736 788 2772 congregati,
804 2739 864 2764 tam
882 2737 912 2764 in
929 2739 1046 2765 sancto-

227 2783 319 2818 gradu
333 2782 468 2810 sedentes
485 2789 573 2817 quam
590 2780 695 2814 ueteri,
711 2781 926 2817 conjungamus
941 2783 969 2809 et
993 2791 1047 2811 nos

227 2825 371 2855 sermonis
399 2825 510 2853 ﬂuenta
532 2824 562 2852 in
592 2833 683 2853 unam
714 2825 937 2861 supplicationis
976 2833 1045 2855 con-

1140 1875 1187 1905 λε’.
1215 1876 1272 1904 Οὐκ
1297 1876 1348 1912 ἂν,
1378 1877 1401 1904 ὦ
1430 1877 1576 1915 παρόντες,
1605 1877 1757 1914 ἐπαυσάμεν
1792 1878 1837 1906 ἐπὶ
1871 1882 1930 1910 τοῖς

1106 1920 1260 1958 βασιλικοῖς
1289 1920 1443 1958 μεγαλείοις
1470 1922 1513 1949 καὶ
1544 1921 1624 1950 εἰσέτι
1653 1924 1692 1958 τῷ
1719 1922 1795 1960 λόγῳ
1812 1924 1930 1958 συνεξαι-

1104 1965 1229 2003 ρόμενος,
1261 1965 1285 1993 sl‘
1303 1966 1340 2002 μὴ
1360 1966 1391 1993 τὸ
1405 1968 1453 1994 τοῦ
1466 1965 1605 2004 Ἰορδάνου
1625 1966 1712 2005 ῥεῦμα
1729 1966 1819 2004 γλυκὺ
1850 1968 1931 1996 κελα‹

1103 2009 1184 2046 ρύζον
1199 2008 1420 2047 παρευδοκίμηκὲ
1437 2021 1483 2048 μοι
1499 2010 1562 2042 τοὺς
1575 2010 1684 2048 λόγους,
1696 2011 1741 2038 καὶ
1766 2012 1800 2046 ἧν
1830 2012 1929 2049 ἀνάγκη

1103 2056 1240 2081 συστεῖλαι
1283 2054 1543 2093 ἦπισωραγισάμενον
1583 2055 1722 2092 κλείθροις
1760 2060 1843 2093 σιγῆς
1882 2057 1928 2090 τήν

1104 2097 1233 2133 διέξοδον.
1263 2099 1301 2128 Οὐ
1332 2100 1385 2136 μὴν
1415 2098 1478 2127 ἀλλ’
1507 2099 1573 2137 ἐγὼ,
1603 2099 1628 2127 εἲ
1649 2101 1693 2128 καὶ
1722 2102 1771 2128 τοῦ
1798 2099 1888 2139 λέγειν
1916 2102 1929 2128 ὁ

1104 2141 1241 2180 Ἰορδάνης
1267 2143 1381 2182 παράγει
1398 2155 1442 2181 με,
1457 2144 1502 2171 καί
1516 2143 1547 2172 οὗ
1569 2155 1615 2181 μοι
1646 2144 1725 2184 φίλον
1741 2148 1823 2173 τοῦτο
1846 2148 1927 2181 ποιεῖ,

1104 2189 1180 2225 ὅμως
1202 2189 1252 2216 οὐκ
1277 2190 1369 2225 ἀνήσω
1393 2189 1432 2222 εἰς
1454 2190 1533 2218 αὐτὸν
1553 2191 1661 2228 βάπτων
1678 2191 1742 2223 τοὺς
1758 2191 1869 2229 λόγους,
1886 2191 1928 2218 καὶ

1102 2237 1160 2266 τοῖς
1174 2245 1203 2262 τε
1218 2236 1390 2273 σεμνοτέροις
1411 2236 1490 2263 αὑτὸν
1516 2236 1664 2274 ἀγορεύων,
1693 2237 1738 2264 τὸν
1768 2238 1928 2275 ἱερώτατον,

1102 2280 1148 2307 τὸν
1173 2280 1323 2318 ἁγιώτατον
1348 2280 1373 2309 ἐν
1401 2283 1538 2318 ποταμοῖς
1565 2282 1781 2320 προσονομάζων
1799 2281 1828 2310 δὲ
1851 2283 1928 2311 αὐτὸν

1102 2325 1146 2352 καὶ
1165 2323 1237 2363 ὕδωρ
1254 2326 1292 2358 είς
1316 2326 1452 2363 σωτηρίαν
1470 2326 1635 2364 ἀλλόμενον,
1663 2327 1708 2355 καὶ
1739 2329 1875 2364 ποταμὸν,
1906 2327 1927 2356 εἷ

1102 2369 1147 2397 καὶ
1166 2370 1203 2407 μὴ
1219 2369 1382 2408 παραδείσου
1403 2373 1450 2398 τοῦ
1475 2372 1544 2409 πρὸς
1570 2369 1695 2408 αἴσθησιν
1725 2372 1927 2410 ἐξορμώμενον,

1102 2414 1292 2452 πορθμεύοντα
1325 2418 1390 2453 γοῦν
1429 2415 1467 2447 εἷς
1495 2415 1667 2454 παράδεισον.
1698 2417 1731 2445 Et
1760 2416 1790 2444 δὲ
1818 2418 1865 2445 καὶ
1890 2420 1929 2453 τῷ

1103 2457 1160 2487 ὄντι
1185 2459 1326 2497 βασιλικὸν
1355 2460 1435 2492 αὐτὸς
1458 2459 1544 2499 ὕδωρ,
1572 2461 1687 2498 ὕμνηται
1719 2462 1767 2498 μέν
1786 2464 1928 2499 μοιτοῦτο

1102 2504 1147 2531 καὶ
1163 2503 1276 2532 ἄλλοτε·
1302 2507 1347 2532 νῦν
1377 2504 1406 2532 δὲ
1433 2505 1477 2532 καὶ
1506 2505 1591 2534 ἐκεῖνο
1619 2506 1799 2544 προσ-τίθημι,
1825 2507 1864 2537 ὡς
1879 2506 1929 2545 ἄρα

1103 2547 1133 2576 ἐκ
1148 2547 1195 2576 δύο
1210 2552 1340 2586 ποταμῶν
1363 2553 1377 2577 ὸ
1398 2549 1537 2588 Ἰορδάνης
1562 2551 1687 2586 καὶπρὸς
1703 2549 1790 2588 ὄνομα
1801 2551 1845 2578 καὶ
1863 2552 1930 2588 πρὸς

1102 2596 1214 2631 πρᾶγμα
1242 2595 1415 2631 κιρνάμενος,
1445 2594 1543 2632 ἔπρεπε
1569 2596 1609 2632 τῷ
1637 2596 1804 2633 θεανθρώπῳ
1823 2596 1929 2631 Ἐμμα-

1102 2638 1198 2674 νουήλ,
1225 2639 1256 2666 οὐ
1285 2637 1330 2666 διὰ
1356 2640 1523 2678 συγχυτικήν
1548 2640 1692 2678 ἀνάκρασιν
1709 2638 1827 2679 (ἄπαγε),
1857 2639 1930 2666 ἀλλὰ

1102 2683 1194 2721 φύσων
1208 2682 1316 2713 ἕνωσιν.

1137 2737 1188 2769 λς’.
1219 2738 1284 2775 Ἀγε
1312 2736 1357 2773 δὴ,
1385 2736 1407 2765 ὦ
1433 2737 1569 2777 σύλλογος
1594 2739 1677 2775 ἡμεῖς
1694 2760 1702 2774 ,
1731 2737 1793 2768 ὅσος
1820 2746 1850 2765 τε
1878 2738 1927 2764 τοῦ

1101 2780 1199 2809 cert-:05
1230 2782 1372 2819 βήματος,
1402 2782 1446 2811 καὶ
1476 2783 1490 2811 ὁ
1519 2782 1627 2817 λοιπὸς,
1654 2781 1853 2818 κοινωσώμεθα
1881 2781 1926 2808 καὶ

1102 2825 1178 2853 αὐτοὶ
1201 2826 1233 2853 τὸ
1262 2825 1349 2864 ῥεῦμα
1375 2829 1424 2856 τοῦ
1451 2826 1537 2867 λόγου
1552 2827 1592 2859 εἴς
1607 2825 1672 2865 μίαν
1687 2825 1773 2864 εὐχῆς
1786 2825 1927 2866 σύρροιαν,
