2026 3156
131 182 188 212 973

559 183 755 214 MANUELIS
778 182 953 214 GOMNENI
977 183 1175 215 LAUDATIO
1197 184 1403 216 FUNEBRIS.

1776 184 1834 214 9⁵14

133 247 178 275 καὶ
207 247 386 285 μιμησόμεθα
409 248 489 276 τοῦτό
512 258 543 286 γε
563 247 712 287 ἀμφότεροι
737 249 781 276 τὸν
807 247 953 285 Ἰορδάνην,

1015 249 1206 285 ﬂuentem,et
1229 250 1258 278 in
1274 250 1329 278 hoc
1357 250 1513 278 Jordanem
1542 251 1694 278 imitemur
1721 251 1772 286 qui
1805 252 1835 278 et

133 293 162 323 ὃς
185 292 214 320 ἐκ
239 291 315 320 δυοῖν
339 293 384 320 καὶ
403 293 484 324 αὐτὸς
508 295 638 320 ποταμῶν
661 294 692 320 τὸ
715 293 821 332 ῥεῖθρον
847 293 893 321 καὶ
906 293 955 327 τὴν

133 337 231 372 κλῆσιν
258 337 437 374 συμμίγνυσι·
462 337 507 365 καὶ
534 337 792 374 ἐπευξώμεθα’τοῐς
818 337 957 376 βασιλεῦσι

133 382 166 410 τὰ
179 385 230 417 τῆς
255 385 326 418 ζωῆς
352 381 453 417 λοιπῆς
468 383 572 417 ἁπάσης
597 383 837 420 ὑπερανῳκισμένα
858 393 958 418 συντη-

133 429 237 465 ρεῖσθαι
253 426 298 455 καὶ
313 426 523 465 πολυχρόνια.“)

1014 293 1078 329 ipse
1094 302 1109 321 e
1125 295 1241 322 duobus
1258 295 1430 323 fluminibus
1446 297 1508 322 tum
1525 295 1681 331 ﬂuentum,
1697 298 1760 323 tum
1786 303 1834 322 no-

1013 346 1079 366 men
1096 339 1274 372 commiscel,
1292 342 1320 367 et
1337 348 1490 376 precemur
1501 340 1768 375 utimperatoribus
1784 348 1835 375 per

1012 385 1104 410 totam
1127 384 1217 411 vitam
1246 384 1372 412 futuram
1397 384 1526 412 coelestia
1553 392 1667 412 necnon
1696 384 1835 421 perennia

1013 430 1222 455 conserventur
1237 428 1322 456 bona.

131 528 1834 542 mm

773 635 1202 715 EJUSDEM

233 775 551 824 MANUELIS
588 777 871 826 COMNENI
901 777 1023 824 IMP.
1061 777 1372 825 LAUDATIO
1408 778 1729 826 FUNEBRIS.

129 971 183 1013 Τοξ
209 969 291 1013 agro?
317 971 349 998 τὸ
376 970 474 1013 γραφὲν
494 970 543 1013 ἐἷς
571 971 620 1013 τον
646 970 793 1013 ἀοίᾷιμονη
809 970 834 998 ἐν
867 970 953 1013 ἀγίοις

1014 971 1139 1013 Ejusdem
1150 973 1238 1013 oratio
1253 973 1280 1013 in
1293 972 1425 1013 catillatum
1448 974 1523 1000 inter
1534 977 1656 1013 _san_ctos_
1685 980 1760 1009 reges
1778 974 1834 1013 _Do-

166 1005 310 1050 ρέσιλεῦεςι
360 1005 440 1050 κςὶριιί
486 1007 627 1050 ’Μανουὴλ
670 1005 728 1050 ,τὸν
777 1007 917 1050 Κομνηνόν
950 1028 957 1035 .

178 1042 250 1080 Οπερ
279 1041 320 1069 ὅτι
335 1075 345 1080 Δ
359 1041 399 1068 οὖν’
424 1042 580 1080 τυχόντως.
603 1041 785 1080 νμεοώδεὺταιὲ
799 1041 830 1080 Δὁ
859 1041 956 1070 πεπαι-

167 1075 295 1116 δεμμένος
326 1075 486 1116 ’διακρινεῖί
514 1075 629 1116 Πολλῶν
651 1079 719 1116 ,γὰρ
755 1077 855 1116 ἄλλως
893 1089 958 1116 γρα-

166 1113 286 1152 villis/tow,
323 1112 500 1152 ἐστρὰφνώοη
538 1114 606 1152 πρὸς
649 1112 779 1152 διαφορὰν
809 1115 822 1141 ὁ
862 1112 956 1152 παρὼν

167 1149 322 1188 ἐπιτάφιος.

167 1205 198 1230 α’.
217 1203 275 1230 Οὐκ
302 1203 336 1236 ἦν
369 1213 415 1239 μοι
443 1202 637 1241 καραδοκόῦντι
671 1203 868 1239 τετολμηκὲναι
898 1203 957 1231 τινὰ

133 1246 270 1285 μεγαλείῳ
297 1247 419 1284 τοσούτῳ
448 1247 531 1286 λόγου
569 1248 662 1275 ἑαυτὸν
692 1246 858 1285 παραϐαλεῖν
882 1269 888 1282 ,
918 1248 956 1279 ὡς

132 1291 203 1318 οὕτω
217 1291 289 1329 ταχὺ
301 1292 346 1319 τὸν
362 1291 525 1327 τηλικοῦτον
543 1292 668 1327 ἐθελῆσαι
697 1292 809 1330 βασιλέα
832 1292 955 1328 κείμενον

133 1334 207 1373 λόγῳ
237 1336 350 1372 ἐξᾶραι,
380 1337 425 1364 καὶ
459 1339 624 1374 πεγανῶσαι
656 1337 704 1373 μὲν
732 1339 897 1374 καρτερικῶς
924 1337 955 1364 τὸ

132 1378 258 1418 δάκρυον,
275 1380 375 1418 ἐφεῖναι
397 1379 425 1408 δὲ
448 1383 483 1418 τῇ
507 1379 618 1418 γλώσσῃ
643 1381 748 1409 λαλεῖν.
767 1383 882 1419 Μικροῖς
908 1382 954 1418 μὲν

130 1424 180 1461 γὰρ
224 1429 393 1462 χαρακτῆρσι
436 1426 481 1452 τὸν
527 1427 652 1462 μέγιστον
693 1425 895 1453 ἐγτυπώσασθαι
925 1426 955 1453 οὐ

130 1469 210 1497 πάνυ»
229 1472 278 1507 τῇς
307 1470 419 1507 ἀρίστης
445 1470 554 1507 τίθεμαι
579 1475 725 1508 γραφικῆς·
746 1471 850 1507 ὑψῶσαι
880 1470 908 1498 δὲ
923 1470 955 1498 αὖ

132 1513 215 1542 πάλιν
231 1515 299 1552 πρὸς
329 1514 402 1549 ἀξίαν
427 1514 520 1553 λόγοις
543 1515 589 1542 τὸν
613 1514 769 1551 Ὀλύμπιον
794 1515 825 1542 οὐ
857 1518 955 1552 μικροῦ

131 1561 228 1596 καιροῦ
249 1580 256 1593 ,
283 1558 345 1586 ἔνθα
373 1559 418 1586 καὶ
449 1559 539 1597 μακρὰ
567 1560 735 1596 σκεψάμενον
765 1559 814 1586 οὐκ
842 1557 954 1591 εὐθυϐο-

132 1603 216 1638 λῆσαι
245 1603 313 1640 πρὸς
328 1603 362 1631 τὰ
380 1606 430 1631 τοῦ
445 1605 547 1631 σκοποῦ
575 1603 709 1635 κίνδυνος.
738 1603 817 1632 Ἀλλ’
846 1603 953 1642 ἐπείπερ

1048 1009 1156 1036 minum
1170 1009 1321 1036 Manualem
1339 1009 1514 1036 Conmenum.
1527 1010 1605 1043 Quod
1626 1011 1721 1037 utrum
1744 1010 1834 1037 minus

1048 1044 1202 1072 met/miliae
1215 1047 1288 1079 forte
1315 1046 1463 1072 tractatum
1488 1046 1535 1080 sit,
1561 1045 1703 1073 litteratus
1730 1045 1832 1073 discer-

1047 1084 1105 1108 net.
1123 1080 1191 1108 Cum
1205 1081 1279 1108 enim
1295 1081 1380 1108 aliter
1390 1081 1565 1116 scripsissent
1579 1081 1671 1116 mulli,
1692 1081 1833 1109 rudiarem

1046 1117 1150 1151 stylum
1158 1117 1270 1153 fatetur
1281 1124 1405 1152 praesens
1418 1117 1600 1153 epitaphium.

1048 1205 1074 1232 l.
1091 1205 1161 1233 Mihi
1178 1205 1302 1233 sollicite
1317 1206 1498 1242 exspectanti
1519 1205 1697 1241 permissum
1714 1214 1773 1234 non
1791 1208 1836 1234 est

1011 1250 1047 1277 ad
1060 1249 1233 1285 eloquentia:
1249 1258 1385 1277 coronam
1401 1250 1542 1285 aspirare,
1559 1253 1587 1277 et
1601 1251 1717 1278 tantum
1741 1250 1834 1286 imps-

1011 1296 1136 1321 ratorem
1154 1296 1219 1330 post
1243 1296 1367 1321 mortem
1398 1295 1438 1322 ita
1467 1294 1612 1322 celebrare
1638 1296 1670 1322 ut
1697 1294 1835 1330 lacrymis

1010 1338 1151 1374 repressis
1164 1338 1266 1374 lingua
1278 1347 1335 1366 non
1352 1341 1456 1373 taceat,
1468 1342 1497 1367 et
1512 1339 1624 1376 exiguis
1641 1339 1760 1375 quidem
1770 1347 1833 1367 ver-

1012 1383 1056 1411 bis
1071 1383 1278 1419 imperatorem
1290 1383 1431 1411 eximium
1447 1383 1608 1419 designans
1634 1386 1736 1412 contra
1764 1383 1834 1420 styli

1010 1428 1126 1463 regulas
1138 1430 1290 1464 peccaret;
1303 1436 1354 1464 pro
1370 1428 1511 1464 dignitate
1525 1430 1623 1456 autem
1648 1429 1742 1456 virum
1768 1437 1834 1456 vere

1009 1472 1174 1509 Olympium
1190 1473 1239 1508 qui
1255 1473 1353 1508 dignis
1369 1473 1505 1500 laudibus
1536 1473 1683 1501 celebrare
1710 1473 1834 1501 voluerit

1009 1517 1095 1552 longo
1110 1516 1250 1552 temporis
1267 1517 1363 1552 spatio
1379 1525 1452 1552 opus
1467 1517 1598 1552 haberet,
1615 1519 1748 1553 essetque
1760 1525 1832 1552 _me-

1010 1561 1152 1589 tuendum
1167 1569 1203 1589 ne
1220 1560 1401 1597 propositum
1419 1569 1487 1597 non,
1504 1564 1602 1597 utpar
1620 1563 1675 1595 est,
1705 1561 1832 1597 attinge-

1009 1607 1062 1633 ret.
1080 1605 1136 1633 Sed
1152 1605 1230 1633 sicut
1244 1605 1273 1632 in
1291 1605 1386 1633 ofﬁcio
1404 1605 1551 1641 implendo
1567 1605 1650 1633 labor
1678 1605 1832 1641 improbus

131 1649 148 1682 ὴ
166 1647 192 1675 ἰν
209 1647 296 1675 δέοντι
320 1648 455 1686 θερμότης
471 1648 498 1675 εὗ
522 1650 639 1676 ποιοῦσα
664 1647 826 1683 ἐκνενίκηκε,
854 1648 898 1676 καὶ
922 1649 953 1676 τὸ

1014 1650 1110 1678 omnia
1125 1650 1225 1682 vincit,
1243 1650 1285 1677 sic
1301 1650 1426 1677 oratoris
1440 1650 1528 1677 verba
1543 1649 1695 1678 victoriam
1711 1652 1757 1678 est
1781 1650 1832 1678 ubi

130 1691 155 1719 ἐν
182 1692 274 1729 λόγοις
311 1691 445 1730 ἀνδρῶδες
482 1692 739 1730 πεπαῤῥησίασται.
768 1693 803 1720 Οὐ
842 1693 891 1730 γὰρ
924 1692 954 1720 ἂν

131 1738 207 1774 ψυχὴ
225 1736 376 1774 φιλόκαλος
400 1737 467 1765 κατὰ
490 1737 553 1768 τοὺς
578 1738 603 1764 ἐν
629 1736 766 1775 τραγῳδίᾳ
780 1736 953 1775 ἐγκεκαλυμ-

133 1781 229 1818 μένους
267 1781 310 1809 ἐπὶ
351 1783 482 1818 μήκιστον
516 1781 650 1817 διατεθείη
670 1805 676 1815 ,
707 1783 776 1818 μήτε
812 1783 953 1820 προσώπῳ

130 1826 320 1865 ἐκφαινομὲνη,
352 1827 422 1863 μήτε
446 1826 539 1865 λόγοις
570 1826 739 1854 διαδεικνῢσα
763 1830 886 1865 παρεῖναι
912 1829 952 1863 τῷ

131 1872 222 1905 ζῶντι.
252 1871 303 1898 Καὶ
326 1871 351 1897 οἱ
379 1874 428 1905 τῆς
453 1872 557 1908 ἀγαθῆς
581 1871 726 1908 ἐπιθυμίας
751 1870 853 1909 ἄνδρες,
880 1873 920 1902 οἷς
937 1872 950 1898 ὁ

130 1913 213 1952 λόγος
239 1913 387 1951 ἐλλάμπει,
413 1915 575 1943 ἀνάπτουσιν
604 1915 674 1954 ἄρτι,
700 1916 789 1954 ὥσπερ
810 1916 858 1947 τὰς
883 1917 951 1954 πρὸς

130 1958 264 1995 αἶ’σθησιν,
291 1957 363 1987 οὕτω
389 1960 434 1987 καὶ
461 1960 548 1998 λόγου
576 1960 720 1997 λαμπάδας
754 1963 793 1997 τῷ
821 1961 949 1997 κειμένῳ,

128 2004 197 2031 κατά
221 2014 280 2031 τινα
302 2004 347 2031 καὶ
371 2003 560 2040 αὐτοδεξίωσιν
586 2005 757 2044 ὀφειλετικὴν
780 2006 824 2032 καὶ
840 2005 947 2032 ὁσίωσιν

128 2048 282 2087 πρέπουσαν
287 2070 294 2077 .

167 2093 199 2130 β’.
216 2092 266 2129 Εἲίη
296 2091 326 2120 ἃν
354 2093 474 2131 ἀγεννὴς,
503 2094 549 2120 καὶ
576 2092 602 2120 ἐν
633 2095 670 2130 μή
698 2092 785 2121 δέοντι
801 2094 883 2130 ἐνεὸς,
905 2094 949 2122 καὶ

130 2137 180 2165 οὐκ
192 2137 270 2169 εἰδὼς
285 2138 378 2166 ἑαυτὸν
413 2141 529 2176 μετρεῖν,
559 2136 621 2170 ἔνθα
651 2139 697 2175 μὲν
727 2140 864 2176 σιγητέον,
888 2138 951 2171 ἔνθα

130 2180 159 2209 δὲ
183 2182 358 2218 λαλητὲον,ὁ
385 2183 422 2219 μὴ
450 2185 509 2213 τοῖς
538 2183 673 2214 τοιούτοις
702 2184 768 2221 πρὸς
798 2183 951 2220 ὁμοιότητα

130 2225 376 2265 συνδιεξαγόμενος.
402 2226 524 2264 Μίμησιν
552 2228 603 2265 γὰρ
629 2226 701 2265 ἔχων
716 2229 785 2260 ἅπας
809 2229 950 2266 ἅνθρωπος

130 2269 301 2308 διδάσκαλον,
316 2272 360 2300 καὶ
384 2272 479 2309 αὐτὴν,
505 2271 558 2308 ὅπη
588 2271 729 2310 βούλοιτο,
753 2272 806 2300 εἴτε
822 2274 908 2301 καλοῦ
922 2283 951 2300 τε

128 2316 172 2343 καὶ
188 2317 287 2354 ἀγαθοῦ
311 2327 396 2351 τινος,
421 2316 474 2344 εἷιεε
498 2317 542 2344 καὶ
566 2319 620 2344 τῶν
644 2317 681 2349 ὡς
707 2318 804 2355 ἑτέρως
819 2317 949 2355 ἐχόντων,

130 2361 297 2389 σιωπώντων
320 2362 366 2398 μὲν
391 2363 447 2389 τῶν
471 2360 713 2400 ἐλλογιμωτέρων,
743 2362 787 2390 καὶ
802 2363 883 2394 αὐτὸς
908 2361 948 2389 ἄν·

131 2404 245 2433 λαλοῦσι
260 2404 289 2433 δὲ
316 2407 346 2433 τὸ
377 2406 520 2445 σύμφωνον
551 2406 736 2444 ἕναρμόσεται,
761 2407 805 2435 καὶ
832 2407 950 2444 μᾶλλον,

131 2448 205 2488 εἴπερ
232 2450 276 2477 καὶ
294 2449 424 2489 ὀφθείσας
454 2450 512 2488 βίος
539 2450 662 2479 τοιοῦτόι
692 2462 750 2479 τινα
779 2450 881 2491 ἔτρεφε,
913 2452 949 2488 μὴ

132 2494 245 2526 θέλοντά
259 2505 340 2522 τινων
357 2494 476 2532 ὑστερεῖν
502 2494 599 2526 λαλιᾶς
623 2499 672 2530 τῆς
695 2495 735 2523 ἐπ’
760 2497 861 2534 ἀγαθῷ,
879 2495 953 2528 ο’ίους

131 2539 204 2577 φημί
218 2549 293 2569 τινας
306 2539 350 2566 καὶ
376 2540 450 2575 ἡμᾶς
473 2539 517 2566 ἐπὶ
540 2542 597 2570 τοῖς
619 2543 667 2567 τοῦ
693 2543 858 2578 μακαριστοῦ
877 2541 951 2578 βασι-

131 2583 201 2614 λέως
216 2581 352 2618 ἀποϐῆναι
377 2582 548 2619 θαυμασίοις.
573 2585 655 2613 ’Ὀποι
674 2586 725 2622 γάρ
742 2596 807 2613 ποτε
822 2587 951 2623 παρήκοι,

132 2626 191 2655 οὐδ’
203 2629 276 2665 ἡμᾶς
293 2627 307 2654 ὁ
323 2628 424 2665 χρόνος
440 2627 513 2666 εὗρεν
539 2629 684 2660 ὀκνοῦντας
703 2630 736 2657 τὰ
753 2629 851 2658 δυνατᾶ
871 2630 953 2668 ἐγκώ-

135 2682 193 2708 μια.

167 2720 199 2755 γ.
229 2716 280 2752 Ei’n
312 2715 341 2745 δὲ
379 2716 408 2744 ἂν
441 2716 548 2745 πάντων
585 2719 758 2748 ἀτοπώτατον
780 2743 788 2755 ,
815 2721 956 2758 περιόντος

136 2762 182 2797 μὲν
198 2764 238 2798 τῷ
267 2762 319 2799 βίῳ
345 2762 382 2799 μὴ
406 2760 571 2790 διεκπίπτειν
596 2763 705 2802 εῗσάγαν
729 2767 777 2792 τοῦ
806 2765 830 2792 ἐν
862 2765 955 2803 λόγοις

134 2808 342 2843 προθυμεῖσθαι,
371 2806 536 2839 ἀπελθόντος
567 2807 605 2842 Si,
636 2809 705 2836 ὅπου
730 2811 764 2837 τὰ
790 2810 955 2848 κρείττονα,

134 2849 247 2879 κατόπιν
274 2852 324 2885 τῆς
352 2851 472 2884 παλαιᾶς
499 2853 653 2891 προθυμίας
680 2853 767 2887 ἐλθεῖν
783 2875 791 2890 ,
820 2854 884 2888 ίνθα
910 2856 956 2884 καὶ

1010 1695 1365 1731 reportarunt.Nunquam
1377 1695 1455 1722 enim
1473 1694 1589 1722 animus
1602 1695 1832 1731 pulchritudinis

1008 1747 1112 1767 amans
1132 1739 1279 1775 tragoedos
1295 1738 1460 1766 imitabitur
1473 1739 1502 1766 in
1519 1739 1733 1767 concinnandis
1763 1748 1831 1776 per-

1007 1784 1090 1811 sonis
1105 1783 1229 1811 scenicis
1245 1785 1273 1810 et
1281 1782 1436 1818 colloquiis
1452 1783 1488 1810 ad
1503 1782 1601 1810 vivum
1621 1782 1828 1819 exprimendis.

1007 1828 1069 1856 Viri
1080 1830 1177 1856 autem
1189 1828 1270 1856 bonae
1286 1827 1443 1855 volontatis
1459 1829 1486 1855 et
1506 1827 1613 1863 quibus
1641 1827 1828 1855 ratiocinium

1005 1873 1117 1900 clarum
1131 1875 1234 1908 praesto
1245 1873 1301 1905 est,
1318 1872 1378 1900 viro
1394 1872 1532 1901 defuncto
1550 1872 1627 1901 faces
1655 1872 1827 1908 eloquentis:

1005 1917 1181 1952 accendunt,
1197 1916 1403 1953 gratulationis
1418 1925 1452 1944 ac
1467 1917 1711 1946 sanctificationis
1726 1917 1828 1946 debitas

1005 1970 1126 1990 munere
1142 1962 1306 1998 fungentes.

1039 2097 1066 2124 2.
1087 2096 1213 2132 Ignavus
1229 2103 1300 2124 sane
1315 2098 1396 2123 estet
1411 2093 1558 2130 stupidus,
1568 2096 1597 2122 et
1611 2094 1658 2122 sui
1670 2094 1828 2131 impotens,

1005 2141 1056 2177 qui
1071 2149 1123 2168 nec
1139 2143 1235 2168 tacere
1251 2148 1302 2167 nec
1315 2139 1395 2175 loqui
1411 2141 1574 2174 opportuno
1585 2137 1647 2166 loco
1672 2138 1775 2166 didicit
1801 2141 1830 2166 et

1005 2184 1055 2220 qui
1071 2184 1117 2212 his
1133 2184 1220 2212 rebus
1236 2186 1353 2219 tempus
1368 2185 1469 2218 aptum
1486 2182 1706 2210 accommodare
1726 2181 1829 2210 nescit.

1005 2229 1134 2262 Quilibet
1148 2229 1226 2256 enim
1243 2228 1329 2256 homo
1343 2227 1516 2263 magistrum
1525 2235 1612 2255 suum
1620 2229 1653 2254 ut
1661 2226 1829 2262 exemplum

1006 2274 1089 2310 sequi
1106 2275 1202 2310 potest
1216 2273 1245 2300 in
1263 2272 1351 2300 rebus
1363 2272 1494 2308 pulchris
1510 2274 1539 2299 et
1554 2271 1697 2306 honestis,
1728 2271 1770 2299 ita
1798 2273 1831 2298 ut

1006 2320 1031 2347 si
1044 2319 1093 2347 alii
1108 2318 1288 2346 dissentiunt
1302 2319 1331 2345 et
1342 2317 1501 2353 prudenter
1515 2319 1623 2350 tacent,
1633 2316 1696 2351 ipse
1712 2324 1829 2352 quoque

1007 2363 1197 2400 prudentium
1214 2361 1528 2397 exemplumsequetur
1543 2363 1571 2389 et
1580 2369 1681 2388 eorum
1696 2360 1746 2396 qui
1761 2369 1830 2388 oon-

1007 2417 1080 2437 sona
1095 2408 1197 2435 dicunt
1212 2409 1308 2443 partes
1324 2405 1531 2442 amplectatur,
1549 2405 1710 2441 praesertim
1728 2405 1753 2434 si
1778 2413 1832 2433 an-

1007 2455 1104 2481 teacta
1118 2453 1177 2480 vita
1191 2452 1285 2479 virum
1303 2450 1387 2478 nobis
1403 2450 1533 2478 ostendit
1549 2450 1598 2486 qui
1614 2450 1664 2478 ubi
1679 2450 1715 2478 de
1747 2449 1831 2478 bonis

1008 2499 1095 2526 rebus
1110 2497 1269 2525 consilium
1285 2496 1461 2529 habebatur,
1482 2494 1561 2522 inter
1589 2495 1702 2531 primos
1730 2497 1831 2522 votum

1007 2543 1169 2571 daret:cui
1187 2541 1299 2569 similes
1326 2540 1436 2567 erimus
1462 2539 1510 2566 ubi
1542 2540 1616 2567 beati
1645 2539 1833 2575 imperatoris

1008 2589 1129 2616 virtutes
1145 2586 1283 2614 laudibus
1299 2584 1459 2612 etferimus.
1475 2587 1596 2619 Semper
1609 2584 1688 2612 enim
1717 2585 1746 2611 et
1767 2583 1833 2610 ubi-

1009 2641 1065 2669 que
1085 2630 1230 2660 occasioni
1249 2630 1347 2666 ipsum
1376 2629 1514 2656 laudibus
1539 2628 1706 2657 celebrandi
1727 2629 1833 2664 praesto

1010 2679 1131 2707 erimus.

1045 2723 1071 2750 3.
1088 2721 1167 2750 Nihil
1179 2727 1264 2756 porro
1280 2718 1439 2746 absurdius
1456 2727 1546 2755 quam
1560 2719 1659 2747 videre
1680 2718 1832 2745 hominem

1010 2767 1082 2795 dum
1097 2765 1165 2794 vivit
1181 2765 1280 2792 minus
1296 2764 1331 2792 ab
1347 2764 1512 2792 oratoribus
1529 2763 1746 2798 laudari,cujus
1758 2770 1834 2790 mor-

1010 2813 1055 2841 tui
1071 2810 1244 2839 memoriam
1261 2809 1458 2844 maximopere
1473 2808 1564 2836 iidem
1580 2807 1739 2836 celebrant.
1748 2807 1833 2835 Vivo-

1012 2865 1078 2886 rum
1093 2857 1171 2885 certe
1184 2855 1250 2884 laus
1264 2855 1403 2891 suspecta
1417 2855 1462 2882 est
1476 2853 1512 2882 ob
1534 2852 1742 2882 verecundiam
1770 2859 1834 2888 quas
