2021 3154
182 187 242 219 975

569 187 786 219 EUSTATHII
806 187 1189 218 THESSALONICENSIS
1212 187 1504 218 METROPOLITIE

1837 188 1897 218 976

184 263 336 291 nunquam
353 254 526 291 deponenda
542 257 585 282 est
597 263 604 289 ;
617 255 653 282 de
669 254 792 283 mortuis
822 257 920 283 autem
952 263 1005 291 pa-

1075 253 1181 282 ιάλιστα
1194 254 1284 292 χρεὼν
1301 253 1411 289 ταύτης,
1429 254 1546 282 Ζώντων
1567 254 1616 291 μὶν
1642 254 1693 292 γὰρ
1718 253 1899 292 ξπιστρόφους

185 301 333 327 rentantes
349 308 365 327 a
380 299 548 327 sinceritate
565 307 717 335 nunquam
733 300 879 327 recedent.

224 442 249 469 4.
261 442 330 474 Quas
345 449 410 469 cum
427 441 466 469 ita
478 441 547 476 sint,
561 441 624 476 jam
642 450 699 469 non
713 441 872 476 silendum,
888 442 937 469 sed
969 441 1010 469 lo-

188 486 336 522 quendum
367 487 428 519 est;
459 485 488 513 in
518 494 587 521 quo,
618 494 669 521 pro
699 494 779 513 more
809 485 905 520 solito,
941 486 1012 514 artis

188 530 336 558 rhetoricae
351 530 465 565 legibus
482 537 538 557 non
557 533 634 558 arcte
668 530 950 566 obtemperabimus,
973 530 1012 558 si-

188 574 306 610 quidem
329 574 416 610 prisci
431 574 562 602 rhetores
592 575 725 610 proprias
756 575 904 602 interdum
935 574 1012 611 leges

185 628 218 647 ac
233 628 352 647 normas
369 620 548 655 transgressi
564 622 634 647 sunt
659 620 707 647 ubi
735 620 862 653 licebat;
882 620 910 648 in
941 620 1012 647 scri-

185 664 286 692 bendo
302 672 369 692 vero
380 664 508 699 divegari
525 664 648 700 logicam
665 665 811 692 otl‘endere
841 667 895 692 est.
924 665 1014 701 Igitur

186 708 235 745 qui
254 708 425 745 panegyrim
452 709 558 736 astruit
583 717 665 736 voces
695 708 843 744 legitimas
872 708 959 745 eliget
987 712 1015 736 et

187 752 362 789 procedendi
380 753 500 780 modum
517 753 749 781 circumstantiis
770 753 1012 787 accommodubit,

188 797 415 825 architecturam
433 805 497 832 quas
509 796 555 824 his
573 797 659 825 rebus
671 800 776 833 praeest
788 798 938 833 sequendo
953 806 1012 830 ;se-

189 841 320 868 cundum
336 849 424 876 quam
445 849 530 868 nemo
546 849 639 876 genus
655 850 672 868 a
688 841 832 877 principio
849 845 946 877 ponet,
958 842 1014 869 nisi

190 885 220 912 id
231 886 346 912 tantum
361 887 486 912 tractare
503 885 573 912 vult.
601 885 664 912 Non
693 885 772 913 enim
801 885 933 921 triplices
959 886 1013 913 hoc

191 929 253 957 loco
268 929 471 965 generationes
486 931 648 965 supputaro
675 938 748 966 opus
772 932 829 962 est;
861 930 908 958 hic
937 931 1012 958 enim
1032 941 1054 973 Β

192 981 296 1010 parum
313 973 357 1001 sui
373 973 468 1009 ipsius
485 981 596 1001 memor
611 982 776 1002 sermonem
801 975 920 1002 minime
947 983 1013 1010 pro-

191 1017 342 1054 longatum
355 1019 389 1045 ad
407 1019 494 1045 finem
511 1018 670 1054 perducet;
688 1021 809 1054 septena
824 1027 889 1047 vero
906 1020 1014 1055 perfec-

191 1063 232 1091 tio
247 1062 358 1098 regium
374 1062 446 1090 illud
475 1071 569 1099 genus
597 1066 702 1098 ornat;
728 1064 812 1099 cujus
837 1065 861 1091 si
886 1065 1015 1100 dignitas

191 1107 374 1143 periclitatur
389 1107 454 1143 ipsa
475 1107 599 1135 termino
622 1108 897 1143 circumscribitur;
929 1109 1018 1136 verba

192 1154 289 1179 autem
306 1151 456 1179 laudativa
471 1151 499 1179 in
527 1152 676 1180 inﬁnitum
700 1152 803 1187 ﬂuent,
833 1155 861 1180 et
890 1153 1014 1187 nullum,

192 1195 331 1231 temporis
348 1196 477 1232 spatium
495 1195 572 1224 ultra
588 1197 616 1224 id
644 1197 720 1232 quod
746 1197 895 1233 praeﬁxum
925 1197 1012 1225 fuerit

192 1239 367 1274 adjicietur;
385 1240 460 1266 inter
476 1239 656 1276 loquendum
673 1240 751 1268 enim
767 1241 809 1268 vis
838 1245 866 1268 et
893 1241 1018 1269 libertas

193 1284 421 1316 consumuntur,
449 1284 556 1319 quibus
584 1284 634 1320 qui
664 1284 777 1312 ealamo
809 1285 921 1319 scribit,
956 1295 1013 1314 non

198 1335 273 1363 opus
288 1327 385 1355 habet.

236 1531 264 1559 5.
281 1530 383 1567 Itaque
397 1531 433 1560 iis
449 1532 499 1568 qui
511 1535 675 1568 opportuno
705 1534 903 1563 moderamine
933 1538 1020 1563 utun-

202 1576 251 1603 tur
265 1575 420 1604 dicendum
437 1579 482 1604 est
499 1577 575 1612 quod
598 1577 659 1605 viro
676 1578 794 1606 laudato
811 1587 933 1615 regnum
964 1589 1020 1608 non

1065 299 1142 332 εἶναι,
1158 297 1278 330 ὕποπτος
1294 299 1312 333 ὴ
1328 298 1420 336 χάρις,
1437 297 1482 325 διὰ
1502 299 1552 333 τὴν
1581 298 1606 326 ἐν
1634 297 1790 337 ὀφθαλμοῖς
1812 296 1896 325 αἰδώ-

1065 340 1278 378 ἇπεληλυθότων
1296 341 1334 379 δὲ,
1351 342 1423 371 ἀλλὰ
1437 343 1500 371 τότε
1515 343 1546 370 τὸ
1562 342 1704 381 εὔγνωμον
1722 342 1761 374 εἰς
1786 339 1898 380 ἀκριϐὶς

1067 386 1258 426 διςκφαίνεται.

1103 439 1133 468 δ’.
1160 440 1253 471 Οὕτως
1277 439 1323 467 οὗν
1348 441 1551 477 καθεσταμένου
1572 443 1622 468 τοῦ
1649 439 1718 477 μηδὲ
1745 443 1789 468 νῦν
1819 443 1898 478 σιγᾷν

1067 486 1179 523 χρῆναι,
1196 484 1269 513 ἀλλά
1282 495 1307 512 τι
1324 484 1456 521 λαλῆσαι,
1473 485 1508 512 ὧν
1526 484 1618 516 ἐθάδες
1634 485 1716 522 ἧμιν,
1732 485 1830 522 νόμοις
1845 486 1895 521 μὶν

1067 529 1249 568 λογογραφίας
1266 526 1374 562 ἕπεσθαι
1390 529 1428 561 εἷς
1446 529 1544 558 λεπτὸν
1571 529 1620 558 οὐκ
1643 530 1672 557 ἂν
1699 531 1767 566 ἡμῖν
1792 529 1897 567 ἀνάγκη

1067 574 1241 609 ὲπικείσεται,
1265 573 1291 602 εἷ’
1311 584 1341 612 γε
1365 574 1409 601 καὶ
1436 575 1461 602 οἱ
1486 577 1534 602 τοῦ
1550 575 1698 613 ῥητορικοῦ
1718 575 1833 612 πατέρες
1848 574 1896 601 νό-

1070 629 1121 655 μου
1151 617 1245 646 πολλὰ
1270 621 1453 656 παραποιοῦσι
1482 621 1534 646 τῶν
1562 619 1626 656 παρ’
1654 618 1746 650 αὐτοῖς
1773 619 1899 655 θεσμῶν,

1068 662 1112 690 ὅτε
1125 663 1241 700 καίριον
1261 662 1363 690 ἕκτοπα
1392 661 1420 690 δὲ
1449 663 1524 694 αὖθις
1542 662 1702 698 νπλάζεσθαι
1726 663 1896 701 γράφοντας,

1069 706 1141 734 ἀλλᾶ
1155 709 1236 735 τοῦτο
1250 710 1417 746 παρανομεῖν
1444 707 1468 735 ὲν
1493 707 1576 745 τέχνῃ
1603 707 1692 744 λόγων
1717 707 1800 735 ἰστίν.
1818 707 1898 736 Ἐπι-

1069 751 1177 779 λεκτέον
1201 751 1246 779 οὖν
1270 752 1301 779 τό
1329 762 1358 779 τε
1384 749 1497 789 ἔννομον
1521 751 1546 779 ἐν
1571 752 1728 789 ἐγκωμίοις,
1753 751 1799 779 καὶ
1823 752 1857 778 τὸ
1874 751 1900 778 ἐν

1069 796 1253 834 περιστάσεσιν
1283 794 1429 832 εὐμὲθοδον
1445 819 1452 832 ,
1478 797 1547 824 κατὰ
1574 796 1624 830 τήν
1646 795 1899 834 ἀρχιτεκτονοῦσαν

1069 841 1116 867 κάν
1142 843 1200 871 τοῖς
1229 840 1365 872 τοιούτοις
1405 839 1569 876 δεινότητα,
1597 841 1656 868 καθ’
1686 841 1717 875 ἦν
1742 840 1821 878 γένος
1855 841 1903 877 μὲν

1069 884 1181 912 ἆνταῦοα
1204 884 1440 924 κεφαλαιώσασθαι
1470 883 1561 916 οὐδεὶς
1586 884 1617 912 ἂν
1648 884 1722 916 ὅστις
1754 882 1901 912 ἐπιϐαλεῖ-

1069 940 1122 963 ται,
1142 929 1180 966 μὴ
1195 931 1278 957 τοῦτο
1303 929 1347 956 καὶ
1374 930 1457 966 μόνον
1482 929 1614 967 ἑλόμενος
1642 929 1720 967 ἔργον
1750 930 1856 961 οἑσθαι“
1873 929 1902 960 ὃς

1069 984 1101 1011 γε
1116 973 1172 1001 οὐδ’
1195 973 1267 1001 οὕτω
1291 974 1446 1001 κατευθυνεῖ
1468 974 1517 1008 τὴν
1544 976 1592 1002 τοῦ
1614 973 1697 1011 λόγου
1726 973 1816 1012 βολὴν
1843 973 1902 1001 ἐπί-

1070 1029 1167 1046 σκοπα.
1193 1018 1231 1047 Οὖ
1256 1019 1309 1057 γὰρ
1332 1018 1486 1056 τριγόνους,
1513 1019 1527 1046 δ
1553 1029 1628 1054 φασι,
1651 1019 1736 1057 γονὶς
1764 1019 1902 1056 μετρήσα-

1071 1069 1130 1095 σθαι
1156 1063 1290 1095 κάνταῦθα
1316 1062 1397 1097 ἔστιν,
1423 1062 1449 1090 ἰν
1472 1066 1532 1095 ταῖς
1559 1062 1758 1101 ἆπασχολήσας
1773 1073 1816 1094 τις
1840 1063 1900 1090 ἑαυ-

1070 1108 1128 1143 τὸν,
1153 1107 1184 1134 ού
1211 1108 1279 1134 πάνυ
1304 1108 1408 1145 μακρὰν
1435 1107 1532 1139 ἀνύσας
1564 1106 1709 1135 καταλύσει
1738 1108 1784 1135 τὸν
1817 1107 1900 1145 λόγον

1072 1151 1109 1182 εἷς
1129 1151 1283 1179 ἀνάπαυλαν
1318 1151 1449 1186 ἐπταδική
1478 1151 1506 1179 δὲ
1529 1152 1671 1187 τελειότης
1697 1152 1729 1179 τὸ
1757 1151 1902 1190 βασιλικὸν

1071 1198 1151 1224 τοῦτο
1166 1196 1246 1233 γένος
1267 1199 1375 1233 κοσμεῖ.
1397 1197 1448 1224 Κᾶν
1475 1195 1556 1234 δεήσῃ
1580 1199 1638 1227 τοῖς
1664 1199 1722 1223 κατ’
1742 1195 1828 1231 αὐτὴν
1856 1196 1904 1223 ἐπ-

1074 1239 1189 1277 εξελθεῖν
1215 1240 1401 1277 σεμνώμασιν,
1425 1240 1492 1275 αὐτὴ
1518 1241 1564 1278 μὶν
1586 1241 1681 1278 πέρατι
1703 1239 1902 1278 περικλείεται·

1073 1286 1099 1311 οἰ
1123 1283 1150 1312 δὲ
1178 1285 1247 1320 πρὸς
1274 1288 1374 1322 τεχνην
1403 1284 1586 1320 ἰπαινετήριοι
1615 1284 1760 1322 ῥυήσονται
1795 1285 1834 1317 ὡς
1863 1285 1903 1316 εἷς

1075 1329 1220 1367 ἀπέραντα,
1246 1329 1290 1357 καὶ
1321 1329 1371 1357 οὐκ
1398 1329 1645 1367 ἐπιμετρηθήσεταί
1674 1339 1700 1357 τι
1730 1326 1837 1367 χρόνου
1862 1333 1904 1365 τῷ

1074 1374 1142 1401 κατὰ
1171 1374 1270 1401 σκοπὸν
1290 1397 1296 1408 ,
1324 1373 1511 1410 ἀναλωθεισης
1540 1377 1588 1409 τῆς
1616 1373 1642 1401 ἰν
1671 1376 1712 1410 τῷ
1739 1373 1831 1411 λέγειν
1859 1374 1904 1401 καὶ

1076 1417 1173 1456 ἰσχύος
1199 1418 1245 1446 καὶ
1271 1417 1362 1450 ἀδείας
1386 1418 1424 1450 εἰς
1449 1419 1483 1446 τὰ
1513 1419 1551 1455 μὴ
1576 1418 1629 1456 πρὸ
1656 1417 1739 1456 ἔργου
1765 1421 1806 1454 τῷ
1833 1419 1904 1456 γρα-

1076 1473 1164 1502 φοντι,

1113 1538 1141 1567 ε’.
1169 1538 1272 1566 Ἐκεῖνο
1295 1537 1385 1566 τοίνυν
1408 1536 1477 1566 ἔστίν
1507 1538 1591 1565 εἰπεῖν
1620 1540 1679 1568 τοῖς
1709 1537 1826 1569 ἐνταῦθα
1856 1548 1905 1574 με.

1076 1582 1236 1620 τρουμὲνοις
1274 1583 1306 1610 τὸ
1341 1582 1457 1621 καίριον,
1495 1582 1533 1614 ὡς
1571 1582 1622 1610 οὐκ
1658 1582 1836 1618 ἀθεμελίωτα
1864 1585 1905 1618 τῷ

200 1619 264 1648 sine
279 1618 469 1648 fundamento
485 1625 535 1648 aut
556 1623 619 1649 sine
640 1623 736 1651 radice
751 1624 864 1660 obtigit,
876 1625 1017 1660 siquidem

1080 1628 1241 1664 ὑμνουμένῳ
1263 1628 1297 1655 τὰ
1319 1629 1367 1655 τοῦ
1395 1627 1557 1665 βασιλεύειν,
1583 1625 1655 1663 οὐδὲ,
1672 1627 1710 1657 ὡς
1732 1627 1791 1654 οἷον
1807 1627 1906 1662 εἰπεῖν,

202 1663 295 1691 ﬁrmis
307 1664 518 1699 fundamentis,
534 1675 654 1694 avorum
672 1668 774 1703 gloria,
800 1669 963 1702 stabilitur,
994 1674 1023 1698 et

202 1710 235 1736 ut
251 1708 399 1737 radicibus
416 1710 520 1738 validis
548 1711 694 1740 virescens
718 1713 895 1748 germinavit
924 1715 1021 1749 arbor,

203 1753 288 1787 cujus
310 1753 415 1781 umbra
429 1753 543 1781 labores
560 1763 658 1782 eorum
676 1756 826 1784 consolata
842 1760 887 1784 est
907 1758 957 1794 qui
971 1767 1021 1786 su-

202 1798 391 1825 dor-emadidi
407 1802 607 1832 accurrerunt,
619 1803 646 1827 et
672 1801 756 1835 cujus
782 1802 894 1830 fructus
918 1811 1022 1832 omnes

202 1841 357 1876 indigenas
372 1841 579 1870 aluerunt.Res
586 1843 622 1879 igi
629 1844 934 1879 turjucundavidetur
944 1856 959 1883 q
966 1849 1022 1875 und

204 1885 311 1920 aliquis
326 1885 433 1921 dignus
450 1886 586 1914 inventus
617 1888 704 1915 fuerit
731 1883 887 1926 qui'rogni
918 1891 1021 1919 funda-

204 1930 302 1956 menta
313 1929 439 1964 jacuerit
453 1933 481 1957 ct
496 1931 636 1967 temporis
653 1932 744 1960 felicis
761 1934 884 1969 posteris
909 1936 1022 1965 semina

202 1972 356 2001 tradiderit
372 1976 400 2001 et
416 1982 526 2002 coronas
543 1976 631 2011 regali
650 1977 765 2005 initium
800 1980 930 2014 posuerit
957 1989 1021 2017 quas

203 2019 305 2052 postea
320 2020 362 2045 tot
376 2018 482 2054 dignos
499 2021 602 2048 merito
617 2022 731 2049 ornavit
753 2025 782 2050 et
803 2030 874 2058 'qua:
896 2026 1022 2054 subinde

202 2062 349 2098 duplicem
367 2066 502 2091 assecuta
516 2067 561 2092 est
577 2065 729 2101 honorem,
754 2068 848 2103 primo
873 2070 1020 2106 propriam

202 2107 305 2134 deinde
315 2115 401 2143 quem
415 2107 538 2136 historia
550 2109 776 2146 imperatoribus
785 2115 1020 2142 antecessoribus

201 2151 482 2187 attribuit,quamvis
498 2154 577 2189 prior
591 2154 724 2183 honorad
741 2156 924 2186 fundatorem
936 2168 1020 2195 spec—

201 2197 253 2223 tet.
265 2196 321 2224 Sed
338 2197 387 2232 qui
404 2198 485 2232 regni
503 2199 695 2227 fundamenta
715 2201 808 2234 jaeuit
837 2210 893 2230 non
922 2206 1020 2231 tamen

201 2248 253 2276 pro
266 2240 364 2268 futuro
375 2244 506 2277 tempore
522 2243 659 2270 fiduciam
676 2244 742 2278 dat;
758 2245 808 2280 qui
828 2249 926 2275 autem
954 2249 1019 2276 fun-

1077 1671 1195 1709 ἅρῥιζαυ
1227 1671 1349 1710 στεῤῥοῖς
1390 1671 1420 1699 δὲ
1455 1671 1593 1708 θεμελίοις
1622 1670 1838 1708 ἐπῳκοδόμηται
1869 1673 1906 1708 τῇ

1076 1713 1346 1754 προϋποϐεϐλημὲνῃ
1374 1718 1428 1744 τῶν
1458 1716 1602 1754 προγόνων
1632 1715 1753 1751 εὐκλείᾳ,
1779 1716 1838 1750 καὶ,
1866 1716 1905 1746 ὡς

1076 1760 1120 1787 ἐπὶ
1136 1761 1223 1799 ῥίζαις
1251 1761 1400 1796 τοιαύταις,
1427 1761 1508 1800 φυτὸν
1531 1759 1726 1793 εύθαλὲστατον
1750 1760 1818 1787 αὐτὸ
1845 1760 1908 1788 ἀνέ-

1077 1803 1210 1841 ϐλαστεν,
1239 1805 1271 1833 οὗ
1299 1806 1343 1833 καὶ
1370 1807 1387 1840 ἡ
1417 1806 1479 1833 σκιὰ
1508 1805 1611 1836 κόπους
1639 1805 1760 1843 ἀνέψυχε
1785 1808 1846 1836 τοῖς
1875 1804 1906 1832 ἐκ

1076 1851 1203 1886 καμάτων
1230 1850 1291 1888 βίου
1323 1853 1481 1887 καυστηρῶν
1511 1849 1702 1888 ὑποτρέχουσι,
1729 1849 1775 1877 καὶ
1799 1850 1814 1877 ὁ
1841 1859 1906 1887 καρ-

1076 1895 1126 1926 πὸς
1154 1894 1272 1934 ἔτρεφεν,
1303 1895 1381 1926 ὅσους
1409 1895 1469 1933 βίου
1497 1894 1626 1930 ἐλάπαξεν
1655 1893 1764 1922 ἔνδεια.
1798 1894 1904 1931 Σεμνὸν

1079 1939 1125 1976 μὲν
1152 1940 1196 1967 οὖν
1221 1940 1265 1967 καὶ
1293 1939 1372 1967 αὐτόν
1399 1950 1460 1967 τινα
1487 1939 1619 1975 ἠξιῶσθαι
1644 1939 1734 1976 ἀρχὴν
1761 1938 1906 1976 βασιλείας

1077 1985 1163 2020 ἑαυτῷ
1185 1982 1449 2022 προκαταόαλέσθαι,
1475 1984 1520 2011 καὶ
1545 1983 1673 2021 κατάρξαι
1696 1985 1737 2018 τῷ
1767 1983 1906 2010 εἶσὲπειτα

1076 2030 1148 2066 γένει
1176 2031 1224 2056 τοῦ
1254 2029 1363 2067 ἀγαθοῦ,
1393 2029 1437 2056 καὶ
1466 2030 1501 2065 τῇ
1529 2027 1659 2065 βασιλικῇ
1693 2027 1802 2065 χρυσέᾳ
1831 2030 1908 2065 σειρᾷ

1076 2071 1195 2100 ἐνδοῦναι
1223 2074 1322 2111 ἀρχήν·
1353 2076 1392 2109 τῷ
1421 2074 1500 2100 παντὶ
1531 2071 1559 2099 δὲ
1584 2074 1706 2107 κρεῖττον
1724 2071 1755 2099 ἐκ
1770 2070 1906 2110 διαδοχῆς

1077 2117 1262 2156 ἑπικεκρίσθαι
1291 2117 1446 2155 περιθέσθαι
1476 2115 1598 2154 διάδημα
1616 2137 1622 2144 .
1652 2116 1743 2145 Τοῦτο
1775 2117 1824 2152 μὶν
1855 2117 1907 2154 γὰρ

1077 2161 1114 2193 εἷς
1129 2161 1243 2189 διπλοῦν
1270 2161 1331 2197 ἥκει
1357 2162 1480 2192 ἐπαίνου.
1501 2159 1533 2189 τό
1547 2172 1577 2189 τε
1595 2161 1653 2188 κατ’
1671 2160 1764 2191 αὐτὸν.
1781 2161 1828 2188 καί
1845 2160 1908 2188 ὅσον

1076 2206 1114 2238 εἰς
1145 2207 1266 2244 βασιλεῖς
1303 2207 1456 2245 προγόνους
1486 2206 1638 2242 ἀναπέμπει
1664 2205 1710 2232 τὸν
1740 2205 1904 2244 γράφοντα·

1076 2251 1162 2278 ἐκεῖνο
1189 2250 1217 2279 δὲ
1241 2251 1279 2282 εἷς
1303 2250 1349 2279 ἕνα
1375 2251 1536 2289 περιέγραψε
1559 2251 1590 2278 τὸ
1614 2249 1710 2284 καλὸν,
1736 2250 1783 2277 τὸν
1805 2250 1905 2286 κατάρ-

201 2284 332 2312 datorem
359 2287 492 2320 sequitur
515 2287 730 2316 successionem
766 2290 860 2318 ﬁrmat
888 2293 1017 2328 proprias

201 2330 320 2340 “mn.”
340 2333 451 2340 ub",
480 2339 484 2340 ν
594 2333 626 2340 ,,
784 2335 811 2340 ..
862 2336 869 2340 .

1076 2296 1165 2330 ξαντα.
1188 2297 1237 2324 Καὶ
1267 2294 1305 2324 ἔτι
1335 2297 1349 2324 ὁ
1380 2296 1427 2332 μὶν
1452 2296 1541 2333 ἀρχὴν
1573 2294 1720 2332 βασιλικήν
1749 2295 1906 2329 ὑποστησάο

201 2330 322 2357 virtutes
338 2333 557 2358 antecessorum
573 2333 732 2361 virtutibus
757 2335 900 2363 addendo.
930 2337 1021 2365 Habet

201 2373 278 2400 enim
295 2374 427 2409 exempla
440 2376 474 2402 ad
493 2376 665 2403 lirmandum
680 2381 818 2412 mentem,
835 2380 955 2416 zeloque
984 2382 1019 2409 ad

200 2416 392 2445 imitationem
406 2419 544 2448 incensus
559 2421 822 2456 przedecessoribus
838 2424 958 2453 interior
981 2426 1020 2454 vi-

200 2460 261 2488 deri
277 2470 334 2489 non
350 2463 420 2491 vult.

232 2663 258 2691 6.
274 2663 347 2696 Quid
365 2665 442 2700 quod
460 2665 494 2693 de
509 2674 614 2702 genere
631 2677 739 2705 magna
756 2680 812 2698 non
825 2675 870 2700 est
885 2681 955 2702 cura
970 2675 1020 2703 ba-

197 2707 392 2745 benda,cnjus
405 2710 522 2746 generis
537 2714 620 2747 gesta
635 2713 752 2742 herotca
767 2716 882 2745 novisse
897 2719 962 2754 ejus
975 2723 1020 2748 est

197 2753 246 2797 qui
263 2756 389 2782 mentem
401 2754 524 2782 scientia
540 2763 643 2785 ornare
655 2758 737 2792 vult;
766 2763 794 2788 et
819 2770 882 2797 quae
913 2753 1019 2792 litteris

193 2796 254 2831 jam
271 2798 383 2826 dudum
399 2799 468 2827 licet
479 2799 617 2829 brevibus
632 2803 726 2832 verbis
742 2796 850 2834 tradita
864 2810 943 2835 sunt.
957 2808 1019 2836 Huc

196 2842 310 2870 accedit
321 2844 397 2878 quod
412 2844 597 2873 educationis
607 2854 739 2876 noxmam
758 2857 790 2878 ac
804 2851 921 2887 regulas
935 2853 1018 2889 sequi

1079 2350 1158 2376 μενος
1186 2341 1216 2367 οὐ
1243 2341 1311 2368 πάνυ
1339 2340 1432 2368 δίδωσι
1463 2340 1570 2378 θαῤῥεῖν
1595 2339 1628 2366 τὰ
1654 2339 1799 2366 είσὲπειτα·
1833 2339 1846 2366 ὁ
1877 2337 1905 2366 δὲ

1076 2387 1133 2415 τοῖς
1163 2384 1269 2423 ἄρξασιν
1300 2385 1505 2422 ἐπιγενόμενος,
1531 2384 1576 2411 καὶ
1604 2386 1688 2411 ταῦτα
1713 2382 1879 2418 τηλικούτοι
1897 2405 1904 2417 ,

1076 2428 1249 2467 ἐγγυωμένην
1272 2429 1354 2467 αὐχεῖ
1373 2431 1422 2465 τήν
1449 2428 1583 2467 διαδοχὴ-ι
1614 2428 1725 2466 ἀγαθοῖς
1755 2431 1815 2458 τοῖς
1838 2429 1905 2467 φθα-

1077 2484 1136 2501 σισι
1163 2478 1367 2511 προσεπιθεῖναι
1391 2474 1424 2502 τὰ
1437 2472 1555 2502 οἷ’κοθεν.
1581 2476 1659 2510 Ἔχει
1681 2473 1744 2510 γὰρ,
1761 2472 1826 2500 ὅποι
1851 2483 1906 2499 πα-

1077 2516 1257 2557 ραδείγματος
1294 2519 1431 2557 ἰθαγενοῦς
1465 2519 1511 2546 τὸν
1542 2520 1603 2545 νοῦν
1634 2517 1804 2555 ἀπερείσεται
1822 2526 1829 2533 ·
1857 2516 1905 2544 καὶ

1078 2562 1154 2600 ζήλῳ
1182 2561 1387 2601 διαθιρμανθεὶς
1421 2563 1488 2601 πρὸς
1519 2562 1647 2599 μίμησιν,
1679 2562 1710 2589 οὐ
1742 2562 1816 2600 φέρει
1844 2563 1906 2591 τοῖς

1074 2607 1219 2646 προγόνοις
1235 2608 1340 2647 ἀφιέναι
1356 2608 1504 2646 πρωτεύειν
1522 2607 1547 2635 ἐν
1562 2607 1686 2645 ἀγαθοῖς.

1110 2678 1141 2707 ς’.
1166 2675 1196 2702 Τί
1224 2674 1253 2703 δὲ
1277 2685 1284 2710 ;
1310 2674 1389 2707 Γένος
1417 2676 1464 2711 μὶν
1490 2675 1522 2702 οὗ
1550 2673 1835 2712 πολυπραγμονητέον
1860 2670 1905 2698 ἐν·

1073 2721 1166 2753 ταῦθα,
1193 2719 1274 2757 οὗπερ
1295 2721 1309 2747 ὁ
1335 2719 1487 2758 κατάλογος
1513 2719 1579 2757 ὑπὲρ
1605 2719 1639 2746 τὰ
1667 2717 1787 2756 ἠρωϊκὰ,
1810 2717 1844 2743 ὧν
1870 2715 1906 2742 τὰ

1075 2764 1158 2800 σεμνᾶ
1186 2763 1241 2791 ἔστι
1268 2767 1408 2792 κατανοεῖν
1434 2767 1474 2800 τῷ
1502 2764 1647 2800 μαθήσεως
1682 2761 1711 2789 εὖ
1737 2761 1841 2795 ἥκοντι,
1876 2759 1903 2789 ἐς

1075 2808 1136 2836 ὅσον
1169 2808 1343 2846 βραχύτητος
1362 2808 1586 2847 περιγέγραπται·
1616 2809 1720 2844 τροφῆς
1749 2804 1778 2832 δὶ
1802 2803 1903 2832 κανόνα

1074 2851 1284 2891 διαχειριστέον,
1314 2853 1344 2886 ὃς
1372 2852 1405 2888 δὴ
1433 2855 1473 2889 τῷ
1499 2852 1570 2891 γένει
1595 2850 1826 2889 συναναφαίνεται.
1849 2848 1901 2876 Καὶ
