2026 3156
115 185 174 215 917

550 187 744 218 MANUELIS
767 186 943 217 COMNENI
966 185 1164 217 LAUDATIO
1187 187 1395 218 FUNEBRIS.

1763 188 1823 218 978

112 250 153 282 τίς
168 250 198 277 ἂν
226 250 397 289 ὲπιμετρήοῃ
427 253 527 290 χρόνον
543 252 686 289 ἀρκοῦντα,
716 249 778 284 ἔνθα
801 251 828 279 τὸ
841 251 940 288 ἀκροα-

999 252 1149 286 debemus,
1166 253 1275 288 quibus
1290 253 1405 289 generis
1431 253 1569 289 splendor
1594 256 1726 290 augetur.
1750 255 1822 288 Quis

114 295 211 333 τήριον
229 295 311 332 ὀλίγα
327 295 374 331 μὲν
399 293 457 333 ἔχει
485 296 553 333 πρὸς
578 298 635 327 τοῖς
657 296 699 333 ὑφ’
727 296 808 330 ἡμῶν
839 294 940 322 λαλου-

117 339 221 375 μένοις,
244 340 278 367 τὰ
315 339 403 367 πλείω
431 339 459 367 δὲ
486 340 523 370 εἰς
551 341 629 367 ἑαυτὸ
659 341 808 378 στρέφεται,
834 340 878 366 καὶ
904 341 943 375 τῷ

116 383 233 419 οαῦματι
263 384 415 421 πεπηγότες
451 383 468 418 ἢ
499 383 676 412 συστέλλουσι
700 384 734 411 τὰ
760 387 814 411 τῶν
844 383 941 419 αἰσθή-

117 437 183 454 σιων
211 426 394 465 ἐνεργήματα,
423 427 448 455 ἐν
479 430 519 459 οἷς
534 428 578 456 καὶ
605 429 636 456 τὸ
663 429 820 466 ἀκροᾶσθαι,
836 428 853 463 ἢ
870 427 944 456 ἀλλὰ

115 471 164 502 τὶς
193 472 311 510 ψυχικὰς
339 472 563 510 παρανοιγνύντες
605 471 716 505 δέλτους
748 473 826 501 αὐτοὶ
857 473 943 510 λογο-

116 518 264 554 γραφοῦσιν
293 516 411 550 ἑαυτοῖς,
438 518 496 545 κατ’
526 516 612 549 ἄλλος
643 517 729 545 ἄλλον
757 519 858 556 τρόπον
881 520 942 548 τοῖς

115 562 164 587 τοῦ
178 560 305 597 κειμένου
320 561 467 598 ἐπεξιόντες
482 562 634 599 θαύμασιν;
665 562 690 590 ἐν
721 564 761 594 οἷς
791 563 835 590 καὶ
860 563 896 594 ὡς
914 563 943 590 ἐκ

115 604 277 642 σπαργάνων
314 606 401 634 αὐτῶν
431 606 476 634 καί
513 607 543 635 ἐκ
571 607 667 639 παιδὸς
697 607 734 638 είς
764 608 881 644 ἀκμαῖον
907 601 944 635 δι’

115 649 217 686 ἀρετῶν
241 649 315 684 ἥκῶν
345 652 511 688 προέκοπτε,
540 653 573 679 τὰ
605 652 651 688 μὲν
681 653 783 690 ἑτέροις
811 663 941 690 προγονι-

114 696 173 724 κοῖς
201 692 335 731 ἐμϐαίνων
353 695 451 734 ἴχνεσι,
481 697 515 724 τὰ
545 695 573 724 δὶ
596 697 641 724 καὶ
657 699 795 734 πατρικῶς
811 697 940 735 ῥυθμιζό-

115 748 205 774 μενος,
221 739 310 767 πλείω
339 739 368 767 δὶ
395 741 439 768 καὶ
475 743 682 779 προσευπορῶν,
706 742 750 768 καὶ
766 742 864 779 ἀρχαῖς
879 742 943 779 ἀγα-

114 783 173 813 Θαῖς
202 785 435 823 προσεξευρίσκων
465 785 556 820 αὐτὸς,
570 785 619 813 ὅσα
634 786 678 813 καὶ
706 786 773 814 αὐτὰ
797 786 835 818 εἷς
855 787 942 825 ἀρχὰς

113 826 157 853 καὶ
193 826 395 867 ἀγαθοπραξιῶν
434 830 575 868 ἀρχέτυπα
600 833 658 862 τοῖς
693 830 814 858 ἐπιοῦσιν
845 831 940 869 ἐγγρά-

115 870 204 909 ψιται.

997 299 1094 324 autem
1109 299 1226 333 tempus
1242 298 1392 325 sufﬁciens
1414 297 1496 325 dabit
1519 298 1627 326 oratori
1652 307 1686 326 ea
1709 298 1771 335 lege
1788 301 1822 327 ut

997 341 1187 370 audientibus
1202 343 1289 370 verba
1306 342 1418 378 prolata
1435 351 1537 377 parum
1554 342 1677 378 prosint,
1696 343 1821 379 plurima

997 393 1064 413 vero
1080 385 1108 413 in
1131 386 1261 422 seipsum
1285 389 1476 420 revertantur,
1504 388 1532 414 et
1556 387 1598 414 sic
1626 387 1819 415 admiratione

998 429 1134 465 perculsi,
1151 433 1179 458 et
1205 431 1574 466 audiendioperationibus
1602 432 1820 468 circumscripti

996 473 1087 502 libros
1103 474 1322 510 philosophicoe
1343 475 1443 511 legunt
1463 478 1492 503 et
1507 476 1653 503 memoriae
1680 476 1822 504 mandant

997 521 1026 546 et
1041 522 1168 546 mentem
1186 519 1366 547 mirabilium
1384 521 1482 548 studio
1495 520 1631 556 replent?
1644 521 1686 548 Ab
1701 521 1822 549 incuna-

997 563 1076 591 bulis
1095 565 1172 591 enim
1200 565 1371 592 adolescens
1394 565 1431 591 ad
1456 565 1596 592 virtutum
1621 565 1822 593 maturitatem

998 609 1181 644 procedendo
1207 609 1352 644 majorum
1377 609 1509 645 vestigiis
1534 609 1655 643 insistit,
1678 613 1707 638 et
1726 618 1823 638 mores

998 658 1134 691 paternos
1147 654 1291 682 imitando
1303 655 1388 683 bonis
1402 655 1533 691 auguriis
1545 655 1633 682 vitam
1645 664 1824 691 componens

996 701 1140 728 bonarum
1157 699 1304 727 actionum
1321 699 1469 735 exemplar
1481 699 1544 736 ipse
1555 702 1599 727 est
1610 702 1637 727 et
1648 700 1774 735 posteris
1786 700 1823 728 ad

996 745 1172 772 imitandum
1191 748 1378 780 proponetur.

154 926 184 960 ζ’.
201 927 247 954 Ἐν
273 926 324 964 γὰρ
349 926 460 962 ἀληθῶς
477 926 543 955 ἰδεῖν
570 928 615 955 τὸν
635 928 681 964 μὲν
708 929 810 966 πατέρα
827 929 940 968 βασιλέα

1028 930 1055 957 7.
1073 928 1183 956 Revera
1198 929 1295 955 autem
1319 929 1432 963 patrem
1459 927 1663 963 imperatorem
1689 927 1819 963 optimas

119 966 300 996 διδασκαλιῶν
324 970 372 1002 τὰς
400 970 508 1008 ἀρίστας
524 969 762 1009 προϐαλλόμενον,
791 966 887 1001 τοὺτον
913 973 941 1002 δὶ

118 1011 181 1050 ῥᾷον
215 1012 495 1051 ἀντιλαμϐανόμενον,
531 1016 575 1044 καὶ
613 1015 652 1047 είς
686 1014 827 1054 προϐολὴν
862 1018 941 1050 εὐθὺς

117 1057 251 1095 ἐνεργείας
288 1058 393 1092 τιλείας
420 1059 629 1098 ἐρεθιζόμενον
659 1061 780 1089 κάκεῖνον
811 1061 880 1090 ἔστιν
911 1064 942 1091 οὗ

117 1102 161 1129 καὶ
192 1102 325 1141 ἐπέχοντα
351 1108 402 1139 τῆς
426 1104 533 1142 εἷσάγαν
563 1105 663 1143 ῥύμης,
695 1106 880 1145 ὑφορώμενον,
903 1108 941 1144 μή

117 1147 161 1174 καὶ
193 1147 308 1186 σφαλείη
339 1149 352 1176 ὁ
368 1151 432 1181 παῖς
456 1149 584 1186 βασιλεὺς
600 1152 640 1186 τῷ
670 1150 797 1187 ὑπερλίαν
814 1151 943 1188 εὐεκτικῷ

115 1190 164 1218 τοῦ
182 1192 381 1231 μεγαλοφυοῠς.
412 1193 464 1221 Καί
493 1204 559 1221 ποτε
599 1195 652 1232 πρὸ
682 1195 753 1232 ὥρας
783 1196 876 1233 ὑγραῖς
902 1195 943 1224 ἓτι

116 1235 194 1272 χερσὶ
211 1237 266 1273 (καί
290 1237 317 1264 τί
332 1238 382 1275 γάρ
396 1239 414 1274 ;)
436 1238 453 1273 ἢ
469 1237 608 1271 παιδικαῖς
637 1240 650 1266 ό
681 1240 729 1276 μὲν
756 1240 943 1278 κατεθάῤῥησε

119 1280 215 1318 μάχης
241 1282 281 1317 (ἣν
307 1282 337 1309 οὐ
361 1283 475 1316 πολλοὶ,
504 1282 566 1310 οὐδὲ
584 1285 638 1310 τῶν
654 1284 868 1322 γενναιοτέρων),
897 1286 941 1312 καὶ

118 1325 269 1361 περιέκειτο
297 1326 375 1362 νίκην
394 1338 399 1344 -
430 1327 444 1354 ὁ
473 1326 501 1354 δὲ
529 1328 618 1364 πατὴρ
643 1327 716 1359 ἐντὸς
739 1329 786 1364 μὲν
821 1328 942 1366 ἔχαιρεν,

120 1368 273 1409 ἐπαλείφων
304 1371 342 1402 εἲς
368 1371 464 1408 ἀρετὰς
493 1370 538 1398 τὸν
568 1373 627 1399 κατ’
655 1371 735 1404 αὐτὰς
765 1372 942 1410 δεξιώτατον,

119 1416 177 1445 τοῖς
194 1413 222 1441 δὲ
247 1414 323 1446 ἐκτὸς
339 1413 476 1453 ἐμϐριθῶς
492 1415 689 1453 ἐσχημάτιστῳ
714 1418 759 1444 καὶ
782 1417 876 1452 ἤνυσεν
899 1419 943 1446 ἐπὶ

119 1460 159 1494 τῷ
187 1461 295 1496 μαθητῇ
323 1458 439 1497 βασιλεῖ,
456 1460 470 1487 ’ὸ
488 1461 525 1497 μή
550 1461 582 1488 τὸ
601 1460 734 1497 πολέμιον
749 1463 941 1500 κατεπράξατο.

119 1502 186 1533 Τοὺς
212 1504 325 1542 μὲνγὰρ
341 1503 397 1532 οὐδ’
429 1504 566 1540 ὑπεστάλη
584 1505 597 1531 ὁ
624 1505 769 1536 νεανίας-ὁ
797 1505 825 1533 δὲ
852 1508 943 1543 πατὴρ

124 1547 261 1584 βασιλεὺς,
292 1546 543 1586 ἐμϐριμησάμενος,
562 1550 628 1577 αὐτὸ
658 1549 681 1576 δ’
709 1549 805 1586 εἰπεῖν,
821 1551 865 1578 καὶ
885 1551 943 1578 ἐπι-

119 1592 245 1628 πλήξας,
275 1593 313 1624 εἰς
337 1593 435 1632 φρίκην
461 1595 594 1631 συνήγαγε
625 1592 743 1631 μαθόντα
770 1595 808 1631 μὴ
843 1599 942 1634 χρῆναι

118 1637 201 1668 θάλος
230 1637 301 1665 οὕτω
329 1638 388 1665 νέον
416 1638 526 1674 ἀνέμοις
564 1639 642 1666 ἑαυτὸ
680 1637 886 1676 παραϐάλλειν,
916 1641 942 1668 οἳ

117 1680 260 1719 ἐκπρὲψαι
284 1685 334 1716 τῆς
349 1682 386 1713 cl:
412 1683 491 1720 ὀρθὸν
521 1684 649 1718 στάσεως,
678 1684 723 1712 καὶ
743 1684 786 1711 ἰπὶ
802 1685 883 1722 γαίης
899 1684 943 1712 ἐκ-

117 1725 228 1753 τανύσαι
263 1725 403 1764 ἰσχύουσιν
417 1735 423 1743 ·
457 1727 605 1754 ἀκούσαντά
625 1738 655 1754 τε
675 1728 722 1755 καὶ
751 1727 856 1764 μηδένα
879 1731 943 1768 φαῦ-

119 1769 168 1797 λον
184 1769 267 1807 ἄνδρα
282 1770 399 1807 πολέμῳ
414 1769 546 1808 α’ίρεσθαι,
573 1770 646 1800 ἀλλὰ
670 1771 733 1803 τοὺς
757 1773 874 1810 ἀγαθοὺς
890 1774 940 1808 ἀεὶ,

119 1814 165 1845 οὕς
205 1815 396 1852 κρατυνθέντας
435 1816 482 1852 μὶν
515 1816 584 1843 πάνυ
617 1816 733 1854 στερρῶς
773 1817 818 1844 καί
847 1816 941 1849 ἄθλοις

119 1856 288 1896 ἰντριϐἐντας
330 1859 438 1897 μυρίοις
475 1861 538 1898 τάχ’
570 1860 601 1887 ἃν
629 1871 695 1888 ποτε
721 1860 894 1897 δυσωπηθείη
922 1864 940 1898 ἡ

117 1901 314 1941 δυσπρόσωπος
332 1904 423 1941 μάχη,
446 1904 618 1936 παναπάλοις
635 1904 663 1932 δὲ
691 1904 750 1932 οὖσι
768 1905 839 1943 ταχὺ
860 1905 941 1944 ἐγχα-

113 1950 208 1984 νεῖται,
235 1949 278 1976 καὶ
303 1948 440 1986 ἀπαγάγοι
455 1949 510 1987 πρὸ
526 1949 610 1987 ὥρας,
634 1950 731 1987 μικρὸν
748 1949 765 1984 ἢ
782 1949 859 1977 οὐδὲν
876 1951 941 1988 ὤφε-

116 1991 235 2027 ληκότας
255 1993 286 2021 τὸ
313 1993 513 2031 βοηθούμενονθ
540 1993 585 2021 καὶ
610 1993 653 2021 ἐπὶ
669 1996 734 2021 πᾶσι
757 1994 940 2030 παίδευθέντα,

996 973 1159 1009 discipline
1175 971 1292 1008 regulas
1309 980 1478 1008 proponere,
1496 972 1588 999 filium
1610 973 1707 1000 autem
1723 971 1822 1000 confe-

997 1019 1065 1046 stim
1082 1015 1200 1045 obedire
1216 1019 1245 1044 et
1258 1017 1348 1044 vitam
1365 1016 1401 1043 ad
1415 1015 1480 1043 illas
1494 1024 1668 1052 componere
1683 1016 1822 1044 vidimus.

996 1063 1047 1091 Ille
1058 1069 1183 1096 namque
1195 1061 1316 1088 nimiam
1331 1060 1381 1088 lilii
1393 1060 1643 1096 impetuositatem
1656 1060 1822 1095 refrenavit,

997 1117 1033 1136 ne
1049 1107 1155 1135 indolis
1182 1106 1319 1134 facilitate
1348 1105 1425 1133 ultra
1439 1113 1527 1140 quam
1558 1106 1600 1132 fas
1615 1108 1661 1133 est
1687 1105 1821 1132 ferretur.

999 1153 1216 1187 Nonnunquam
1245 1153 1343 1178 autem
1371 1152 1488 1186 tempus
1521 1150 1659 1178 manibus
1688 1149 1823 1178 delicatis

997 1198 1113 1234 (quidni
1128 1197 1205 1225 enim
1216 1196 1243 1232 ‘2)
1259 1199 1309 1224 aut
1324 1196 1485 1232 puerilibus
1501 1196 1614 1223 hostem
1630 1195 1660 1223 in
1677 1204 1776 1231 pugna
1790 1195 1823 1223 1i-

998 1245 1042 1269 cet
1076 1242 1195 1269 inferior
1237 1248 1360 1267 numero
1401 1243 1430 1268 et
1472 1240 1644 1268 fortitudine
1683 1248 1822 1276 egressus

997 1286 1090 1314 victor
1106 1293 1238 1312 reversus
1253 1287 1316 1318 est;
1333 1285 1369 1312 de
1394 1293 1452 1320 quo
1468 1287 1549 1320 pater
1575 1284 1658 1312 hctus
1675 1284 1768 1311 filium
1784 1285 1821 1312 ad

997 1331 1134 1359 virtutem
1160 1330 1348 1366 aptissimum
1376 1330 1529 1364 excitabat,
1559 1332 1694 1358 externos
1723 1332 1821 1358 autem

999 1375 1172 1412 ﬂagellando
1198 1375 1371 1408 instruebat,
1402 1377 1431 1402 et
1457 1375 1498 1402 sic
1520 1375 1556 1402 de
1581 1374 1726 1412 discipulo
1743 1375 1822 1411 regio

999 1421 1067 1448 fecit
1083 1420 1160 1455 quod
1177 1419 1306 1447 hostium
1334 1418 1500 1454 exemplum
1526 1419 1620 1446 facere
1635 1419 1822 1455 nequivisset.

999 1465 1073 1492 Dum
1096 1471 1163 1491 vero
1192 1462 1361 1491 adolescens
1385 1461 1452 1490 illos
1480 1471 1666 1498 nequaquam
1691 1463 1824 1495 timebat,

999 1511 1081 1544 pater
1097 1507 1320 1535 minitabundus
1342 1509 1370 1533 et
1388 1507 1484 1534 verbis
1509 1507 1663 1541 increpans
1687 1506 1823 1534 timorem

999 1552 1098 1587 injecit
1113 1551 1244 1584 alumno,
1257 1559 1291 1578 ne
1303 1559 1334 1578 se
1349 1550 1499 1578 surculum
1514 1551 1542 1578 in
1558 1551 1613 1578 hac
1628 1553 1728 1578 tenera
1743 1553 1827 1579 astate

999 1597 1092 1624 ventis
1108 1597 1264 1631 exponeret
1279 1595 1328 1630 qui
1345 1603 1360 1622 e
1375 1597 1453 1622 statu
1470 1594 1595 1629 dejicere
1615 1597 1643 1622 et
1658 1595 1740 1622 humi
1757 1603 1823 1631 pro-

999 1643 1129 1669 sternere
1145 1639 1254 1672 solent;
1272 1639 1341 1666 dum
1359 1639 1435 1666 dicto
1458 1639 1581 1667 audiens
1601 1641 1630 1667 et
1644 1639 1823 1675 ceteroquin

998 1694 1056 1713 non
1073 1685 1169 1712 malus
1184 1684 1226 1711 vir
1249 1684 1277 1710 in
1303 1691 1401 1719 pugna
1425 1683 1589 1718 exaltatur;
1614 1683 1706 1712 bonos
1725 1686 1823 1712 autem

997 1731 1026 1757 et
1040 1728 1185 1756 sexcentis
1201 1728 1308 1763 pugnis
1324 1727 1527 1755 corroboratos
1542 1728 1637 1756 tristis
1657 1736 1755 1764 pugna
1771 1728 1822 1755 ab-

997 1776 1102 1802 sterret
1115 1775 1144 1801 et
1159 1772 1334 1808 quantocius
1350 1775 1464 1800 amovet
1486 1772 1555 1808 quin
1580 1772 1723 1800 auxilium
1739 1772 1820 1800 abla-

997 1822 1058 1846 tum
1075 1817 1148 1854 ipsis
1162 1816 1313 1853 profuerit.
1331 1818 1361 1845 In
1374 1817 1511 1845 omnibus
1527 1819 1623 1846 autem
1640 1817 1820 1854 discipulum

996 1863 1135 1891 monebat
1163 1864 1195 1889 ut
1220 1862 1296 1890 lento
1325 1862 1417 1898 gradu
1441 1862 1476 1890 ad
1505 1863 1651 1898 agendum
1680 1864 1709 1890 et
1726 1863 1818 1891 virtu-

996 1911 1038 1936 tes
1071 1907 1246 1935 exercendas
1275 1906 1516 1942 progrederetur,
1546 1909 1578 1934 ut
1611 1907 1818 1943 perfectionem

996 1954 1172 1980 consecutus
1200 1951 1306 1979 seculo
1343 1950 1441 1979 ofﬁcia
1477 1953 1628 1987 praestaret
1651 1960 1658 1986 ;
1688 1952 1764 1988 quod
1792 1955 1821 1980 et

997 1997 1103 2025 evenit.

115 2037 205 2074 ἠρέμα
216 2038 247 2065 τὸ
262 2035 418 2076 ἔμπρακτον
432 2037 623 2076 προΐσχεσθαι,
638 2038 684 2065 καὶ
701 2038 850 2076 βαθμιδοῦν
867 2039 922 2067 οἷον
937 2041 987 2075 τὴν
1005 2040 1030 2068 ἐν
1047 2040 1155 2078 ἀρεταῖς
1167 2036 1296 2066 ἀνάϐασιν
1312 2039 1380 2066 κατὰ
1395 2039 1613 2076 ιύτακτουμένην
1623 2039 1819 2078 προσαύξησιν,

112 2080 161 2108 ἳνα
171 2083 211 2118 τῷ
224 2080 323 2119 τελείῳ
348 2079 453 2120 προϐὰς
470 2081 512 2118 εἷή
528 2084 569 2110 τῶ
583 2082 681 2119 κόσμῳ
696 2083 848 2120 χρήσιμος·
864 2083 878 2110 ’ὀ
893 2084 938 2111 καὶ
952 2083 989 2116 εἰς
1004 2082 1083 2122 ἔργον
1100 2081 1247 2119 ἐκϐέϐηκεν
1260 2082 1382 2121 ὕστερον.

149 2175 184 2207 η’.
200 2171 288 2200 Ἀλλὰ
310 2171 338 2200 τί
368 2183 426 2210 μοι,
455 2173 513 2201 κατ’
537 2173 656 2211 ἀνάγκην
683 2172 767 2211 λόγου
781 2173 827 2201 καὶ
850 2174 941 2202 τοιοὺ-

114 2226 172 2248 τοις
194 2216 336 2252 ἐπεξιόντι,
363 2216 423 2245 οὕτε
446 2216 484 2249 εἲς
508 2218 539 2245 τὸ
555 2220 606 2245 πᾶν
621 2217 763 2254 ἐξικέσθαι,
793 2217 838 2245 καὶ
868 2217 941 2246 διεκ-

115 2263 205 2289 πεσεῖν
220 2264 268 2289 τοῦ
280 2271 309 2289 τε
323 2264 419 2299 καιροῦ
433 2264 481 2289 τοῦ
509 2272 537 2289 τε
553 2264 666 2297 σκοποῦ,
696 2262 733 2290 ὧν
762 2262 852 2298 τέλος,
880 2264 898 2298 ἡ
914 2262 940 2290 ἐν

1032 2175 1059 2202 8.
1073 2174 1223 2207 Quomodo
1235 2175 1332 2202 autem
1344 2174 1406 2202 ﬁeri
1422 2173 1524 2209 possit,
1538 2175 1570 2202 ut
1580 2182 1647 2202 cum
1659 2174 1820 2203 necessitas

996 2219 1135 2256 loquendi
1153 2227 1198 2247 me
1214 2219 1270 2246 huc
1293 2218 1424 2253 adduxit,
1443 2227 1499 2246 non
1520 2219 1621 2246 omnia
1643 2218 1819 2254 perlustrem

997 2267 1025 2292 et
1040 2273 1074 2292 ex
1097 2263 1245 2300 proposito
1269 2266 1298 2291 et
1322 2266 1487 2299 opportuno
1512 2263 1651 2299 temporis
1673 2266 1821 2291 momento

116 2308 178 2337 τοῖς
195 2306 288 2345 ἐφεξῆς
303 2305 403 2341 δυνατὴ
433 2306 586 2344 συμμετρία
601 2306 639 2338 si:
667 2307 741 2343 δσον²
769 2307 866 2345 μικρὰν
880 2309 942 2346 γοῦν

999 2308 1142 2343 excidam,
1168 2315 1293 2344 quorum
1323 2308 1390 2335 ﬁnis
1419 2309 1464 2335 est
1485 2307 1613 2335 narratio
1643 2310 1778 2336 accurata
1793 2310 1822 2336 et

119 2361 179 2378 τινα
201 2353 260 2382 τοῖς
282 2351 426 2389 ἀκροαταῖς
453 2351 610 2386 ἀνακινῆσαι
638 2353 750 2389 μνήμην
775 2352 820 2379 καὶ
842 2353 942 2389 θαῦμα,

119 2395 182 2426 τοὺς
206 2399 255 2430 τῆς
281 2395 492 2434 εὐγνωμοσύνης
519 2395 660 2433 καρπούς;
690 2395 871 2424 Μεθοδευτὲον
899 2395 944 2424 οὖν

119 2441 188 2477 ἡμῖν
204 2439 275 2468 οὕτω
289 2440 352 2472 τοὺς
372 2440 480 2478 λόγους,
495 2441 540 2468 ναὶ
556 2441 594 2472 ὡς
611 2441 662 2469 ὑπὸ
681 2439 830 2480 κλεψύδρα,
844 2444 884 2478 τῷ
896 2443 944 2469 τοῦ

118 2487 214 2522 καιροῦ
232 2485 322 2523 μιτρῳ
336 2486 367 2513 τὸ
388 2487 438 2513 τοῦ
462 2485 548 2524 λόγου
572 2485 718 2524 μετρητέον
735 2485 820 2524 ὕδωρ,
847 2486 884 2523 μὴ
900 2485 944 2513 καὶ

118 2530 133 2557 ὁ
148 2530 219 2567 ἀγὼν
236 2530 337 2567 φθάσας
353 2528 506 2559 λελύσεται.

159 2630 190 2662 θ’.
208 2630 254 2664 Μή
273 2639 319 2666 μοι
350 2627 378 2656 δὲ
404 2628 474 2666 μηδὲ
497 2626 645 2665 συμϐόλων
670 2627 776 2656 ἐκείνων
804 2628 946 2666 μνηστὲον,

123 2673 140 2701 ἃ
160 2675 210 2708 τὴν
233 2673 377 2712 βασιλικὴν
402 2672 559 2712 προεδήλου
583 2674 628 2700 καὶ
649 2673 794 2712 ἀνάρρησιν
815 2674 860 2700 καὶ
884 2672 947 2701 λοι-

122 2720 176 2754 πὴν
205 2719 318 2757 ὕψωσιν,
345 2719 383 2756 μὴ
398 2729 443 2757 και
468 2718 610 2754 πληθύνας
627 2718 732 2757 ὁράσεις
746 2721 786 2755 τῷ
801 2718 886 2757 λόγῳ,
902 2719 946 2746 καὶ

123 2765 325 2802 ἁποκαλὺψεσιν
349 2761 523 2802 ἐμϐαθὺνας,
548 2763 671 2799 ἐκστήσω
695 2764 725 2791 τὸ
755 2764 945 2802 ἀκροατήριον·

123 2809 181 2837 ἐπεί
195 2820 237 2837 τοι
262 2809 307 2838 καὶ
329 2807 422 2840 ἄλλως
446 2808 477 2836 οὐ
504 2807 592 2845 μακρὰ
609 2808 690 2846 χρεία
718 2807 861 2844 τοιούτων,
885 2806 948 2840 Hea:

123 2855 158 2882 κά
175 2854 356 2890 ὑστερήσαντα
377 2853 466 2892 λόγου
480 2852 584 2892 πέφηνε
606 2851 756 2891 κρείττονα·
783 2852 822 2882 Οὐ
840 2852 892 2890 γὰρ
917 2852 947 2879 ἃν

998 2356 1066 2389 apta
1081 2353 1116 2381 ad
1134 2353 1306 2381 memoriam
1318 2354 1347 2380 et
1357 2352 1581 2380 admirationem
1596 2352 1623 2379 in
1637 2352 1821 2380 audientium

998 2398 1105 2426 animis
1120 2397 1304 2426 excitandam
1320 2399 1348 2424 et
1363 2397 1397 2424 ad
1416 2397 1527 2424 fructus
1550 2396 1738 2433 gratitudinis
1755 2405 1822 2433 pro-

999 2442 1158 2471 ferendos?
1172 2442 1266 2470 Verba
1281 2441 1372 2478 igitur
1388 2441 1470 2469 nobis
1487 2441 1526 2468 ita
1550 2443 1619 2469 sunt
1639 2441 1822 2478 disponenda

999 2489 1032 2515 ut
1046 2489 1165 2523 tempus
1180 2486 1264 2523 quasi
1284 2486 1437 2522 clepsydra
1461 2486 1631 2514 moderante
1654 2486 1820 2523 metiamur,

999 2533 1032 2560 ut
1046 2532 1193 2560 undarum
1210 2539 1290 2559 more
1305 2539 1362 2558 non
1374 2530 1456 2566 justo
1471 2529 1594 2559 celerius
1609 2531 1740 2559 efﬂuant.

1035 2631 1063 2658 9.
1080 2632 1142 2658 Non
1166 2629 1256 2666 igitur
1284 2629 1313 2658 in
1339 2631 1467 2657 mentem
1492 2630 1631 2658 revocabo
1653 2629 1738 2666 signa
1761 2629 1821 2664 illa,

1002 2683 1065 2712 quas
1094 2674 1263 2703 electionem
1293 2674 1478 2710 imperatoris
1503 2673 1768 2710 presigniﬁcabant
1787 2683 1824 2702 ne

1000 2720 1156 2747 verborum
1167 2719 1361 2755 prolixitatem
1372 2721 1399 2746 et
1410 2727 1507 2746 rerum
1520 2719 1712 2747 abstrusarun
1726 2727 1824 2746 narra-

1001 2764 1111 2792 tionem
1127 2763 1277 2791 auditores
1292 2763 1454 2791 fastidisnt.
1474 2763 1528 2790 Sed
1545 2762 1590 2790 his
1615 2763 1734 2798 quidem
1749 2771 1824 2798 opus

1002 2817 1062 2837 non
1077 2809 1132 2836 erit
1146 2809 1224 2844 quod
1247 2817 1311 2844 quas
1331 2810 1497 2844 sequuntur
1520 2807 1642 2836 meliora
1664 2810 1744 2836 sunt.
1760 2810 1823 2836 Non

1002 2851 1081 2881 enim
1097 2852 1215 2880 oraculo
1228 2860 1303 2888 opus
1318 2854 1363 2881 est
1373 2852 1433 2886 ubi,
1446 2851 1581 2888 quamvis
1594 2860 1639 2880 res
1655 2859 1768 2889 magna
1780 2853 1823 2880 fu.
