2026 3156
197 200 258 231 979

585 199 795 231 EUSTATHII
817 200 1204 232 THESSALONlCENSIS
1228 201 1519 232 METROPOLITIE

1857 202 1926 233 980

198 269 271 294 tum
286 274 343 294 non
359 265 501 294 divinitus
514 265 575 294 sint
599 266 750 301 praedictae,
776 275 815 294 ea:
832 267 1025 295 nihilominus

1088 264 1143 304 ἔχοι
1171 278 1212 298 τις
1241 267 1364 305 ἀνάγκην
1392 267 1505 295 ἐνταῦθα
1519 269 1572 295 τῶν
1603 267 1782 305 θεοπροπίων
1798 267 1868 295 πάνυ
1883 279 1916 298 τι

200 312 369 345 evenerunt,
384 318 443 338 non
459 311 549 346 quod,
565 312 599 338 ut
622 310 662 338 ita
677 311 783 346 dicam,
800 311 837 339 ob
860 311 1024 348 symbolum

201 354 338 390 symboli,
354 355 405 382 sed
421 354 490 390 quia
518 354 547 382 in
578 354 629 382 illo
651 357 680 383 et
702 357 768 383 ante
797 355 870 383 illud
899 355 1028 383 secunda

201 400 286 427 ratio.

239 544 281 571 10.
293 543 320 571 Si
332 542 487 579 pulchrum
499 550 585 570 omne
597 542 715 578 quidem
728 543 915 579 prommium,
927 545 1026 572 tamen

200 589 262 618 zelo
278 590 446 625 instigante,
472 589 626 625 prolixitas
650 590 678 617 in
695 597 728 617 eo
753 589 888 618 evitanda
903 592 968 623 est;
985 590 1028 618 sic

202 643 255 663 nec
269 643 302 663 ea
325 643 389 670 quas
413 634 572 671 symbolice
600 634 836 671 praefigurantur,
861 634 1024 662 certamina

201 683 301 708 nostra
317 689 352 708 ne
367 682 528 713 exerceant,
543 680 599 708 etsi
616 680 707 708 multa
722 688 813 716 eaque
828 679 938 708 nobilia
953 681 1024 714 sint,

201 727 319 762 propter
334 733 397 760 qua:
420 725 579 760 imperator
601 724 678 752 inter
700 732 749 753 eos
776 727 961 753 recensentur
977 725 1027 762 qui

200 770 285 806 juxta
308 769 359 797 Dei
384 769 530 806 promissa
555 770 793 803 sancliﬁcantur;
810 778 873 805 quae
902 769 981 798 enim
999 770 1027 798 in

203 813 314 842 talibus
330 821 387 841 non
404 821 524 849 prorsus
541 813 662 848 antiqua
686 817 736 840 aut
751 814 835 841 δαδιυὶ
861 816 961 842 nostro
981 814 1028 850 pio

204 858 365 893 incongrua
394 857 548 892 videntur,
576 857 759 885 somniorum
798 860 849 886 aut
878 858 1025 886 visionum

205 902 324 930 nomine
336 904 506 930 tractantur.
524 902 591 934 Qum
607 904 634 930 et
649 902 749 938 qualia
763 905 861 931 autem
877 903 954 930 Deus
971 903 1027 930 avi-

1081 310 1211 349 γίνεσοαι,
1227 311 1304 346 ὅπου,
1322 311 1370 339 κᾶν
1387 311 1411 339 εἴ
1427 312 1466 348 μὴ
1483 312 1509 340 ἒν
1521 309 1675 349 συμϐόλοις
1689 311 1865 349 προδηλοῖτο
1880 313 1919 340 τὰ

1084 355 1189 392 μεγάλα
1206 355 1356 393 μέλλοντα,
1373 357 1414 388 οἷς
1429 356 1546 384 ἐπινεύει
1565 357 1640 393 Θεὸς,
1658 357 1735 394 ὅμως
1753 357 1823 385 αὐτὰ
1847 358 1920 395 πρὸς

1081 399 1159 432 τέλος
1177 399 1252 428 οὐδὲν
1267 401 1348 435 ἦττον
1365 398 1522 437 ἐκϐέϐηκεν,
1539 402 1581 428 ὅτι
1597 400 1669 438 μηόὶ
1684 400 1730 428 διὰ
1751 402 1783 429 τὸ
1809 399 1921 438 σύμϐο-

1082 444 1142 478 λον,
1159 446 1241 482 οὗπερ
1251 446 1283 473 τὸ
1298 443 1450 482 σύμϐολον,
1467 444 1530 474 ἀλλ’
1545 446 1587 474 ὅτι
1601 446 1632 474 τὸ
1650 445 1775 484 δεύτερον
1793 446 1840 474 ἐπὶ
1851 448 1919 474 τού-

1081 500 1121 526 τῳ
1135 491 1180 517 καὶ
1195 490 1226 517 τὸ
1241 491 1294 528 πρὸ
1308 490 1389 518 αὐτοῦ
1404 490 1572 528 σεμνύνεται.

1120 544 1142 572 ι’.
1159 543 1189 571 Εἰ
1208 543 1237 571 δὲ
1260 544 1304 571 καὶ
1320 543 1402 571 καλὸν
1428 545 1498 571 ἅπαν
1514 544 1674 582 προοίμιον,
1689 543 1756 572 ἀλλ’
1770 543 1836 576 ἔνθα
1851 555 1921 572 κατ-

1082 588 1181 626 επείγει
1197 589 1228 615 τὸ
1254 588 1410 626 ἐναγώνιον,
1438 589 1613 626 περιορατέον
1628 589 1658 616 τὸ
1686 591 1736 617 τοῦ
1760 589 1919 627 προοιμίου

1081 633 1163 660 πολῦ-
1195 633 1267 660 οὒτω
1297 632 1324 660 δὲ
1349 633 1393 660 καὶ
1418 633 1448 660 τὸ
1476 631 1652 670 συμϐολικῶς
1676 634 1919 672 φροιμιαζόμενον

1085 678 1122 714 μὴ
1153 676 1296 704 δαπανάτω
1320 677 1384 708 τοὺς
1412 677 1516 715 ἀγῶνας
1542 679 1622 714 ἡμῖν,
1656 677 1678 705 εί
1704 679 1749 705 καὶ
1781 678 1858 706 πολὺ
1883 679 1918 705 τὸ

1084 722 1191 752 εὐκλὶὶς
1208 722 1308 759 τρόπον
1335 721 1419 749 ἄλλον
1447 722 1612 760 ἐπισύρεται,
1637 723 1677 754 οἷς
1701 723 1747 750 τὶν
1777 722 1918 759 αὐτοκρά-

1082 777 1149 804 τορα
1163 777 1231 794 κατα
1254 766 1317 797 τοὺς
1343 766 1369 794 έν
1394 766 1570 804 ἐπαγγελίαις
1589 766 1766 804 ὡσιωμὲνους
1791 770 1834 804 τῷ
1860 769 1920 803 Θιῷ

1083 810 1240 843 διατίθεται.
1264 812 1306 840 Τὰ
1332 812 1380 848 μὲν
1401 812 1450 848 γὰρ
1477 811 1547 839 πάνυ
1569 811 1595 840 ἐν
1615 815 1673 843 τοῖς
1696 812 1841 842 τοιούτοις
1867 823 1918 839 πα-

1084 855 1158 891 λαιὰ,
1182 857 1224 883 καὶ
1254 855 1324 893 μηδὲ
1345 860 1396 891 τῆς
1421 857 1480 888 καθ’
1504 858 1577 893 ἡμᾶς
1600 857 1675 894 ἱερᾶς
1699 855 1791 891 αὐλῆς
1819 867 1851 884 τε
1873 856 1918 883 καί

1083 900 1257 939 ὁμηγῦρεως,
1283 901 1413 928 ἐνυπνίων
1438 901 1481 928 καὶ
1509 901 1653 939 ὁραμάτων
1676 901 1773 939 λόγοις
1799 901 1917 939 φιλοσο-

204 946 288 975 ditati
304 949 408 975 nostras
424 946 570 983 patefecit,
587 955 621 975 ea
635 955 778 984 exponere
794 949 928 975 nostrum
944 950 999 976 est.

1088 948 1205 983 ροῦνται·
1229 947 1313 974 ταῦτα
1337 944 1366 973 δὲ
1380 945 1413 973 τὰ
1438 945 1464 972 ἐν
1481 947 1560 982 ἡμῖν,
1576 946 1620 973 καὶ
1637 945 1685 973 ὅσα
1699 948 1828 981 τοιαῦτα,
1855 946 1918 975 Θεὸς

241 1091 284 1118 11.
301 1090 374 1118 Huic
387 1090 478 1126 igitur
489 1090 575 1126 jusso
587 1090 771 1126 exsequendo
787 1098 905 1127 operam
921 1090 1030 1124 daturi,

205 1143 388 1172 quiscunque
398 1134 456 1162 huc
470 1137 604 1170 spectant
613 1135 682 1163 totis
692 1135 803 1163 viribus
814 1135 1029 1172 aggrediamur.

205 1179 356 1215 Loquendi
372 1182 468 1207 autem
485 1187 574 1215 quam
590 1179 686 1207 sortiti
708 1188 821 1209 sumus.
840 1180 977 1208 facultate
999 1181 1031 1207 ut

207 1232 278 1252 nave
293 1224 427 1252 oneraria
448 1224 484 1252 ad
509 1224 597 1252 verba
622 1224 651 1252 in
680 1224 867 1260 imperatoris
891 1225 1030 1252 honorem

206 1269 379 1305 proferenda
403 1270 532 1296 utemur.
560 1268 597 1296 Ut
622 1269 700 1296 enim
728 1277 808 1296 mare
832 1269 916 1296 findit
936 1269 1030 1304 navis,

207 1314 314 1341 ﬂuctus
328 1313 440 1349 aliquot
456 1315 522 1348 post
536 1321 568 1341 se
583 1313 713 1347 trahens,
731 1313 807 1348 quod
835 1321 892 1341 non
908 1313 1032 1349 impedit

208 1366 266 1394 quo
276 1358 376 1385 minus
387 1360 528 1385 sexcenta:
541 1365 628 1384 naves
640 1357 717 1384 idem
731 1357 923 1393 l'aciant,quin
935 1360 1029 1385 totum

207 1402 329 1438 pelagus
345 1401 508 1437 navigetur,
525 1401 566 1428 sic
582 1401 666 1429 nobis
682 1410 798 1438 quoque
813 1410 917 1430 vocum
937 1411 1029 1438 quan-

207 1447 276 1475 titas
292 1455 347 1474 nou
360 1446 487 1474 sufficiet
498 1446 532 1473 ad
543 1448 658 1473 vastum
671 1446 811 1474 virtutum
828 1447 1029 1483 imperatoria.-

208 1500 273 1519 rum
290 1498 431 1519 oceanum
456 1490 674 1526 trajiciendum,
691 1491 741 1519 ubi
766 1491 925 1520 innumeraa
943 1501 1030 1520 naves

207 1544 239 1565 se
254 1545 311 1564 non
327 1535 513 1569 extriearent,
529 1536 605 1564 sicut
631 1536 712 1564 navis
727 1537 938 1565 centumremis
953 1538 1030 1574 apud

207 1583 320 1618 poetas,
336 1589 399 1617 qua
415 1580 588 1616 eloquentia;
602 1581 756 1610 elementis
771 1582 912 1610 abundat.

245 1760 287 1787 12.
304 1761 370 1788 Haec
385 1767 453 1787 cum
477 1758 519 1786 ita
542 1758 613 1793 sint,
636 1758 686 1786 alii
716 1767 767 1795 pro
795 1759 888 1793 libito,
903 1761 1032 1788 secundo

207 1806 292 1833 vento
308 1805 401 1841 adjuti
417 1812 537 1833 cursum
559 1806 697 1838 teneant;
714 1813 767 1832 nos
792 1806 889 1833 autem
906 1806 1031 1842 impera-

209 1849 280 1876 toris
302 1850 444 1877 virtutum
474 1849 580 1876 chorus
609 1849 770 1884 restringit,
796 1858 921 1885 quarum
949 1851 1032 1878 nobis

209 1893 312 1928 utique
329 1893 401 1921 ratio
417 1893 586 1921 omnimoda
609 1893 745 1921 habenda
769 1896 822 1922 est.
849 1894 908 1922 Hoc
924 1895 954 1923 in
969 1895 1031 1923 loco

210 1937 304 1973 primo
320 1937 412 1973 gradu
428 1946 481 1966 cur
493 1947 550 1966 non
566 1938 745 1967 honoremus
765 1939 793 1966 in
810 1939 947 1967 omnibus
963 1949 1032 1976 pru-

209 1981 340 2009 dentiam
355 1982 455 2010 omnia
469 1982 528 2010 sale
544 1991 597 2011 suo
613 1983 810 2019 condientem,
826 1988 1032 2013 ornamentum

209 2027 374 2056 universale
388 2027 465 2063 quod
481 2026 621 2055 humanis
637 2027 786 2056 laboribus
802 2027 938 2056 utilitatis
953 2029 1034 2065 sigil-

207 2071 423 2108 lumimprimit
436 2072 449 2099 ‘I
459 2072 518 2100 Ista
529 2072 685 2108 prudentia
697 2073 719 2100 si
734 2073 885 2101 hominum
898 2073 1034 2108 praesidet

208 2117 357 2154 operibus,
373 2117 460 2144 homo
474 2116 504 2144 in
522 2116 586 2144 luce
603 2117 750 2151 ambulat;
770 2117 819 2145 ubi
837 2119 934 2145 autem
952 2118 1034 2145 deest

209 2170 261 2199 per
275 2170 372 2190 rerum
389 2161 568 2198 agendarum
584 2161 793 2190 obscuritatem
814 2162 907 2190 currit
931 2170 1033 2198 opera-

209 2207 280 2241 riusl
296 2208 325 2234 et
339 2206 444 2234 evitato
460 2205 572 2234 lumine
586 2206 689 2234 umbra
704 2214 771 2234 cum
783 2214 875 2242 eaque
887 2206 1034 2235 ﬁrmitatis

205 2253 321 2288 jactura
337 2252 433 2280 irruit.

247 2430 290 2457 13.
306 2429 386 2457 Hanc
401 2430 561 2466 imperator
576 2429 814 2465 sapientissimus
833 2429 904 2458 satis
920 2429 1035 2464 habuit,

211 2482 264 2501 nec
277 2475 393 2501 tantum
409 2474 565 2508 retrictive,
583 2475 634 2502 sed
659 2473 869 2509 copiosissime.
886 2474 959 2502 Nam
975 2474 1035 2502 sive

211 2518 285 2546 facto
302 2518 362 2546 sive
376 2518 452 2546 dicto
468 2526 541 2554 opus
556 2520 644 2552 esset,
662 2527 813 2554 nunquam
830 2518 886 2546 sibi
902 2518 1034 2554 superio-

211 2571 272 2590 rem
289 2563 318 2590 in
334 2562 446 2598 agendo
461 2562 574 2590 habuit.
591 2564 765 2590 Caeterorum
782 2565 880 2591 autem
897 2563 963 2590 facti
980 2572 1034 2591 sua

210 2616 326 2644 semper
349 2607 501 2643 auljicicns,
531 2607 648 2635 illorum
678 2616 765 2644 opera
791 2608 977 2641 obscurabat,
1001 2610 1034 2636 ut

208 2653 360 2682 stellarum
387 2652 526 2688 fulgorem
541 2653 679 2680 obscurat
695 2653 735 2680 sol
759 2661 926 2688 assurgens.
942 2652 1034 2680 Aliter

208 2698 275 2726 dein
291 2697 440 2725 animatus
450 2705 539 2733 quam
552 2699 647 2733 potest
657 2697 820 2726 clarissime
832 2705 862 2725 se
876 2698 1030 2731 monstrat,

206 2745 270 2770 tum
287 2741 441 2778 disciplina
457 2742 593 2770 imbuens
609 2750 658 2770 eos
681 2743 730 2778 qui
760 2743 863 2770 eadem
883 2750 950 2770 cum
967 2743 1030 2778 ipso

208 2787 383 2823 sentiebant,
400 2786 556 2815 consilium
570 2788 673 2823 sponte
697 2788 848 2822 mutando,
865 2789 892 2814 et
915 2786 979 2814 aliis
994 2786 1030 2814 de

209 2833 295 2859 rebus
311 2832 451 2860 faciendis
467 2832 680 2868 persuadendo,
692 2832 934 2868 argumentando,
948 2831 1028 2867 inge-

211 2876 292 2903 nium
308 2876 509 2911 persuasivum
526 2876 701 2912 adhibendo,
718 2877 779 2905 solo
795 2876 902 2905 auxilio
917 2885 974 2912 quo
985 2876 1027 2905 uti

1083 993 1142 1022 τοῖς
1159 990 1366 1028 λιχνεοομένοις
1390 991 1439 1026 τὴν
1464 991 1620 1028 πρόγνωσιν
1636 990 1802 1028 ἀνεκάλυψε,
1816 991 1865 1018 καὶ
1887 991 1916 1018 τὸ

1084 1036 1291 1073 προτεθειμένον
1307 1035 1392 1063 εἴπεῖν
1407 1035 1589 1074 ἐπηγγείλατο
1605 1035 1630 1062 ἐν
1644 1036 1749 1067 αὐτοῖς.

1124 1091 1166 1118 ια’.
1183 1090 1355 1126 Ἀναθέμενοι
1370 1089 1416 1116 οὗν
1437 1088 1509 1116 οὕτω
1532 1089 1577 1116 καὶ
1601 1091 1696 1123 ταῦτα,
1722 1089 1768 1116 καὶ
1801 1089 1841 1121 εἰς
1868 1099 1914 1116 το-

1086 1138 1180 1163 σοῦτον
1206 1133 1413 1171 ἐπιδραμόντες,
1439 1131 1624 1170 έπιϐαλοῦμιν
1646 1137 1704 1165 τοῖς
1724 1133 1832 1162 τούτων
1850 1133 1913 1170 ἐχο-

1087 1180 1176 1217 μένοις
1199 1179 1237 1210 εἷς
1261 1179 1323 1206 ὅσον
1347 1177 1472 1215 δύναμις.
1498 1179 1616 1215 Δύναμις
1633 1177 1661 1206 δὲ
1676 1181 1734 1209 τοῖς
1749 1179 1811 1210 καθ’
1840 1179 1914 1214 ἡμᾶς

1088 1224 1302 1262 μεμετρημένοις
1329 1223 1360 1250 τὸ
1389 1223 1487 1260 λέγειν,
1517 1223 1576 1250 καθ’
1605 1222 1759 1260 ὁμοιότητα
1788 1222 1914 1260 πελαγο-

1086 1269 1184 1297 στόλου
1213 1268 1279 1299 νεὼς
1307 1267 1332 1295 ἐν
1364 1270 1423 1300 τοῖς
1457 1266 1612 1305 βασιλικοῖς
1641 1267 1754 1305 ἀγαθοῖς
1785 1266 1915 1304 διεξάγειν

1084 1314 1148 1346 τοὺς
1176 1313 1296 1351 λόγους,
1325 1313 1430 1348 Ἐκείνη
1457 1323 1486 1340 τε
1515 1313 1566 1350 γὰρ
1596 1313 1632 1344 ὡς
1660 1313 1718 1340 οἷον
1749 1315 1918 1350 γραμμικῶς

1084 1359 1174 1395 τέμνει
1191 1359 1220 1386 τὸ
1245 1357 1376 1395 πέλαγος,
1401 1357 1494 1394 ὀλίγας
1510 1358 1585 1389 τινάς
1614 1368 1666 1385 που
1690 1356 1785 1388 ἕλικας
1814 1357 1910 1395 περιεί-

1085 1414 1189 1441 γουσα,
1213 1403 1249 1434 ὡς
1275 1402 1370 1438 ἐξεῖναι
1399 1402 1443 1429 καὶ
1469 1402 1561 1440 ἑτέρας
1588 1402 1698 1440 μυρίαις
1727 1402 1804 1432 ὅσαις
1832 1403 1909 1428 ναυσὶ

1083 1448 1130 1476 τὸν
1154 1448 1251 1484 ὅμοιον
1274 1446 1375 1484 τρόπον
1400 1445 1525 1480 διαθέειν,
1550 1447 1595 1474 καὶ
1613 1445 1683 1483 μηδὲ
1712 1446 1785 1474 οὕτω
1809 1447 1841 1474 τὸ
1862 1449 1912 1473 πᾶν

1085 1492 1204 1530 πέλαγος
1231 1492 1352 1529 γενέσθαι
1376 1491 1537 1528 πλεύσιμον·
1562 1491 1607 1518 καὶ
1632 1492 1700 1527 ἡμῖν
1717 1489 1745 1518 δὲ
1761 1490 1813 1518 οὐκ
1840 1488 1914 1518 ἔσται

1086 1537 1173 1568 οὕτως
1196 1536 1285 1564 ἱκανὸν
1310 1536 1341 1563 τὸ
1359 1538 1407 1563 τοῦ
1423 1534 1536 1574 λογικοῦ
1570 1536 1653 1573 φορὸν
1680 1535 1848 1572 πνεύματος,
1880 1536 1916 1565 ὡς

1085 1582 1202 1620 ἆξαρκεῖν
1232 1579 1486 1618 ἐμπλατυναμὲιοις
1514 1579 1624 1614 πολλὴν
1649 1579 1837 1614 εὖθυπλοῆσαι
1868 1582 1917 1607 τοῦ

1087 1628 1141 1653 τῶν
1159 1625 1306 1663 βασιλικῶν
1324 1624 1481 1661 θαυμασίων
1498 1624 1628 1659 ὠκεανοῦ,
1644 1625 1681 1652 ὧν
1707 1623 1764 1652 οὐδ’
1793 1625 1824 1651 71v
1855 1624 1916 1651 ἀνεί-

1089 1671 1182 1709 ριθμοι
1208 1671 1270 1704 νῆες
1299 1668 1471 1705 διεξέλθοιεν,
1500 1669 1581 1697 ὁποία
1603 1680 1646 1701 τις
1666 1669 1712 1697 καὶ
1735 1670 1754 1704 ἡ
1781 1670 1857 1707 παρᾶ
1882 1671 1916 1705 τῇ

1085 1716 1196 1751 ποιήσει
1212 1714 1399 1751 ἒκατόνζυγος,
1416 1714 1450 1749 ἧς
1463 1714 1494 1741 τὸ
1510 1713 1536 1742 ἐν
1553 1713 1649 1752 λόγοις
1664 1714 1750 1752 ἄχθος
1766 1712 1852 1741 πολύ.

1124 1761 1168 1797 ιβ’.
1186 1760 1229 1788 Ἐν
1258 1758 1290 1794 δὴ
1320 1758 1456 1789 τοιούτοις
1483 1759 1528 1786 καὶ
1556 1758 1660 1786 τούτων
1689 1757 1786 1794 ὄντων,
1813 1759 1840 1786 οἳ
1871 1758 1917 1794 μὲν

1087 1803 1168 1832 ἄλλοι
1185 1804 1337 1841 ἀναγόντων
1354 1814 1383 1831 τε
1397 1802 1520 1839 ἑαυτοὺς,
1535 1802 1611 1835 ὅπως
1626 1802 1677 1841 ἄρα
1690 1803 1735 1830 καὶ
1755 1802 1916 1840 βούλοιντο,

1086 1849 1130 1876 καὶ
1155 1847 1339 1876 διατι-λεόντων
1366 1846 1621 1885 οὖριοδρομοῦντες,
1650 1846 1710 1874 ἔνθα
1737 1848 1914 1884 προτεθυμῆ-

1087 1900 1146 1925 σθαι
1164 1892 1222 1921 δέον
1253 1893 1362 1924 αὐτοῖς·
1387 1893 1461 1929 ἡμᾶς
1483 1891 1512 1920 δὲ
1535 1892 1682 1930 βασιλικῶν
1706 1893 1808 1929 ἀρετῶν
1839 1902 1913 1929 περι-

1088 1938 1218 1976 στοιχίζει
1234 1938 1331 1975 χορὸς,
1360 1937 1391 1964 οὗ
1409 1938 1476 1975 ,χρὴ
1507 1937 1639 1973 γενέσθαι,
1670 1936 1708 1968 εἷς
1730 1936 1793 1964 ὅσον
1811 1936 1870 1963 οἷόν
1885 1947 1912 1963 τε

1087 1984 1164 2019 ἡμῖν.
1181 1984 1310 2013 Ἐνταῦοα
1325 1980 1354 2008 δὲ
1369 1983 1426 2012 πῶς
1450 1981 1479 2008 ἂν
1496 1979 1589 2008 ἔπειτα
1607 1980 1744 2016 λαθοίμην
1775 1982 1911 2018 πρωτείου

1086 2028 1251 2063 τιμήσασθαι
1273 2027 1322 2060 τὴν
1357 2025 1399 2053 ἐπὶ
1425 2028 1518 2053 πασῶν
1549 2026 1701 2064 φρόνησιν,
1730 2026 1780 2060 τὴν
1810 2026 1911 2056 ἁπάσας

1089 2072 1235 2109 ἀρτὸουσαν
1266 2070 1373 2107 ἀρετὰς,
1401 2070 1458 2104 καὶ,
1488 2071 1526 2100 ὡς
1556 2071 1614 2097 οἷον
1638 2069 1735 2106 εἷ’πεῖν,
1761 2069 1842 2103 ἀλας,
1871 2070 1914 2097 καὶ

1087 2116 1171 2150 αὐτὴν
1195 2116 1376 2153 παγκόσμιον,
1402 2113 1436 2142 δι’
1450 2114 1481 2141 οὗ
1498 2115 1595 2142 ἅπασιν
1609 2115 1795 2152 ἀνθρωπικοῖς
1825 2113 1913 2152 ἔργοις

1088 2160 1119 2188 τὸ
1154 2161 1301 2196 νόστιμον;
1327 2160 1360 2194 ἧς
1390 2160 1588 2196 προϊσταμένης
1624 2159 1672 2195 μὲν
1700 2161 1755 2186 τῶν
1781 2159 1912 2196 πράξεων,

1089 2205 1234 2240 ἀνθρώπου
1264 2202 1328 2242 ἔργα
1354 2203 1388 2231 τὰ
1402 2203 1585 2240 πραττόμενα,
1602 2204 1647 2231 καὶ
1664 2203 1716 2231 ὑπὸ
1747 2203 1818 2242 φωτὶ
1847 2203 1913 2230 ἐκεῖ-

1089 2260 1134 2280 νος
1166 2249 1251 2286 βαίνει
1279 2251 1318 2285 τῷ
1348 2245 1442 2278 ὅντως·
1473 2247 1688 2285 παρεωραμὲνης
1719 2246 1759 2281 δὲ,
1791 2246 1861 2275 ἄλλο
1888 2258 1912 2274 τι

1092 2293 1191 2328 ἐκεῖνα,
1215 2293 1260 2320 καὶ
1284 2293 1321 2324 ὡς
1345 2293 1388 2320 οἷα
1416 2292 1484 2320 κατὰ
1513 2292 1612 2319 σκόπον
1629 2291 1743 2327 ἠλάσκει
1760 2293 1775 2319 ὁ
1804 2292 1911 2330 ἐργαζό-

1051 2328 1074 2360 D
1092 2348 1182 2374 μενος,
1211 2338 1254 2365 καὶ
1285 2338 1322 2369 ὡς
1347 2336 1530 2375 παρεγκλίνας
1553 2337 1585 2365 τὸ
1609 2339 1665 2375 φῶς
1682 2337 1745 2364 σκιά
1759 2347 1801 2368 τις
1819 2328 1911 2364 diem:

1090 2381 1285 2410 ἀπολωλεκυῖα
1298 2382 1329 2410 τὸ
1344 2382 1510 2419 στερέμνιον.

1127 2428 1170 2465 ιγ’.
1201 2427 1309 2462 Ταύτης
1338 2427 1352 2454 ὁ
1378 2426 1559 2457 συνετώτατος
1588 2426 1766 2464 αὐτοκράτωρ
1802 2427 1913 2454 κατακό-

1090 2483 1143 2510 ρως
1160 2473 1227 2510 εἶχε,
1243 2472 1287 2500 καὶ
1310 2473 1342 2499 οὐ
1357 2472 1424 2508 πρὸς
1441 2471 1589 2509 σύγκρισιν,
1606 2471 1669 2499 ἀλλ’
1695 2471 1732 2502 είς
1747 2471 1779 2499 τὸ
1805 2471 1912 2506 ἀληθῶς

1088 2514 1303 2554 ἀνυπέρϐλητον.
1321 2517 1422 2552 Πρᾶξαι
1445 2517 1495 2553 γάρ
1511 2526 1536 2543 τι
1553 2515 1651 2550 δεῆσαν
1668 2515 1721 2544 εἴτε
1744 2515 1790 2543 καὶ
1815 2515 1912 2549 εἲπεῖν,

1087 2562 1217 2599 κατάρξας
1248 2562 1294 2598 μὲν
1320 2561 1368 2588 οὐκ
1392 2561 1450 2598 εἶχε
1474 2561 1519 2588 τὸν
1548 2560 1761 2597 ἐπινοησόμενόν
1791 2571 1816 2587 τι
1849 2559 1910 2597 βὲλο

1086 2617 1154 2634 τιτν”
1179 2605 1257 2644 ἕτέρᾳ
1283 2605 1312 2633 δὲ
1335 2607 1461 2643 καταρχῇ
1488 2606 1519 2633 τὸ
1534 2605 1634 2633 οἰκεῖον
1665 2605 1816 2643 ἐπαγαγὼν,
1847 2604 1910 2631 ἀπέ-

1086 2662 1187 2689 κρυπτε
1216 2651 1248 2677 τὰ
1273 2653 1326 2677 τῶν
1357 2649 1449 2677 ἄλλων
1468 2673 1474 2683 ,
1499 2651 1569 2682 καθὰ
1596 2650 1640 2676 καὶ
1666 2650 1784 2687 ἀστέρων
1817 2648 1909 2686 φαῦσιν

1086 2696 1227 2734 ἀναφανεὶς
1257 2696 1270 2722 ὁ
1298 2694 1389 2729 ἥλιος.
1415 2695 1446 2723 Ὀ
1472 2693 1501 2721 δὲ
1522 2694 1567 2721 καὶ
1593 2693 1687 2725 ἄλλως
1717 2693 1909 2729 διατιθέμενος,

1084 2741 1129 2768 καὶ
1152 2741 1183 2769 τὸ
1211 2741 1257 2778 μὲν
1283 2739 1415 2777 ἐκφαίνων
1442 2739 1548 2774 ἑαυτὸν,
1569 2739 1615 2766 οἷα
1636 2739 1770 2770 κάνταῦθα
1794 2737 1910 2773 δύναται,

1083 2786 1114 2813 τὸ
1145 2785 1174 2812 δὲ
1206 2785 1251 2812 καὶ
1288 2785 1431 2822 γυμνάζων
1462 2784 1501 2814 εἷς
1537 2785 1653 2820 μάθησιν
1686 2782 1750 2814 τοὺς
1778 2783 1824 2810 τὸν
1852 2784 1910 2829 νοῦγ

1084 2830 1196 2868 ἔχοντας
1220 2831 1288 2867 πρὸς
1311 2829 1394 2865 αὐτῷ,
1421 2828 1550 2866 μετέφερέ
1576 2839 1641 2856 ποτε
1655 2828 1704 2862 τήν
1718 2827 1844 2865 γνώμην,
1871 2827 1900 2864 ἐρ

1083 2875 1149 2912 ὅπερ
1184 2875 1233 2902 οὐκ
1268 2874 1298 2900 ’ἀν
1331 2873 1411 2904 αὐτὸς
1445 2870 1550 2908 ἕλοιτο,
1580 2873 1623 2900 καὶ
1658 2871 1848 2909 ἐπιθανολόγει
1878 2871 1906 2898 τὸ
