2026 3156
119 198 177 229 981

547 197 750 229 MANUELIS
773 198 948 229 COMNENI
972 198 1170 228 LAUDATlO
1193 199 1402 230 FUNl'TBHlS.

1769 200 1828 230 982

122 267 249 302 πρᾶγμα,
269 264 314 292 καὶ
338 263 465 303 προάγων
490 263 686 303 ἐπιχειρήσεις,
715 265 760 292 καὶ
788 265 837 299 τήν
863 274 946 292 κατα-

1011 265 1047 292 :‘as
1062 267 1134 292 erat.
1151 265 1188 293 Ut
1202 268 1299 294 autem
1316 267 1507 295 audientibus
1523 268 1712 303 persuaderet
1726 269 1755 295 et
1764 274 1818 295 con

125 309 223 344 σκευὴν
249 308 515 347 στρογγυλλόμινος,
547 309 585 341 εἷς
609 310 695 337 πειθὼ
709 309 754 337 τὸν
771 308 856 347 λόγον
870 309 947 336 κοιτέ-

126 362 251 393 στρεφεν·
272 354 316 381 καὶ
342 353 414 381 οὕτω
440 352 500 382 δέον
525 354 581 391 (καὶ
605 355 643 391 μὴ
668 353 770 389 ἄλλως)
786 354 846 382 τινὰ
867 363 947 381 κατα-

127 398 276 437 πράξασθαι
293 419 300 427 .
325 399 369 429 Ὡς
398 397 427 426 δὲ
459 398 593 426 ἐπινεύσοι
620 399 652 426 τὸ
681 398 854 436 ἀκροώμενον
883 409 949 434 συμ-

127 443 247 478 πεισθὶν,
275 443 320 470 καὶ
348 443 504 478 κατάθοιτο,
525 443 568 470 καὶ
594 444 611 478 ἡ
640 443 688 480 μὶν
714 442 801 481 βουλή
828 444 896 482 πὲρα
922 454 949 470 τι

128 487 315 524 συγκλεισθείη
333 509 340 522 ,
369 488 462 526 καιρὸς
490 486 519 515 δὲ
546 488 596 522 τήν
623 490 704 525 χεῖρα
732 487 948 526 ἐπεξεργάζεσθαι

125 532 161 560 τὰ
188 534 236 559 τοῦ
267 531 468 570 βουλεύματος,
491 532 554 560 τότε
577 532 610 567 δὴ
635 530 778 560 ἀναλαϐὼν
799 532 891 564 ἄλλως
918 533 950 560 τὸ

128 578 262 614 πρακτὲον
280 599 286 611 ,
317 577 453 604 ἀναποιῶν
483 577 517 612 ἦν
549 577 583 605 τὰ
608 576 663 613 ἤδη
697 578 927 613 κατεσκευασμένα
944 587 950 593 ·

127 621 172 649 καὶ
201 622 232 649 τὸ
257 622 304 658 μὲν
331 622 440 649 πιθανὸν
465 621 602 660 ἀπέκρινε,
624 625 673 656 τῆς
697 621 726 649 δὲ
749 624 788 658 τῷ
817 620 874 649 ὄντι
898 632 954 649 πιι-

129 666 267 703 θανάγκης
307 665 407 704 ἐγίνετο
426 687 433 700 ,
462 666 507 693 καὶ
535 666 582 693 τὸν
611 670 660 701 τῆς
687 664 808 697 διανοίας
836 665 954 703 ἐξέφαινε

129 710 277 747 θησαυρὸν,
304 709 391 738 πολὺν
416 710 511 750 σοφίας
539 709 656 738 πλοῦτον
686 711 825 747 στέγοντα,
849 710 894 737 καὶ
910 721 954 746 με-

130 755 192 782 στὸν
222 755 289 782 εἶναι
318 754 448 786 συνέσεως
476 753 652 789 διεδείκνυτο,
681 754 711 782 οὐ
735 756 803 782 κατά
825 755 855 782 τὸ
871 754 953 790 θρυλ-

131 798 266 836 λούμενον
280 798 307 827 ἐν
331 801 389 830 τοῖς
412 799 498 827 πάλαι
511 798 708 836 διατεθειμένος
724 799 954 838 ἆμφοτερόγλωτ-

128 854 187 879 τον,
203 840 297 878 ἔνθαὴ
321 845 371 871 τοῖ’)
399 843 548 880 νοουμένου
575 843 709 881 πλάστιγξ
740 844 778 875 ὡς
803 845 836 871 τὰ
861 843 955 871 πολλὰ

1003 308 1101 337 silium
1119 312 1237 345 captum
1253 310 1347 346 primo
1363 311 1392 338 in
1404 311 1517 339 occulto
1533 312 1644 344 lateret,
1661 319 1827 348 manusque

1002 356 1031 381 et
1049 355 1236 390 exsequendo
1267 355 1434 391 imponendi
1465 358 1582 392 tempus
1609 356 1730 392 venerit,
1754 358 1826 384 tunc

1004 400 1111 427 factum
1129 399 1285 426 reﬁciendo
1301 401 1398 428 omnia
1418 401 1592 428 restauravit
1605 402 1634 428 et
1646 401 1672 428 vi
1689 409 1748 436 qua
1763 400 1826 436 pol-

1003 443 1082 471 lebat
1098 444 1268 479 persuasiva
1283 444 1390 480 ingenii
1407 445 1452 472 sui
1481 445 1651 473 thesaurum
1668 445 1831 481 adaperivit

1006 488 1238 524 locupletissimi,
1262 489 1339 516 vocis
1367 490 1558 525 ambiguitate
1583 499 1640 518 non
1665 492 1761 525 utens,
1778 491 1827 518 ubi

1007 532 1113 559 mentis
1127 533 1318 567 cogitationes
1333 541 1416 568 aequa
1429 533 1602 570 plerumque
1618 534 1698 562 lance
1713 534 1830 562 stabant

1007 579 1035 604 et
1049 576 1118 612 quid
1136 576 1301 604 faciendum
1327 580 1405 604 esset
1419 577 1450 605 in
1474 578 1564 606 dubio
1585 581 1656 612 erat,
1683 578 1732 607 sed
1745 578 1832 614 juxta

1008 621 1240 658 philosophicam
1257 622 1388 658 regulam
1405 631 1467 658 qua;
1483 624 1560 658 quod
1576 623 1686 651 bonum
1702 626 1747 651 est
1761 623 1830 651 seli-

1008 666 1059 702 git,
1079 666 1212 702 primitim
1230 668 1326 694 autem
1353 675 1418 702 quas
1441 666 1511 694 talia
1539 675 1596 694 non
1623 669 1693 695 sunt
1707 667 1831 703 respuit,

1009 714 1060 739 aut
1075 711 1162 739 etiam
1180 712 1340 739 secundum
1358 712 1462 739 musici
1484 711 1630 739 Timothei
1656 712 1831 748 sapientiam

1009 756 1093 783 docte
1107 763 1205 783 eorum
1223 756 1345 784 initiatis
1369 756 1511 791 canentis,
1537 756 1627 784 altero
1655 764 1721 784 vero
1743 756 1831 784 etiam

1009 801 1148 835 carmine,
1167 811 1181 826 ‹‹
1196 801 1254 834 Sic,
1284 801 1419 836 dicentis,
1446 810 1526 830 meos
1550 810 1653 830 canere
1675 801 1775 837 velim,
1790 802 1833 829 sic

1009 847 1108 873 autem
1123 846 1315 882 approbarem
1330 848 1477 874 canentes.
1494 857 1509 871 ››

129 887 277 926 ἰσόῤῥοπος
306 888 350 915 καὶ
379 888 411 915 τὸ
439 888 571 926 πρακτέον
600 887 649 916 οὐκ
669 886 865 924 εὐξύλϐΛητον,
896 887 968 915 ἀλλὰ
995 889 1063 916 κατᾶ
1087 890 1136 924 τὴν
1164 889 1403 928 φιλοσοφουμένην
1433 890 1601 928 συστοιχίαν,
1631 891 1680 925 τὴν
1708 889 1834 928 ἐκλέγου-

131 943 178 961 σαν
197 933 244 970 μὶν
261 933 286 960 ἐν
304 933 409 971 στοίχῳ
423 933 457 960 τὰ
471 933 566 972 ἀγαθὰ,
584 931 640 969 ἰδίᾳ
655 932 684 961 δὲ
697 933 730 961 τὰ
747 933 784 970 μή
800 935 912 961 τοιαῦτα
927 933 1150 972 σκορακίζουσαν,
1167 933 1221 970 ἤδη
1238 934 1267 962 δὲ
1281 935 1325 962 καὶ
1340 935 1408 962 κατὰ
1421 936 1471 970 τὴν
1486 937 1535 963 τοῦ
1552 933 1680 972 μελῳδοῦ
1699 935 1834 971 Τιμοθέου

130 977 238 1016 σοφίαν,
255 976 366 1013 ᾅδοντος
383 977 431 1014 μὲν
448 977 639 1014 ἐπιστημόνως
662 980 723 1008 τοῖς
747 978 872 1014 μύσταις,
894 977 1005 1013 ᾅδοντος
1029 977 1058 1006 δὲ
1080 978 1124 1006 καὶ
1149 979 1187 1011 ὡς
1207 978 1315 1017 ἑτέρως,
1331 979 1376 1007 καὶ
1400 979 1589 1017 ἐπιλέγοντος,
1610 979 1647 1010 ὡς
1662 992 1675 1005 ι(
1690 978 1769 1008 Οὕτω
1786 979 1832 1015 μὲν

130 1021 204 1058 ᾅδειν
222 1021 376 1060 βουλοίμην
390 1021 420 1050 ἂν
435 1022 501 1054 τοὺς
514 1021 607 1059 ἐμοὺς,
621 1021 692 1050 οὕτω
708 1021 737 1050 Si
751 1023 801 1050 οὐκ
815 1021 845 1050 ἂν
861 1021 1051 1060 ἀποδεχοίμην
1068 1022 1189 1059 ᾅδοντας.
1207 1036 1221 1050 ››

169 1111 211 1142 ιδ’.
229 1113 364 1141 Ἐντεῦθεν
389 1113 417 1140 αἱ
439 1114 581 1150 πανταχοῦ
596 1115 649 1150 γῆς
677 1112 816 1151 βασιλικαὶ
830 1113 955 1150 πρόνοιαι

1048 1115 1091 1142 Ui.
1114 1115 1188 1142 Hinc
1217 1115 1326 1150 ubique
1354 1116 1499 1142 terrarum
1525 1114 1718 1142 multiformia
1739 1115 1835 1150 provi-

131 1156 297 1189 πολυειδεῖς.
326 1157 374 1185 Καὶ
399 1155 539 1194 ἄνθρωπος
563 1159 601 1188 εἷς
628 1158 707 1189 οὗτος
734 1160 794 1189 τοῖς
825 1159 956 1196 μεγάλοις

132 1202 332 1238 οἷκουμενικοῖς
365 1201 458 1229 ἑαυτὸν
491 1201 669 1241 μεγαλοφυῶς
697 1201 841 1240 ἐπεμέριζε
868 1204 924 1239 τμή
941 1219 954 1224 -

134 1256 214 1283 μασιν
238 1246 276 1277 εἷς
301 1246 332 1273 τὸ
357 1246 474 1285 ἐνεργὸν,
500 1243 741 1284 προϐαλλόμενος,
758 1246 808 1274 ὅσα
831 1246 874 1274 καὶ
893 1249 954 1284 χεῖ-

103 1298 106 1301 ·
133 1301 181 1328 ρας
210 1289 394 1328 ἀμφιδεξίως,
422 1291 453 1318 τὸ
480 1294 530 1325 τῆς
561 1289 668 1328 ἀνδρίας
695 1290 858 1328 δραστήριον
875 1314 882 1327 ,
909 1291 954 1318 καὶ

131 1336 163 1363 τὸ
177 1338 228 1370 τῆς
242 1335 370 1366 συνέσεως
387 1334 532 1373 ἑμπύριον,
548 1335 609 1362 ὅσον
635 1345 665 1362 τι
688 1335 714 1363 ἦν
729 1337 764 1372 τῇ
789 1335 875 1373 λοιπῇ
891 1346 955 1374 φρο-

132 1381 220 1416 νήσει,
249 1379 294 1407 καὶ
325 1379 424 1406 ὁπόσον
455 1379 492 1410 είς
521 1379 737 1418 ἀγχίνοιαν.⁹Ην
769 1381 815 1417 μὶν
842 1380 954 1418 γὰρκαὶ

133 1427 282 1456 σκεπτικῶς
310 1422 381 1462 ἔχων
411 1423 436 1452 ἐν
465 1427 524 1455 τοῖς
551 1424 704 1462 μεγίστοις,
733 1424 776 1452 καὶ
806 1425 953 1464 ἐφιστάνων

134 1468 322 1505 διανοητικῶς·
346 1468 379 1496 τὰ
403 1467 490 1496 πλείω
521 1467 549 1496 δὲ
573 1468 691 1507 ἄγχιστα
713 1471 747 1506 τῇ
772 1471 864 1505 νοήσει
879 1470 955 1507 παρί-

132 1525 223 1550 στατο,
246 1513 292 1541 καὶ
320 1514 446 1551 ἀχρόνως
475 1514 532 1540 οἷον
560 1515 609 1541 τοῦ
629 1514 777 1550 νοουμένου
802 1512 953 1552 ἐδράττετο,

131 1559 174 1587 καὶ
191 1559 289 1586 τούτου
317 1558 462 1596 βαθύτατα,
486 1557 531 1585 καὶ
554 1558 608 1596 ούχ
632 1559 670 1590 ὡς
689 1557 862 1593 ἐπιπολάζειν
887 1559 955 1586 κατὰ

130 1603 193 1635 τοὺς
217 1605 312 1641 ταχεῖς
335 1603 382 1639 μὶν
408 1603 524 1641 φρονεῖν,
541 1601 599 1630 οὕτι
624 1601 653 1630 δὲ
673 1602 717 1630 καὶ
743 1602 884 1635 ἀσφαλεῖς.
901 1604 953 1631 Καὶ

131 1647 165 1683 ἦν
184 1648 230 1685 μὶν
247 1647 320 1684 αὖτῷ
348 1647 410 1675 λίαν
434 1646 505 1675 καλὰ
532 1647 577 1674 καὶ
599 1647 632 1675 τὰ
652 1650 702 1682 τῆς
730 1647 838 1685 ἀνδρίας
858 1648 952 1685 σεμνά’

131 1692 309 1731 περιττότερα
337 1690 366 1719 δὲ
391 1702 422 1730 γε
448 1691 482 1719 τὰ
500 1694 550 1727 τῆς
575 1693 750 1730 φρονήσεως,
775 1692 810 1728 ἧς
832 1693 877 1720 καὶ
905 1703 952 1720 κα-

131 1737 250 1775 ταμόνας
266 1737 303 1768 εἰς
321 1736 416 1775 μυρίον
432 1735 540 1772 πλῆθος
554 1736 690 1774 ὠνάμεθα.

171 1830 210 1856 ιε’.
239 1827 271 1855 Ἠ
303 1827 368 1865 γοῦν
407 1827 580 1864 Πυθαγορικὴ
615 1827 792 1865 κατάρτυσις,
831 1827 879 1856 εἴτ’
909 1827 954 1856 οὖν

134 1872 292 1910 ἀγάπησις,
326 1871 394 1899 κατὰ
430 1870 493 1903 τοὺς
522 1872 555 1899 τὰ
581 1872 694 1900 τοιαῦτα
722 1873 820 1912 σοφοὺς
847 1873 931 1901 εἴπεῖν
947 1895 954 1908 ,

133 1917 269 1945 κάνταῦθα
297 1915 463 1954 παρεισδῧσα
479 1939 486 1952 ,
510 1915 556 1944 καὶ
578 1917 627 1951 τήν
653 1916 678 1944 ἐν
706 1915 853 1956 βαρϐάροις
880 1918 956 1955 ἁγιό-

133 1972 202 1998 τητα
231 1960 419 1997 ἐξελαύνουσα,
445 1961 492 1992 τὰς
519 1963 573 1989 τῶν
602 1961 734 1998 πολέμων
763 1962 864 2000 ἀνοχὰς
888 1964 955 1998 ἡμῖν

134 2006 286 2044 κατώρθου,
318 2004 353 2033 δι’
379 2006 416 2032 ὧν
440 2005 628 2044 κατεσιγάζετο
653 2006 684 2033 τὸ
713 2005 882 2045 ἀλλόφυλον·
905 2008 956 2035 Καὶ

137 2052 192 2089 μὴν
223 2049 386 2087 αἰσθάνομαί
422 2060 504 2077 τινων
541 2049 732 2087 ψαλαττόντων
770 2050 861 2088 ἠρέμα
876 2075 883 2087 ,
913 2053 957 2079 καὶ

136 2094 364 2134 ὑποκρουομὲνων
389 2095 529 2132 ἀπήχημα
553 2093 640 2133 γλυκύ
664 2105 693 2122 τε
716 2095 761 2122 καὶ
785 2095 957 2133 ἐναρμόνιον,

135 2140 169 2168 δι’
186 2139 218 2168 οὗ
233 2139 332 2177 ἀνδρία
355 2139 400 2167 καὶ
424 2139 474 2174 τὴν
500 2139 638 2178 εἷρηναίαν
657 2139 781 2177 γαλήνην
806 2141 832 2168 ἐν
857 2139 957 2173 ἔθνεσιν

135 2184 227 2220 ᾅδεται
252 2183 493 2222 κατα-πράττεσθαι,
521 2183 569 2211 Καὶ
596 2181 653 2221 ἔχει
683 2184 768 2216 οὕτως
786 2208 793 2220 ,
822 2186 844 2213 ὦ
873 2186 957 2214 οὗτοι·

134 2229 179 2257 καὶ
206 2229 296 2256 τοίνυν
325 2227 456 2256 ἐντείνοντι
483 2229 514 2256 τὸ
543 2229 616 2266 ᾆσμα
639 2229 804 2268 τορώτερον,
824 2230 898 2268 κάγὼ
910 2233 959 2258 τοῦ

137 2273 237 2311 μέλους
276 2274 340 2310 ὑμῖν
373 2273 570 2312 συνιφάψομαι,
606 2273 725 2313 Ἀδελφὰ
759 2275 811 2312 γὰρ
851 2275 960 2311 ἀληθῶς

137 2321 275 2358 φρονεῐτον
312 2317 409 2356 ἀνδρία
444 2328 474 2346 τε
501 2318 546 2346 καὶ
575 2317 678 2350 σύνεσις
696 2340 704 2354 ,
731 2319 776 2347 καὶ
801 2321 960 2348 κοινοῦσθον

136 2363 166 2391 τὸ
179 2362 334 2401 ἔμπρακτον
347 2361 422 2400 παρά
436 2372 468 2401 γε
478 2365 540 2395 τοῖς
555 2361 699 2401 ἔμφροσιν.

1010 1159 1114 1186 dentice
1129 1159 1323 1195 imperatoriae
1339 1159 1512 1195 speeimina.
1529 1160 1562 1187 Et
1576 1159 1663 1187 homo
1689 1159 1744 1186 iste
1758 1167 1835 1187 unus

1010 1203 1125 1239 magnis
1135 1203 1304 1239 regionibus
1314 1203 1467 1239 magniﬁce
1477 1204 1505 1230 in
1513 1204 1635 1240 agendo,
1643 1203 1834 1239 gubernando

1010 1255 1041 1275 se
1057 1247 1193 1282 ostendit,
1217 1250 1245 1275 et
1268 1248 1370 1275 ambas
1394 1256 1511 1282 manus,
1538 1248 1694 1275 sctivitatis
1722 1248 1834 1274 instru-

1009 1294 1117 1326 menta,
1131 1295 1158 1320 et
1170 1293 1329 1328 prudentiae
1341 1293 1474 1321 ardorem
1489 1295 1577 1330 atque
1588 1294 1697 1329 ingenii
1709 1302 1831 1321 acumen

1009 1338 1193 1365 monstravit.
1211 1339 1241 1364 In
1259 1337 1394 1365 maximis
1415 1337 1493 1364 enim
1509 1337 1596 1365 rebus
1618 1337 1741 1365 dubium
1759 1345 1830 1364 una-

1010 1382 1311 1418 cumlperseverantia
1335 1382 1363 1409 in
1389 1382 1519 1410 medium
1545 1382 1632 1415 tulit;
1659 1381 1832 1418 plerumque

1009 1429 1107 1455 autem
1137 1428 1212 1464 apud
1238 1436 1304 1455 eum
1329 1436 1403 1463 opus
1428 1427 1632 1463 cogitalionem
1660 1427 1832 1463 premebat;

1009 1480 1072 1507 quae
1088 1475 1185 1500 autem
1200 1471 1323 1499 faciebat
1337 1471 1373 1499 iis
1385 1472 1492 1500 mentis
1504 1472 1731 1508 profunditatem
1747 1472 1834 1499 adde—

1009 1518 1069 1551 bat,
1086 1518 1206 1546 minime
1222 1520 1383 1551 cententus,
1413 1520 1446 1545 ut.
1470 1517 1610 1554 plerique,
1641 1517 1689 1553 qui
1707 1517 1833 1553 prompti

1009 1563 1129 1598 quidem
1144 1563 1177 1590 ad
1198 1563 1398 1597 cogitandum,
1415 1562 1444 1589 in
1468 1562 1579 1598 agendo
1604 1561 1703 1589 minus
1719 1561 1833 1597 probati

1008 1607 1207 1635 inveniuntur.
1224 1607 1359 1635 Solomne
1374 1606 1468 1634 eidem
1491 1608 1552 1635 erat
1568 1606 1747 1634 fortitudinis
1763 1613 1832 1641 spe-

1009 1652 1117 1680 cimina
1132 1653 1226 1685 edere,
1246 1651 1318 1679 nihil
1343 1659 1411 1679 vero
1433 1651 1583 1687 antiquius
1608 1651 1784 1687 sapientiam
1801 1650 1830 1678 in

1009 1697 1139 1725 medium
1156 1697 1294 1732 proferre,
1310 1704 1398 1732 quam
1415 1696 1526 1731 passim
1548 1695 1689 1732 optimam
1707 1694 1830 1724 auxilia-

1007 1741 1108 1770 tricem
1124 1740 1294 1770 habuimus.

1048 1832 1090 1860 15.
1108 1831 1199 1868 Igitur
1213 1830 1367 1867 dispositio
1391 1830 1590 1867 Pythagorica,
1608 1830 1668 1858 sive
1690 1838 1782 1864 amor,
1799 1831 1832 1857 ut

1010 1884 1091 1905 more
1107 1876 1284 1912 sapientium
1300 1875 1466 1912 loquamur,
1479 1877 1635 1911 penetrans
1650 1877 1679 1902 et
1692 1875 1832 1902 barbaros

1011 1921 1159 1955 erudiens,
1176 1921 1318 1948 bellorum
1336 1920 1469 1948 inducias
1485 1919 1569 1947 nobis
1584 1920 1715 1955 parabat,
1726 1919 1834 1955 quibus

1012 1967 1113 1994 hostes
1128 1966 1163 1993 ad
1188 1965 1363 1993 otiositatem
1387 1965 1613 1992 damnabantur.
1639 1964 1778 1999 Equidem
1792 1964 1835 1991 vi-

1013 2011 1066 2038 deo
1083 2011 1225 2046 quosdam
1244 2009 1296 2036 levi
1310 2009 1509 2036 modulamine
1520 2008 1604 2036 dulce
1615 2010 1835 2042 cantantes,quo

1014 2054 1154 2082 fortitudo
1171 2061 1268 2089 pacem
1295 2056 1324 2080 et
1348 2053 1590 2089 tranquillitatem
1611 2053 1640 2079 in
1665 2052 1836 2079 nationibus

1013 2098 1171 2135 generavit.
1200 2099 1242 2125 ita
1265 2098 1342 2125 enim
1359 2100 1413 2132 est,
1442 2097 1539 2131 amici,
1569 2103 1657 2131 quare
1676 2095 1835 2122 acutiorem

1014 2143 1133 2179 incipite
1148 2145 1278 2176 cantum,
1293 2151 1337 2169 me
1349 2142 1577 2169 obsecundante.
1592 2140 1741 2168 Fortitudo
1757 2140 1835 2167 enim

1014 2197 1047 2216 ac
1060 2187 1217 2224 prudentia
1234 2187 1414 2214 meditantur
1425 2188 1453 2213 et
1465 2186 1493 2213 in
1507 2185 1729 2221 prudentiorum
1741 2184 1836 2212 mani-

1014 2233 1070 2261 bus
1085 2231 1251 2260 consociare
1266 2233 1376 2259 amant.

173 2465 213 2493 ις’.
230 2461 347 2498 Εὐπορῶ
372 2459 401 2488 δὲ
420 2460 496 2498 ὅμως
523 2461 618 2497 εἷπεῖν,
646 2462 736 2502 ἔφ’ὦν
760 2463 792 2491 τὸ
805 2466 856 2498 τῆς
883 2465 955 2502 βασι-

1052 2463 1135 2491 16.1n
1144 2463 1275 2499 promptu
1281 2461 1374 2489 habeo
1381 2461 1467 2489 etiam
1474 2459 1604 2488 dicerein
1612 2467 1669 2496 quo
1675 2458 1839 2496 prudentiae

137 2506 218 2541 λικῆς
244 2507 400 2545 φρονήσεως
428 2506 473 2533 καὶ
505 2510 623 2545 μονῆρες
650 2508 786 2546 ὁρίζεται,
820 2509 865 2536 καὶ
892 2510 960 2541 τέως

137 2551 236 2588 (ἐκεῖνο
259 2551 291 2578 τὸ
315 2550 428 2583 ἐνταῦθα
453 2551 524 2588 μέγα
547 2553 595 2579 τοῦ
619 2551 702 2590 λόγου
729 2553 887 2592 κεφάλαιον)
909 2555 959 2589 τὴν

136 2598 189 2623 τῶν
217 2595 396 2632 ἑκασταχόθεν
420 2595 534 2632 ὑψηλῶν
559 2598 643 2633 γενῶν
664 2599 704 2633 τῷ
734 2597 865 2635 βασιλείῳ
891 2599 959 2635 γένει

138 2641 292 2679 συνάφειαν,
318 2638 352 2666 δι’
381 2640 414 2674 ἧς
444 2639 493 2667 ὅσα
521 2640 566 2668 καί
591 2652 664 2673 τινος
684 2641 875 2678 πολυτιμήτου
893 2642 962 2677 ὕλης

136 2686 185 2720 τὴν
206 2686 255 2712 τοῦ
286 2685 430 2722 βασιλικοῦ
457 2684 612 2722 στέμματος
642 2687 819 2725 συγκρότησιν
850 2687 961 2726 ἐτεχνή-

138 2740 216 2765 emo,
231 2729 276 2757 τὸν
305 2729 421 2767 ἀρχικὸν
449 2730 494 2757 καὶ
523 2729 596 2758 οὕτω
629 2731 782 2769 μεγεθύνων
809 2730 960 2770 ὅγκον,καὶ

138 2777 234 2812 χεῖρας
255 2773 353 2805 ταύτας
379 2773 560 2812 μεγαλοφυεῖς
587 2774 622 2812 τῇ
646 2775 789 2813 Ῥωμαϊκῇ
813 2776 962 2814 ὁλομελείᾳ

139 2819 296 2857 προσφύων,
322 2819 352 2850 ἃς
379 2818 488 2854 ἐκτενεῖ,
514 2820 558 2847 ὅτε
572 2830 625 2847 που
649 2820 828 2859 πολυχειρίας
846 2820 961 2857 δεήσειε.

141 2863 246 2892 Τούτου
274 2865 342 2901 ἡμῖν
371 2866 419 2892 τοῦ
445 2863 533 2892 καλοῦ
562 2867 646 2904 φυτοῦ
669 2869 718 2901 τῆς
742 2866 839 2906 σοφίας
859 2867 962 2904 καρπὸς

1016 2508 1136 2536 etractus
1143 2507 1494 2542 cernunturetquousque
1500 2512 1634 2541 magnum
1642 2504 1787 2532 sermonis
1796 2512 1840 2531 ca-

1016 2555 1067 2590 put
1077 2561 1251 2589 magnorum
1261 2551 1390 2587 undique
1399 2559 1539 2587 generum
1546 2550 1645 2586 generi
1654 2549 1841 2585 imperatorio

1017 2598 1154 2626 unionem
1169 2598 1229 2632 dat,
1242 2605 1392 2633 perquam
1405 2598 1436 2624 ut
1451 2604 1502 2632 per
1517 2595 1735 2623 nobilissimam
1747 2596 1840 2622 mate-

1016 2643 1090 2671 riam
1106 2641 1286 2678 imperatorii
1298 2641 1474 2669 diadematis
1489 2640 1731 2676 compositionem
1743 2645 1841 2674 opera-

1017 2691 1063 2716 tus
1076 2689 1130 2720 est,
1147 2687 1324 2723 praecipuam
1340 2686 1381 2713 sic
1407 2685 1523 2713 elevans
1547 2685 1722 2721 dignitatem
1747 2685 1775 2710 et
1789 2683 1842 2711 has

1016 2741 1172 2769 generosas
1187 2740 1293 2760 manus
1308 2732 1445 2759 Romanis
1472 2730 1640 2758 celsitudini
1666 2729 1841 2764 adiungens,

1017 2786 1092 2814 quas
1106 2778 1204 2805 tendet
1219 2777 1335 2813 quando
1352 2784 1494 2804 manuum
1511 2774 1676 2811 pluralitate
1692 2781 1766 2809 opus
1783 2773 1842 2800 fue-

1018 2823 1064 2851 rit.
1082 2822 1176 2857 Hujus
1204 2822 1289 2850 nobis
1319 2821 1424 2857 egregii
1453 2820 1576 2848 stolonis
1605 2819 1718 2847 fructus
1735 2820 1763 2846 et
1778 2826 1843 2854 quae

1017 2868 1054 2897 ob
1069 2867 1169 2896 oculos
1185 2867 1261 2896 bona
1277 2869 1355 2900 sunt,
1373 2866 1430 2894 Deo
1442 2866 1565 2902 juvants
1581 2864 1698 2901 reginas,
1715 2871 1841 2900 quarum
