2021 3154
168 167 228 198 983

552 167 763 199 EUSTATHII
785 165 1171 197 THESSALONICENSIS
1195 164 1488 195 METBOPOLITE

1820 162 1880 193 984

170 240 231 259 una
246 232 281 260 ad
297 231 368 260 solis
395 232 488 261 instar
516 242 549 261 ex
579 233 689 261 oriente
716 233 818 265 oritur,
841 232 896 259 etsi
914 239 1009 264 nunc.

1067 230 1092 257 αἱ
1106 230 1139 257 τὰ
1153 229 1205 267 πρὸ
1223 229 1374 268 ὀφθαλμῶν
1401 228 1486 265 ἁγαθᾶ
1512 228 1540 255 αἱ
1564 227 1610 255 σὺν
1626 229 1684 263 Θιῷ
1712 226 1881 264 βασίλισσαι,

174 276 292 312 quidem
309 277 386 304 nube
409 278 593 312 obscuratur,
621 278 646 305 si
672 278 763 305 nubes
789 277 906 312 nigrum
924 275 996 303 illud

175 321 232 348 dici
249 323 354 358 potest,
370 322 398 348 in
416 330 473 358 quo
487 322 607 357 justiti-ce
625 322 678 356 sol,
705 325 780 349 Deus
804 321 913 349 clarius
928 329 998 348 con-

176 366 318 401 spicitur;
335 365 424 393 altera
448 375 515 394 vera
538 375 644 394 oceano
671 365 843 394 occidentali
860 366 999 393 immersa

175 410 250 438 lucis
265 410 450 446 splendorem
465 411 559 439 ali'ert.

213 578 255 606 17.
281 578 336 606 Sed
365 578 425 606 hac
454 578 608 612 hactenus,
625 586 661 606 ne
689 577 849 606 rhetorices
874 585 1001 606 oceanus

176 631 333 659 erumpens
349 623 475 651 faustam
485 625 603 658 rumpat
619 622 845 659 navigationem.
860 623 1002 650 Utautem

176 666 276 695 hostes
309 667 434 696 invicem
471 668 620 703 congressi
659 669 719 695 sint
753 675 858 703 resque
887 670 1002 695 nostras

178 712 360 740 turbaverint
374 715 402 740 et
426 721 525 748 pacem
549 712 634 740 nobis
659 712 881 748 impertiverint,
908 712 958 740 illa
975 712 1002 739 in

181 764 270 784 causa
293 756 365 789 fuit;
391 757 457 792 quis
486 756 576 792 igitur
605 757 699 792 magis
729 756 901 784 timendus?
929 756 1003 784 lllud

181 809 267 836 porro
283 801 437 828 artiﬁcium
455 801 643 836 strategicum
669 801 851 837 excogitavit,
876 801 922 828 cui
937 801 1004 829 obe-

183 845 297 872 dientes
313 845 376 872 sine
400 844 553 880 sanguinis
578 845 719 872 eﬁ‘usione
747 846 875 873 maxima
898 848 1006 881 tropaea

183 888 283 922 erexit,
313 888 414 916 hostes
443 888 498 916 sibi
528 889 600 924 ipsis
635 889 816 917 adversarios
847 898 941 925 usque
969 890 1005 917 ad

181 932 415 969 belligerandum
445 933 573 960 reddidit
601 942 659 969 quo
689 934 798 961 factum
829 937 873 962 est
903 937 935 962 ut
962 943 1007 962 res

181 980 288 1005 nostra:
305 977 500 1014 amplificatae,
525 977 642 1005 illorum
669 978 897 1012 minorarentur,
918 982 1008 1015 utque

181 1022 259 1050 Mars
273 1022 332 1056 jam
349 1031 404 1049 non
423 1022 589 1050 communis
615 1025 693 1050 esset
708 1031 760 1050 nec
783 1023 939 1051 alterutros
955 1032 1009 1051 nos

182 1066 308 1103 illosque
324 1067 498 1101 destrueret,
515 1066 585 1094 solis
603 1070 699 1094 autem
712 1067 849 1095 hostibus
865 1068 1008 1104 pernicies

181 1110 360 1138 illaberetur.
379 1111 426 1138 Sic
443 1113 597 1138 Persarum
614 1111 643 1138 in
659 1113 764 1139 Persas
779 1111 889 1139 bellum
904 1121 920 1140 a
935 1113 1010 1148 regi-

183 1157 239 1184 bus
256 1155 467 1190 instruebatur,
484 1159 512 1183 et
527 1164 580 1184 nos
596 1158 721 1184 stamus.
739 1156 786 1184 Sic
802 1157 901 1184 multa:
917 1166 951 1185 ex
966 1165 1010 1184 oc-

185 1199 381 1228 cidentalibus
396 1201 534 1236 gentibus
545 1201 717 1237 arrogantiae
731 1202 832 1229 morbo
845 1201 1011 1230 laborantes

185 1246 341 1280 postquam
363 1245 557 1280 resipuerant,
583 1248 691 1272 sanates
717 1248 796 1273 sunt.
815 1246 860 1273 sic
885 1246 1011 1281 populus

187 1289 338 1316 Romanus
352 1288 503 1324 obstupuit
517 1289 566 1323 qui
583 1292 684 1316 contra
699 1298 780 1325 spem
805 1289 934 1317 omnium
954 1290 1012 1318 bel-

187 1332 332 1368 ligerandi
344 1333 441 1360 furore
454 1335 575 1361 sanatus
589 1336 642 1361 est.
656 1333 746 1361 Draco
759 1337 856 1362 autem
874 1335 1012 1363 insularis

189 1377 239 1414 qui
256 1386 344 1413 super
359 1381 484 1405 crateres
509 1380 633 1406 [Etnaeos
660 1378 757 1414 ignem
775 1380 886 1407 ferociae
910 1388 1012 1408 accen-

190 1423 258 1450 dere
274 1421 397 1455 volebat,
414 1421 443 1449 in
458 1422 568 1457 impetu
581 1431 634 1450 suo
647 1423 682 1450 ab
694 1423 814 1452 ensibus
829 1424 1013 1460 imperatoris

190 1476 248 1495 non
261 1475 364 1503 parum
376 1467 536 1503 impeditus
549 1470 602 1502 est,
616 1467 788 1504 plerumque
800 1478 865 1496 cum
878 1469 1014 1497 hostibus

189 1512 359 1540 domesticis
389 1520 587 1548 congressus,
618 1521 692 1548 quos
721 1513 906 1549 imperatoris
936 1517 1014 1542 artes

190 1556 415 1590 concitaverant,
441 1557 524 1592 quasi
549 1556 706 1592 bipennem
731 1557 904 1593 sapientiam
929 1567 1012 1586 suam

192 1602 307 1629 eminus
319 1601 491 1638 jaculantis.

229 1849 273 1875 18.
292 1848 385 1883 Regiis
401 1848 488 1876 etiam
504 1848 664 1884 prudentia:
690 1850 752 1877 erat
767 1857 824 1877 non
844 1849 940 1878 solum
956 1851 1015 1879 sal-

191 1899 259 1919 vare
275 1892 353 1919 dicto
368 1892 531 1927 audientes,
544 1893 594 1920 sed
610 1893 697 1921 etiam
709 1895 853 1929 quantum
869 1894 932 1922 ﬁeri
949 1903 1016 1931 pos-

191 1938 236 1963 set
264 1936 434 1964 eorumdem
462 1945 508 1965 res
536 1946 661 1973 augere;
689 1941 791 1974 estque
819 1938 892 1967 illud
913 1941 1015 1968 talenti

191 1980 348 2017 evangelici
365 1979 580 2010 incrementum
597 1991 653 2010 non
671 1983 768 2011 minus
784 1991 870 2019 quam
891 1984 1016 2013 haeredi-

189 2025 258 2054 tatis
274 2026 377 2054 divinae
393 2027 540 2055 adauctio.
564 2027 638 2056 Illud
654 2036 734 2065 ergo,
757 2029 781 2057 si
798 2029 864 2065 quis
891 2029 967 2058 alius
982 2039 1016 2059 ex

188 2069 226 2098 iis
241 2071 290 2106 qui
305 2071 388 2107 prius
405 2075 575 2108 regnarunt,
593 2075 691 2101 noster
707 2074 868 2110 praesertim
895 2075 1016 2110 perfecit

187 2115 266 2143 bona
282 2115 514 2151 multiplicando.
532 2117 654 2145 Diflicile
678 2118 756 2145 enim
782 2119 869 2146 fuerit
884 2121 1014 2147 exteram

187 2159 320 2196 linguam
336 2160 425 2188 citare
451 2170 540 2197 quam
556 2170 613 2189 non
641 2163 676 2190 ad
704 2165 808 2190 nostra:
824 2164 1012 2192 commodum

187 2206 328 2240 verterit;
357 2207 424 2234 dam
454 2206 503 2234 alii
532 2207 650 2243 quidem
681 2207 800 2236 coloniae
830 2209 947 2237 nomine
977 2209 1013 2237 ad

187 2257 241 2277 nos
271 2250 354 2278 missi
384 2250 441 2278 sibi
471 2251 599 2287 quietem
627 2251 820 2285 invenerunt;
850 2252 899 2280 alii
914 2256 1012 2281 autem

186 2294 264 2322 dona
290 2285 494 2331 exspectantes
523 2303 586 2331 quae
615 2296 801 2332 imperatoris
833 2285 1051 2333 largiebaturD

185 2338 397 2374 muniﬁcentia,
421 2339 505 2367 sinus
521 2340 642 2368 ditantis
669 2340 827 2377 participes
849 2341 916 2369 facti
933 2344 1011 2378 sunt,

185 2383 346 2419 primatum
363 2385 527 2412 mercedem
544 2387 737 2421 reportantes.
761 2386 840 2418 Quod
859 2387 953 2414 autem
970 2387 1012 2414 di-

185 2427 322 2456 vitiarum
348 2428 490 2457 ﬂuentum
520 2429 594 2466 ipsis
623 2430 803 2464 abundabat,
830 2431 1011 2459 domicilium

185 2470 314 2500 alienum
331 2473 456 2508 patriam
473 2473 613 2502 facientes
637 2477 665 2504 et
680 2475 807 2510 patriam
832 2475 1012 2504 aestimantes

185 2523 303 2544 omnem
319 2516 347 2543 in
365 2524 423 2551 qua
447 2517 520 2552 ipsis
544 2519 617 2546 bene
642 2521 712 2546 erat.
737 2519 864 2554 Antiqua
889 2519 1012 2548 historia

184 2569 336 2589 servorum
352 2561 453 2589 urbem
471 2564 629 2598 quamdam
644 2566 807 2598 memorat;
831 2564 931 2600 ibique
947 2564 1011 2592 feli-

183 2606 257 2635 citer
273 2605 301 2633 id
317 2605 448 2642 contigit.
462 2606 599 2636 Homines
613 2609 690 2636 enim
704 2617 776 2644 quos
790 2611 896 2636 natura
906 2608 1011 2637 libera-

182 2650 249 2679 liter
262 2651 357 2679 vivere
375 2651 467 2678 voluit
484 2652 637 2688 nervisque
662 2653 756 2680 ﬁrmis
781 2653 898 2681 donavit
913 2655 941 2680 et
954 2654 1011 2681 l'or-

182 2697 310 2724 titudine
326 2696 405 2725 omni
423 2697 587 2731 induravit;
605 2698 669 2726 vitm
686 2700 784 2726 autem
809 2698 1011 2726 vicissitudine

184 2740 213 2767 in
239 2742 410 2770 servitutem
441 2741 550 2769 redacti
577 2741 606 2769 in
632 2743 733 2770 urbem
761 2742 945 2771 Constantini
967 2743 1010 2770 in-

187 2784 333 2814 duxerunt
345 2787 524 2823 (frequentes
552 2787 631 2815 enim
659 2787 708 2814 illa
732 2787 865 2824 hospites
894 2786 1011 2823 excipit,

185 2828 352 2866 multosque
368 2839 417 2866 per
434 2831 696 2868 turmas,cohortes
707 2833 735 2860 et
746 2832 823 2860 acies
839 2831 1009 2867 constituit)

1053 275 1089 301 ὧν
1104 275 1121 308 ἡ
1139 274 1185 310 μὲν
1202 274 1245 301 οἶα
1269 273 1313 301 καὶ
1337 272 1420 308 ἥλιος
1445 273 1470 308 ἐξ
1495 272 1563 308 ὲῲας
1590 271 1696 310 ἔφανεν,
1713 272 1736 299 εί
1762 272 1808 299 καὶ
1833 273 1880 299 νῦν

1054 319 1105 346 ὑπὸ
1120 319 1193 356 νέφει
1219 319 1363 352 σκιάζεται,
1392 316 1418 344 εἶ’
1441 329 1468 345 τι
1493 317 1538 344 καὶ
1563 317 1641 355 νέφος
1666 316 1750 344 εἰπεῖν
1776 316 1880 354 θαρρη-

1052 365 1111 391 τέον
1127 364 1158 390 τὸ
1173 365 1295 391 τοιοῦτον
1315 362 1412 398 μέλαν,
1428 362 1454 389 ἐν
1472 362 1495 398 ᾧ
1511 361 1656 400 φανότερον
1673 362 1687 388 ὁ
1702 362 1750 395 τῆς
1775 359 1882 388 δικαιο-

1054 409 1136 443 σύνης
1159 406 1240 442 ἥλιος
1265 407 1330 439 Θεὸς
1358 405 1538 434 διοπτεύεταιο
1565 407 1583 441 ἡ
1608 404 1638 433 δὲ
1652 407 1688 436 ὡς
1713 404 1814 443 ἆγχοθί
1829 416 1884 432 που

1054 452 1222 490 λελουμένος
1258 452 1378 479 ὠκεανοῦ
1403 451 1530 489 ἑσπερίου
1559 451 1604 479 καὶ
1633 451 1704 485 αὐτὴ
1734 450 1884 489 φωσφόρος

1055 497 1107 531 ἒπη
1111 497 1206 535 ύγασεν
1211 519 1217 526 .

1094 580 1134 613 ιζ’.
1151 576 1241 605 Ἀλλὰ
1264 579 1346 604 τοῦτο
1371 577 1418 613 μὲν
1449 575 1476 608 ἐς
1503 577 1645 610 τοσοῦτον,
1664 577 1701 612 μὴ
1731 575 1777 603 καὶ
1795 576 1885 603 ὡκια-

1056 623 1102 655 νὸς
1128 622 1240 653 ἑνταῦθσὶ
1267 632 1313 658 μοι
1339 620 1484 660 ῥητορείας
1506 620 1666 659 ἀναιέῥαγεὶς
1693 620 1820 657 ἀνακόψῃ
1836 622 1887 646 τοῦ

1058 665 1227 695 εὐθυπλοεῖν,
1244 668 1415 704 Συγκροῦσαι
1431 664 1460 693 δὲ
1483 664 1636 702 πολεμίους
1662 664 1814 700 ἀλλήλοις,
1841 664 1887 692 καὶ

1058 713 1131 748 ἡμᾶς
1160 710 1186 738 ἐν
1216 711 1347 748 ἀταράχῳ
1372 710 1415 738 καὶ
1446 709 1516 737 οὕτω
1543 713 1720 745 καταστῆσαι,
1736 709 1782 737 καὶ
1812 709 1845 737 τὸ
1862 709 1887 736 ἐν

1060 756 1155 794 εἴρήνῃ
1181 755 1313 792 γαλῆνιον
1336 755 1564 792 κατα-πράξασθαι,
1588 754 1629 785 τίς
1653 753 1704 793 ἄρα
1728 755 1787 782 κατ’
1818 754 1889 781 ἐκεῖ·

1059 811 1104 828 νον
1122 799 1274 831 δεινότατος
1296 813 1303 833 ς
1321 798 1442 831 Μέοοδον
1465 799 1516 837 γὰρ
1538 799 1582 826 καὶ
1606 799 1707 833 ταύτην
1735 809 1889 837 στρατηγι-

1059 846 1110 879 κὴν
1138 844 1260 882 ἐτεχνου,
1279 845 1311 872 τὸ
1337 844 1383 880 μὲν
1412 845 1532 879 ὑπήκοον
1556 844 1699 881 φυλάττειν
1720 843 1890 878 ἀναίμακτον

1061 890 1104 918 ἐπὶ
1146 890 1284 928 μεγίσταις
1318 889 1455 927 τροπαίων
1484 889 1652 923 ἀναστάσεσι,
1688 888 1889 927 προσαράσσειν

1063 934 1091 963 δὲ
1105 934 1168 965 τοὺς
1184 933 1336 971 πολεμίους
1363 935 1477 968 ἑαυτοῖς,
1494 933 1539 962 καί
1564 934 1734 970 ὶκπολεμοῦν
1760 937 1822 964 τοῖς
1839 932 1891 959 ἀλ-

1063 977 1196 1018 λοφύλοις
1222 979 1253 1006 τὸ
1279 979 1368 1017 σφίσιν
1396 978 1487 1009 αὐτοῖς
1511 977 1662 1017 ὁμόφυλον,
1679 978 1716 1009 ὡς
1738 978 1783 1005 καὶ
1802 977 1893 1005 Eii-:15-

1064 1024 1105 1051 θεν
1135 1022 1258 1058 αὔξεσθαι
1291 1024 1336 1059 μὶν
1363 1023 1396 1050 τὰ
1419 1023 1550 1060 ἡμέτερα,
1578 1022 1793 1059 μειονεκτεῖσθαι
1820 1020 1850 1049 δὲ
1864 1021 1896 1048 τὸ

1064 1067 1218 1105 πολέμιον,
1245 1067 1290 1095 καὶ
1319 1067 1364 1095 τὸν
1395 1066 1534 1096 Ἐνυάλιον
1567 1067 1665 1103 μηκέτι
1692 1067 1766 1103 ξυνὸν
1799 1066 1869 1094 εἶναι
1887 1088 1895 1100 ,

1068 1111 1132 1150 μηδ’
1147 1114 1248 1151 ἀμφοῖν
1262 1115 1320 1140 τοῖν
1340 1115 1432 1149 μεροῖν
1449 1113 1610 1152 φθισήνορα,
1626 1113 1694 1148 ἡμῖν
1719 1122 1748 1138 τε
1771 1110 1818 1138 καὶ
1833 1112 1894 1140 τοῖς

1065 1158 1124 1185 ὅσοι
1141 1156 1248 1193 ἐξῄεσαν
1265 1156 1304 1189 εἷς
1327 1157 1484 1191 ἀντίπαλον,
1502 1154 1597 1193 μόνοις
1614 1154 1642 1183 δὲ
1663 1158 1720 1186 τοῖς
1745 1154 1896 1191 πολεμίοις

1066 1201 1280 1237 ἀπονενεμῆσοαι
1306 1201 1351 1228 τὸν
1377 1200 1565 1238 βροτολοιγὸν.
1590 1200 1667 1227 Οὕτω
1696 1199 1797 1237 Πξρσαι
1826 1199 1897 1236 Πέρ-

1067 1256 1126 1277 σαις
1154 1245 1302 1283 ἀντίμαχοι
1329 1243 1454 1281 μεθόδοις
1481 1243 1644 1282 βασιλικαῖς
1672 1244 1716 1271 καὶ
1746 1245 1831 1279 ἡμεῖς
1862 1243 1898 1271 εἶ-

1068 1293 1179 1328 ρηναῖον
1197 1289 1396 1326 ἐπαιανίζομεν.
1419 1289 1498 1318 Οὕτω
1528 1289 1628 1316 Σκύθαι
1655 1288 1759 1320 Σκύθας
1786 1288 1826 1319 εἰς
1843 1291 1897 1325 γῆν

1067 1334 1296 1372 κατεστρώννυον·
1320 1335 1363 1361 καί
1389 1335 1470 1370 ἡμεῖς
1496 1331 1595 1371 ὅρθιοι.
1620 1332 1699 1362 Οὕτω
1724 1331 1823 1360 πολλὰ
1842 1334 1899 1359 τῶν

1068 1379 1199 1417 ἑσπερίων
1229 1379 1328 1415 ἐθνῶν,
1366 1377 1521 1413 πλεονεξίαν
1552 1376 1741 1412 νενοσηκότα,
1768 1377 1898 1414 ὑγιοῦντυ

1069 1423 1302 1463 σωφρονιζόμενα’
1329 1422 1373 1450 καὶ
1401 1423 1432 1450 τὸ
1461 1422 1613 1459 Ῥωμαϊκὸν
1644 1418 1831 1458 ἐξεθαμϐεῖτο,
1859 1420 1900 1459 ἐφ’

1070 1469 1120 1501 οἷς,
1137 1469 1175 1499 ὡς
1190 1467 1239 1495 οὐκ
1254 1466 1282 1494 ἃν
1299 1465 1421 1499 αἶ’σθοιτό
1445 1477 1497 1502 τις,
1514 1466 1544 1494 τὸ
1567 1467 1602 1502 τῇ
1625 1465 1785 1502 ὁπλομανίᾳ
1802 1465 1902 1501 ἐπίλη-

1069 1523 1135 1540 πτον
1161 1511 1350 1548 τεθεράπευιο.
1375 1512 1485 1549 Δράκων
1512 1510 1540 1538 δὲ
1567 1511 1581 1538 ὁ
1603 1510 1778 1546 νησιωτικὸς,
1807 1510 1838 1541 ὃς
1854 1510 1902 1537 καὶ

1071 1557 1135 1594 ὑπὲρ
1159 1560 1296 1594 κρατῆρας
1321 1556 1465 1586 Αίτναίους
1489 1555 1520 1583 τὸ
1544 1557 1592 1583 τοῦ
1616 1555 1704 1591 θυμοῦ
1733 1556 1787 1592 πῦρ
1817 1553 1901 1593 ἐκφυ-

1030 1601 1052 1635 C
1071 1604 1117 1636 σᾷν
1134 1600 1226 1636 ἤθελε,
1254 1599 1348 1628 πολλὰ
1376 1600 1423 1637 μὲν
1447 1602 1495 1628 τοῦ
1517 1600 1575 1627 κατ’
1591 1599 1670 1627 αὐτὸν
1688 1598 1774 1626 ὁλκοῦ
1790 1599 1838 1626 καὶ
1856 1599 1905 1635 βα-

1073 1645 1190 1676 σιλικοῖς
1215 1644 1366 1680 ἐκολούσθη
1390 1644 1498 1683 ξίφεσι,
1522 1644 1555 1671 τὰ
1577 1644 1666 1672 πλείω
1693 1641 1722 1670 δὲ
1750 1643 1903 1674 οἳκειακοῖς

1070 1689 1182 1728 ἐχθροῖς
1225 1689 1454 1728 συγκρουόμινος,
1494 1688 1541 1721 οὓς
1568 1689 1595 1716 αἱ
1623 1689 1672 1716 τοῦ
1699 1688 1907 1726 αὐτοκράτορος

1071 1733 1181 1772 μέθοδοι
1206 1733 1366 1770 ἰπανίστων,
1391 1732 1552 1772 διχαστικὴν
1578 1732 1660 1761 ὁποῖά
1678 1742 1739 1760 τινα
1755 1732 1897 1770 μάχαιραν

1069 1779 1119 1813 τὴν
1140 1772 1235 1806 ἑαυτοῦ
1247 1779 1396 1816 τομώτατα
1410 1778 1504 1817 σοφίαν
1520 1776 1682 1816 βάλλοντος.

1109 1851 1152 1886 ιη’.
1180 1849 1353 1888 Προμηθείας
1382 1848 1410 1877 δὲ
1438 1849 1471 1883 ἧν
1502 1848 1551 1886 ἄρα
1580 1847 1725 1887 βασιλικῆς
1754 1848 1793 1884 μὴ
1814 1848 1896 1885 μόνον

1070 1895 1264 1933 περισώζισοαι
1290 1893 1355 1925 τοὺς
1381 1894 1578 1928 ὑπακούοντας,
1607 1891 1680 1920 ἀλλὰ
1706 1892 1753 1920 καὶ
1778 1902 1898 1930 προσεπ-

1070 1939 1156 1975 αύξειν
1178 1938 1286 1973 αὐτοὺς,
1303 1939 1340 1970 εἰς
1365 1939 1428 1966 ὅσον
1454 1938 1534 1976 χώρα
1554 1938 1665 1976 γίνεται.
1693 1936 1746 1966 Καὶ
1771 1934 1830 1964 ἔστι
1852 1936 1897 1964 καὶ

1069 1986 1149 2012 τοῦτο
1177 1983 1313 2011 ταλάντου
1336 1982 1514 2021 ιῦαγγελικοῦ
1540 1981 1768 2020 προσεπαύξησις,
1794 1982 1838 2009 ὅτι
1852 1981 1898 2009 καὶ

1069 2027 1258 2067 κληρονομίας
1294 2027 1365 2060 θείας
1395 2027 1563 2065 πρόσθεσις.
1593 2028 1682 2055 Τοῦτο
1709 2028 1790 2063 γοῦν,
1820 2025 1897 2063 εἲπιρ

1069 2071 1159 2110 ἕτερός
1182 2084 1225 2104 τις
1252 2075 1306 2100 τῶν
1327 2071 1452 2100 ἀνέκαθεν
1482 2072 1584 2110 χρόνου
1613 2069 1863 2109 βεϐασιλευκότων,
1884 2071 1898 2097 ὁ

1068 2120 1112 2145 νῦν
1140 2116 1333 2153 ἐπαινούμενος
1366 2116 1528 2153 ἐκτετέλεκε,
1559 2115 1704 2152 πληθύνων
1729 2115 1762 2142 τὸ
1786 2114 1898 2152 ἀγαθόν,

1069 2162 1117 2189 Καὶ
1134 2162 1185 2189 οὐκ
1209 2160 1263 2190 ἔπι
1289 2161 1411 2199 γλῶτταν
1434 2161 1519 2189 είπεῖν
1542 2159 1645 2194 ἔθνους,
1662 2161 1693 2195 ἢν
1716 2159 1747 2187 ού
1764 2160 1899 2197 παρὲμιξε

1067 2217 1102 2244 τῃ
1117 2207 1176 2234 καθ’
1191 2207 1264 2242 ἡμᾶς
1289 2205 1328 2237 εἶς
1354 2207 1505 2244 γρήσιμον.
1523 2206 1557 2234 Οἱ
1585 2205 1631 2241 μὶν
1655 2204 1707 2243 γὰρ
1723 2204 1761 2235 ὡς
1782 2204 1808 2231 ἐν
1824 2204 1898 2241 λόγῳ

1070 2251 1206 2287 μετοικίας
1231 2251 1280 2286 τήν
1306 2250 1345 2282 εἷς
1367 2252 1441 2286 ἡμᾶς
1464 2248 1636 2278 ἐστέλλοντο·
1652 2248 1698 2276 χαί
1723 2249 1897 2286 εὖρίσκοντις

1069 2296 1216 2323 ἀνάπαυσιν
1233 2295 1352 2330 ἑαυτοῖς,
1374 2295 1399 2322 οἱ
1423 2293 1452 2322 δὲ
1475 2297 1521 2322 καῖ
1547 2293 1642 2330 δώρων
1666 2290 1898 2329 ἐπιϐαλλόμενοι,

1067 2339 1116 2367 ὅσα
1130 2340 1160 2367 τὸ
1179 2338 1320 2377 βασιλικὸν
1347 2337 1540 2377 μεγαλόδωρον
1566 2338 1604 2369 εἷς
1628 2337 1772 2374 πλήσμιον
1794 2337 1897 2376 ἐχορή-

1067 2394 1119 2422 γει,
1133 2386 1181 2411 τοῦ
1207 2383 1396 2411 πλουτοποιοῦ
1421 2383 1529 2411 κόλπου
1546 2382 1679 2420 ἐγίνοντο,
1695 2383 1896 2420 μισθοφοροῦν-

1066 2439 1110 2459 τες
1128 2428 1175 2465 μὶν
1189 2429 1238 2463 τήν
1255 2427 1354 2465 ἀρχήν·
1373 2426 1414 2454 ὅτι
1431 2425 1460 2454 δὲ
1484 2427 1523 2459 εἰς
1542 2425 1684 2464 ἐνδελεχὲς
1698 2426 1730 2453 τὸ
1744 2428 1796 2453 τοῦ
1809 2425 1895 2453 πλού-

1065 2484 1114 2501 του
1126 2472 1212 2511 ῥεῦμα
1225 2471 1333 2502 τούτοις
1357 2471 1551 2510 ὲπλήμμυρεν,
1573 2471 1719 2507 οἰκήσιμον
1745 2470 1791 2497 καὶ
1820 2470 1895 2497 αὖτοί

1065 2519 1114 2553 τὴν
1144 2515 1306 2551 ἀλλοδαπὴν
1331 2515 1513 2553 ποιούμενοι,
1544 2515 1589 2544 καὶ
1613 2513 1729 2552 πατρίδα
1756 2513 1894 2552 κρίνοντες

1066 2563 1132 2590 εἶναι
1148 2564 1246 2596 πᾶσαν,
1271 2561 1297 2589 ἐν
1368 2560 1493 2593 εὐπαθεῖν
1520 2559 1696 2598 περιγίνεται.
1722 2558 1774 2586 Καὶ
1800 2559 1818 2594 ἡ
1847 2558 1893 2596 μὶν

1066 2606 1170 2635 παλαιᾶ
1193 2605 1299 2644 ἱστορία
1323 2605 1367 2633 καὶ
1394 2604 1501 2633 δούλων
1523 2604 1605 2633 πόλιν
1621 2604 1680 2632 τινὰ
1694 2603 1810 2641 προάγει
1826 2603 1892 2641 πρὸς

1065 2654 1174 2690 γνῶσιν·
1201 2651 1314 2683 ἐνταῦθα
1338 2648 1366 2677 δὶ
1391 2649 1435 2677 καὶ
1460 2652 1540 2677 τοῦτο
1569 2649 1757 2684 πεπλήθυνται
1786 2648 1820 2675 τὸ
1847 2658 1892 2675 κα-

1066 2696 1125 2724 λόν.
1156 2697 1312 2731 Ἄνθρωποι
1337 2695 1398 2733 γὰρ,
1425 2694 1471 2726 οὒς
1493 2695 1573 2731 φύσις
1595 2695 1642 2732 μὲν
1675 2691 1814 2729 ἐλευθέρια
1845 2694 1891 2728 ζῇν

1067 2742 1159 2779 ὥρισε,
1183 2740 1289 2778 νεύροις
1315 2738 1343 2767 δὲ
1371 2738 1494 2778 στερροῖς
1523 2738 1648 2774 ἐτόνωσε,
1677 2736 1723 2765 καὶ
1750 2735 1825 2767 ὅλως
1857 2735 1894 2766 είς

1066 2785 1173 2824 ἀνδρίαν
1188 2784 1337 2822 ἐστόμωσε,
1356 2783 1416 2822 βίου
1443 2783 1471 2811 δὲ
1494 2782 1595 2815 κύκλος
1612 2782 1655 2811 ἐπὶ
1671 2780 1798 2810 δουλείαν
1817 2780 1890 2818 οτρέ-

1066 2831 1128 2867 ψας,
1144 2830 1182 2861 εἴς
1211 2830 1261 2864 τὴν
1287 2830 1335 2856 τοῦ
1363 2827 1484 2868 μεγάλου
1513 2826 1714 2857 Κωνσταντίνου
1738 2826 1890 2864 περιήγαγο
