2021 3154
125 193 224 227 985,

539 193 740 224 MANUELIS
762 192 936 223 COMNENI
958 192 1158 224 LAUDATIO
1181 193 1388 225 FUNEBRIS.

1758 195 1817 225 986

126 256 246 294 (συχνοὺς
260 255 288 284 δὲ
311 257 357 284 καὶ
381 256 494 289 τούτους
519 258 586 292 αὕτη
608 257 778 292 πανδοκεύει,
794 258 839 286 καὶ
864 256 934 289 ο¹ίους

995 258 1133 286 dolebant
1141 259 1260 295 quidem
1271 260 1359 295 idque
1368 261 1496 295 tempore
1507 263 1669 296 opportuno
1681 261 1816 289 domina-

125 302 187 329 κατὰ
213 301 291 340 στίφη
316 301 361 329 καί
392 302 495 340 λόχους
529 303 573 330 καὶ
607 304 705 340 στίχας
743 303 937 340 συντάξασθαι),

125 346 231 374 ἐλύπουν
264 347 310 383 μὲν
333 347 377 384 (ἦν
402 347 495 385 καιρὸς
520 347 631 382 ἐκεῖνος)
651 349 682 375 τὸ
709 346 877 382 δεσποτικὸν,
895 358 939 383 με-

128 391 255 427 μνημένοι
283 390 351 418 κατά
376 391 421 418 τὸν
443 392 590 429 Ὁμηρικὸν
613 391 697 419 ’ίππον
717 395 768 427 τῆς
795 391 820 419 ἐν
850 393 938 430 τροιρῇ

125 436 297 470 ἀκοστήσεως,
328 435 372 463 καὶ
400 439 492 472 νομῶν
523 436 629 464 ἰκείνων
663 434 810 474 βαρϐάροις
834 436 938 472 καλῶν,

124 480 162 507 καὶ
182 482 234 507 τῶν
260 480 401 518 αὐτοφυῶν
426 481 473 508 κπὶ
498 481 710 519 ἀπαραποιήτωη
741 480 873 518 λοετρῶν,
890 480 939 508 ὅσα

124 526 180 557 τοὺς
203 523 386 564 βαρϐαρικοὺς
411 527 574 564 στρατιώτες
598 527 667 564 πρὸς
687 526 846 564 ἀμάλθακον
871 537 937 564 καρ-

124 570 203 607 τερίαν
230 570 410 608 ὑγραίνουσιν.
427 572 476 599 Ἦν
503 570 531 599 δὲ
546 572 641 603 αὐτοις
666 571 775 609 Θάτερος
803 573 850 608 μὲν
878 573 939 599 τοῖν

125 615 268 653 ὀφθαλμοῖν
295 613 376 642 οἶκοι·
395 616 409 643 ὁ
434 614 462 643 δὲ
483 616 579 647 Λοιπὸς
602 615 640 647 εἷς
655 615 801 654 φυγαδείαν
830 613 938 644 ἕϐλεπε.

123 659 171 687 Καὶ
193 659 253 698 χεὶρ
270 661 287 694 ἡ
305 659 352 696 μὲν
380 659 553 697 διεπράττετο
570 661 603 688 τὰ
618 660 741 695 δουλικὰ,
758 661 775 696 ἡ
794 659 823 688 δὲ
848 659 940 698 ξίφους

123 702 199 738 ἤθελε
227 702 396 741 δράττεσθαι,
428 704 454 732 εἷ’
476 705 518 736 τίς
552 716 605 732 που
632 706 676 733 καὶ
702 703 868 743 δριμύξεται,
894 705 938 732 καὶ

123 747 222 786 ὶγκόψει
244 749 276 776 τὸ
302 749 435 777 ἑκούσιον.
452 749 499 777 Καὶ
523 750 551 777 οξ
573 749 665 787 κύριοι
689 748 806 781 ἐντεῦθεν
835 749 885 776 οὐκ
908 748 938 776 ἂν

125 793 158 829 μὴ
173 793 216 820 καὶ
231 793 310 821 αὐτοὶ
327 793 433 828 δοῦλοι,
451 796 579 831 μενοῦνγε
599 795 643 822 καὶ
673 794 710 825 ὡς
737 793 875 830 τολμῆσαι
902 793 938 821 εἰ-

122 840 175 865 πεῖν
195 837 383 876 αἰχμάλωτοι,
405 838 536 876 ἀγόμενοι
561 838 609 875 μὲν
633 839 675 866 καὶ
692 839 848 878 φερόμενοι,
864 839 938 876 ἀρώ-

125 892 192 918 μενοι
209 881 246 916 δὶ,
264 882 306 910 ὅτι
320 883 456 914 τοιούτοις
472 886 566 914 κακοῖς
588 882 708 921 ἔχονται,
723 883 768 911 καὶ
792 884 938 914 ποθοῦντες

123 926 290 976 ἂπογενὲσθαξ
313 927 355 976 τὸ.
370 926 543 976 δυστύχημα.
569 927 741 976 Ἐξακούεται
768 927 813 955 οὗν
840 928 871 976 το
896 927 937 955 εὖ·
955 944 978 976 Β

124 973 219 998 κταῖον.
236 971 285 998 Καὶ
302 971 378 1003 εὐθὺς
393 970 469 1003 ἕλεος
485 971 515 999 ἐκ
540 971 673 1010 βασιλέως
698 972 742 1000 ἐπὶ
763 975 822 1003 τοῖς
851 971 938 1010 ἀμφό-

122 1025 203 1052 τερον,
225 1015 270 1043 καὶ
294 1014 466 1052 δεσπόζουσι,
482 1016 526 1044 καὶ
552 1015 721 1050 δουλεύουσι,
738 1017 783 1044 καὶ
808 1016 938 1054 θησαυροὶ

122 1058 252 1097 βασιλικοὶ
281 1060 467 1088 ἐκκενοῦνται·
498 1061 544 1088 καὶ
573 1061 598 1088 οἱ
628 1059 754 1088 δεσπόται
790 1062 932 1099 χαίρουσιν

119 1103 360 1141 ἀποσκευαζόμενοι
388 1105 420 1133 τὸ
449 1106 551 1145 φαῦλον
565 1105 709 1135 οἷκετικόν,
726 1106 774 1133 Καὶ
800 1106 831 1133 τὸ
847 1105 934 1134 ἐντεῦ-

118 1149 155 1176 θεν
182 1149 256 1177 αὐτοὶ
292 1150 338 1186 μὶν
368 1150 424 1178 ἀντὶ
458 1150 503 1187 μὶν
533 1149 639 1177 δούλων
668 1150 735 1184 ἦσαν
751 1151 782 1178 τὸ
811 1151 932 1190 φυσικὸν,

116 1193 167 1220 ἀντὶ
182 1191 209 1221 δὲ
225 1193 332 1230 ἀτίμων
349 1197 522 1231 στρατιῶται,
540 1195 571 1222 τὸ
598 1194 677 1234 φίλον
705 1194 827 1227 ἐκείνης’
844 1195 933 1222 οὐκέτι

116 1235 140 1263 δὲ
162 1239 209 1264 τοῦ
233 1237 347 1274 λοιποῦ,
361 1237 424 1265 ὅσον
443 1240 566 1266 τοιοῦτον
590 1238 689 1276 ἀχθείη
714 1238 810 1277 φῦλον,
826 1239 857 1266 τὸ
881 1242 932 1267 πᾶν

118 1281 162 1309 ὑπὸ
191 1280 335 1314 δεσπόταις
372 1282 416 1317 ἧν.
444 1282 523 1311 Ἀλλ’
552 1283 610 1310 ὅσοι
651 1283 697 1320 μὶν
735 1284 786 1311 οὐκ
818 1283 933 1321 εὐγενῶς

116 1325 247 1363 ιφρόνουν,
278 1324 399 1365 ἔπασχον
429 1327 510 1362 οὕτω,
542 1326 667 1355 δουλείαν
700 1328 833 1364 ἀτίμητον
862 1328 933 1367 ἤπερ

118 1372 159 1407 ζῇν
180 1371 247 1409 πρὸς
268 1370 350 1403 κλέος
377 1371 514 1407 ἑλόμενοι,
539 1371 610 1409 τάχα
641 1372 688 1409 μὶν
719 1372 847 1410 ἀγεννῶς,
863 1372 934 1410 τάχα

117 1413 320 1455 δζπρομηθείᾳ
341 1419 389 1444 τοῦ
416 1417 490 1454 βιοῦν
517 1415 655 1455 ἀσφαλῶς.
671 1417 718 1448 Οἷς
742 1416 770 1444 δὲ
792 1418 933 1455 στρατεύε-

118 1460 171 1487 σθαι
185 1461 217 1494 ἦν
231 1460 386 1497 ἐπιθυμεῖν,
399 1461 436 1491 εἷς
451 1461 546 1497 ὅμοιον
563 1460 676 1493 ἐκείνοις
690 1464 748 1493 τοῖς
771 1461 800 1488 ἐκ
825 1460 931 1490 δούλων

116 1505 287 1542 στρατιώταις
309 1504 442 1543 ἤρχοντο,
465 1506 590 1543 χρήμασι
627 1504 767 1542 δημοσίοις
791 1504 930 1542 λυόμενοι,

117 1549 156 1575 καὶ
173 1549 242 1586 ζώνῃ
267 1549 408 1588 στρατείας
431 1550 626 1586 κοσμούμενοι.
644 1550 692 1577 Καὶ
720 1547 815 1581 πόλεις
843 1549 932 1585 ἀπλή-

992 303 1114 336 tionem,
1133 312 1278 331 memores
1294 304 1360 340 equi
1386 304 1529 332 Homerici
1550 306 1652 340 instar,
1670 305 1768 333 hordei
1785 308 1815 334 et

993 356 1180 383 pascuorum,
1195 351 1223 376 et
1240 348 1410 376 balneorum
1436 350 1626 382 naturalium,
1643 359 1699 378 non
1721 351 1813 378 artiﬁ-

993 392 1123 427 cialium,
1140 393 1248 428 quibus
1272 393 1390 421 Barbari
1417 396 1447 421 ut
1468 394 1615 421 laboribus
1635 395 1814 430 perferendis

993 438 1151 465 assueﬁant
1167 439 1372 466 utuntur.Erat
1381 438 1561 474 autemipsis
1577 438 1725 466 oculorum
1738 448 1814 467 unus

993 482 1083 517 domi,
1111 482 1182 509 alter
1205 484 1303 518 fugam
1333 483 1606 519 circumspiciebat;
1623 491 1658 510 ex
1678 484 1814 512 manibus

994 535 1053 554 una
1066 525 1182 554 servilia
1198 527 1331 561 faciebat,
1347 527 1439 554 altera
1466 535 1566 556 ensem
1590 527 1705 555 volebat
1725 527 1814 556 strin-

993 579 1060 607 gere
1089 574 1190 598 contra
1218 571 1449 599 recalcitrantem
1476 574 1505 599 et
1532 572 1728 600 resistentem.
1755 572 1815 600 Huc

993 615 1067 644 adde
1082 616 1159 651 quod
1176 616 1298 649 domini,
1315 625 1371 644 non
1388 616 1581 652 servi,captivi
1601 617 1656 644 huc
1671 616 1741 644 illuc
1752 625 1814 644 cur-

993 664 1090 688 rentes
1103 663 1131 688 et
1150 660 1221 688 diris
1238 661 1356 689 vocibus
1382 663 1537 697 querentes
1560 661 1638 697 quod
1660 663 1702 689 tot
1728 661 1814 688 malis

992 707 1177 737 vexarentur,
1202 706 1310 741 quibus
1335 706 1450 733 liberari
1480 706 1705 739 desiderabant;
1736 706 1813 741 quod

993 752 1092 777 votum
1117 750 1221 777 deinde
1243 750 1417 784 exauditur;
1434 752 1463 778 et
1484 750 1637 778 confestim
1663 749 1813 777 miseratio

993 794 1135 829 utrisque,
1152 794 1280 822 dominis
1295 803 1329 822 ac
1344 795 1445 829 servis,
1463 794 1607 830 regiaeque
1622 793 1814 822 liberalitates

991 838 1161 873 afﬂuebant,
1178 841 1206 866 et
1221 839 1332 866 domini
1346 839 1513 875 gaudebant
1528 839 1604 875 quod
1621 839 1713 867 servis
1728 838 1814 866 malis

993 882 1108 911 liberati
1122 886 1229 911 essent.
1252 884 1354 920 Itaque
1381 884 1531 912 servitutis
1559 883 1620 911 loco
1649 883 1812 911 secundum

993 929 1127 955 naturam
1143 930 1226 956 erant
1240 936 1274 955 ex
1299 928 1470 956 hominibus
1484 927 1591 955 vilibus
1606 927 1673 955 facti
1694 926 1813 961 milites,

994 973 1071 1007 quod
1087 972 1158 1008 ipsis
1174 975 1290 1008 gratum
1307 975 1379 1006 erat,
1391 980 1448 1000 non
1464 972 1591 1008 amplius
1606 979 1708 1000 omnes
1724 972 1753 999 in
1765 971 1813 999 do-

993 1016 1140 1044 minorum
1156 1019 1300 1053 potestate
1315 1017 1501 1053 languebant.
1519 1016 1626 1044 Omnes
1650 1018 1746 1044 autem
1762 1016 1812 1051 qui

989 1069 1045 1088 non
1063 1060 1197 1089 liberales
1213 1070 1243 1089 se
1258 1062 1406 1098 gerebant,
1421 1061 1477 1088 ista
1488 1060 1674 1097 patiebantur
1688 1060 1810 1088 servitu-

989 1108 1046 1133 tem
1064 1106 1126 1133 sine
1142 1106 1251 1134 bonore
1259 1106 1324 1134 vitae
1339 1114 1405 1134 cum
1422 1105 1515 1142 gloria
1526 1108 1727 1142 praeponentes
1736 1101 1810 1133 forte

988 1150 1086 1178 indole
1100 1159 1186 1186 prava
1202 1151 1369 1184 ducti,forte
1384 1151 1453 1187 quia
1465 1151 1548 1179 aliter
1557 1152 1651 1178 vivere
1667 1159 1750 1186 posse
1761 1151 1811 1178 de-

988 1195 1154 1230 sperabant.
1182 1196 1234 1228 Qui
1259 1199 1355 1224 autem
1383 1199 1477 1224 castra
1506 1196 1590 1232 sequi
1618 1195 1762 1228 volebant,
1779 1197 1812 1223 ut

989 1239 1098 1267 milites
1115 1239 1164 1275 qui
1181 1243 1265 1268 antea
1279 1241 1355 1268 servi
1377 1240 1503 1273 fuerant,
1519 1240 1705 1273 obediebant,
1722 1247 1811 1275 pecu—

989 1284 1039 1312 nia
1055 1284 1170 1320 publica
1200 1285 1342 1321 redempti
1369 1288 1397 1313 et
1422 1285 1518 1312 balteo
1535 1285 1656 1312 militari
1671 1284 1807 1313 accincti.

989 1329 1110 1356 Urbium
1127 1329 1217 1365 igitur
1231 1329 1332 1357 incola
1348 1329 1412 1356 vitae
1425 1330 1608 1356 conditiones
1624 1328 1737 1356 oblatas
1753 1337 1813 1356 am-

989 1374 1064 1410 plexi
1093 1383 1277 1402 successores
1303 1374 1450 1402 habebant
1478 1374 1648 1402 auctoritati
1676 1373 1762 1409 regiae
1781 1381 1812 1400 se

988 1419 1211 1453 submittebant,
1230 1427 1286 1446 non
1304 1419 1379 1446 sicut
1404 1419 1500 1455 Sparti
1517 1419 1592 1446 inter
1607 1418 1721 1446 Graecos
1736 1417 1811 1445 cele-

988 1463 1118 1496 berrimi,
1136 1472 1208 1498 quos
1224 1463 1322 1490 fabula
1345 1472 1360 1490 e
1384 1466 1461 1490 terra
1483 1465 1640 1499 prognatos
1654 1463 1741 1496 dicit;
1759 1462 1808 1490 sed

989 1507 1080 1535 avulsi
1096 1516 1111 1534 a
1128 1507 1221 1543 patria
1236 1508 1263 1534 in
1281 1510 1412 1534 nostram
1429 1508 1574 1543 regionem
1592 1506 1810 1542 transplantati,

988 1552 1101 1578 fructus
1116 1551 1247 1579 tulerunt
1260 1551 1414 1579 salutares.

113 1602 204 1630 ρωσαν,
232 1595 278 1622 καὶ
318 1595 428 1632 ιὶρμῷ·
459 1594 662 1630 συνεπλάκησαν
706 1595 778 1633 βίου,
805 1595 849 1622 καὶ
888 1594 1007 1633 δαδοχὰς
1036 1594 1196 1630 ἰπλήθυναν,
1224 1595 1267 1622 καὶ
1296 1595 1344 1629 τήν
1375 1593 1519 1632 βασιλικὴν
1549 1594 1705 1632 προσθήκην
1736 1592 1812 1620 ἐθαυ-

114 1637 258 1673 μᾶστωσαν,
290 1637 321 1666 οὐ
349 1638 417 1667 κατὰ
448 1638 512 1670 τοὺς
543 1638 682 1677 Σπαρτοὺς
712 1638 856 1678 ἀναφύντες
885 1639 1045 1676 αὐτόματοι,
1077 1639 1121 1678 ἀφ’
1147 1641 1180 1674 ἧς
1207 1638 1236 1666 δὲ
1265 1639 1471 1676 ἐξεσπάσῦησαν,
1501 1639 1739 1678 μεταφοτευθέντες
1772 1637 1810 1668 εἷς

110 1681 153 1715 τήν
164 1683 222 1710 καθ’
234 1683 312 1720 ἡμᾶς
326 1685 387 1721 γῆν,
402 1681 447 1710 καὶ
462 1682 565 1720 καρπὸν
581 1681 760 1715 ὲκδεδωκότες
775 1682 920 1722 τρόφιμον.

143 1835 182 1863 ιθ’.
206 1835 246 1864 Τὸ
286 1834 315 1863 δὲ
343 1836 509 1874 καινότερον,
539 1835 585 1864 καὶ
619 1834 717 1873 ἄνδρας
748 1835 851 1863 τούτων
890 1835 967 1872 ἔτιρ

111 1877 213 1910 πλείους
243 1879 275 1907 ἐκ
317 1879 380 1916 πρὶν
419 1879 578 1917 ἀρχεκάκων
625 1879 780 1916 μεταγαγὼν
825 1879 931 1916 ἀμύνης

113 1920 180 1961 λόγῳ
208 1923 252 1951 ἐπὶ
274 1923 309 1951 τὰ
330 1919 480 1960 Ῥωμαϊκὲι,
502 1926 542 1960 τῷ
566 1923 675 1951 ἐκείνων
699 1923 788 1961 ἀγρίῳ
814 1924 845 1951 τὸ
873 1924 933 1956 καθ’

112 1967 177 2002 ἡμᾶς
196 1968 302 2007 ⁴ἥμερον
327 1967 515 2006 ἐνεκέντρισεν,
531 1968 576 1995 καὶ
599 1967 637 1999 εἰς
661 1969 839 2006 χρηστότητα
868 1978 931 2004 μετ-

112 2012 239 2048 ιποίησεν,
264 2014 298 2048 ἣν
325 2013 396 2043 θεῖος
420 2011 450 2039 ἂν
482 2011 645 2050 παράδεισος
671 2012 857 2047 οΐκειώσηται.
881 2012 930 2040 Καὶ

111 2056 137 2083 οὐ
148 2056 216 2094 λέγω
234 2055 336 2094 μὸνους
350 2057 414 2089 τοὺς
428 2057 457 2084 ἰκ
479 2060 528 2092 τῆς
543 2057 655 2094 χέρσου,
670 2055 734 2087 τοὺς
760 2059 810 2091 τῆς
831 2057 930 2094 Ἅγαρ,

109 2100 136 2128 τὸ
162 2102 306 2137 Σκυθικὸν,
321 2102 353 2130 τὸ
384 2102 540 2135 ὶΙοιιονικὸν,
563 2101 626 2134 τοὺς
652 2101 717 2138 ὑπὲρ
743 2101 857 2139 Ἴστρον,
885 2101 930 2128 καὶ

110 2145 175 2178 ὅσοις
207 2148 359 2187 ἀκραιφνὴς
390 2147 491 2186 βορρᾶς
517 2147 642 2175 ἐπιπνεῖ·
668 2146 741 2175 ἀλλά
772 2146 816 2174 καὶ
850 2146 930 2178 ὅσους

110 2190 136 2218 ἐκ
158 2192 296 2227 θαλάσσης
325 2190 510 2230 πολυτρόπως
539 2192 725 2230 ἠγκίστρευσε.
755 2192 804 2219 Καὶ
840 2202 932 2218 συντε-

110 2233 182 2263 λοῦσι
202 2236 247 2264 καὶ
271 2236 347 2264 αὐτοὶ
370 2239 429 2267 ταῖς
451 2237 599 2275 ἡμετέραις
622 2236 733 2264 πόλεσιν
763 2235 800 2268 εἷς
825 2236 934 2271 οἰκήτο-

112 2289 162 2316 ρας.
179 2281 228 2308 Καὶ
258 2280 330 2309 ἔστιν
356 2280 470 2308 ἐνταῦθα
491 2280 671 2308 πολλαπλοῦν
695 2281 727 2308 τὸ
747 2281 843 2317 σεμνὸν
860 2279 931 2319 ἤπερ

110 2324 138 2351 τὸ
162 2325 204 2353 ἐπὶ
229 2326 340 2364 Μάγνου
367 2325 515 2362 Πομπηίου
539 2325 796 2363 καθιστορούμενον,
820 2325 849 2356 ’ὸς
874 2325 931 2353 ἐπι-

112 2367 252 2406 λεξάμενος
282 2369 364 2398 πόλιν
395 2370 476 2407 ἑῴαν,
502 2369 588 2398 ἐκεῖσε
616 2370 679 2401 τοὺς
706 2370 850 2408 περισσοὺς
878 2372 931 2398 τῶν

111 2417 240 2452 πειρατῶν
265 2415 421 2451 συνῴκισεν,
435 2414 514 2446 ὅσους
544 2413 611 2449 δεῖν,
636 2413 727 2454 φασὶν,
756 2413 824 2452 ἔγνω
847 2425 934 2450 σωτη-

112 2457 165 2494 ρίας
179 2460 314 2496 ἠξιῶσθαι
342 2459 388 2486 καὶ
415 2459 544 2497 προνοίας
566 2459 652 2490 τινός.
668 2458 700 2486 Et
726 2461 789 2497 γοῦν
810 2459 933 2496 ἱστορίας

110 2501 177 2537 ἄξιον
201 2505 233 2531 τὸ
267 2507 331 2540 μιᾶς
359 2503 467 2535 πόλεως
495 2503 664 2542 ἀγαθὸν,τίς
681 2503 731 2531 οὐκ
754 2503 784 2531 ἃν
814 2504 933 2542 συγγρά-

109 2548 183 2583 ψαι-το
199 2549 229 2576 τὸ
245 2547 391 2587 πολύχουν
407 2549 450 2576 καὶ
475 2547 594 2580 πολλαῖς
619 2548 792 2586 ἆπιμερισθὲν
818 2547 929 2582 ﬁdlem;

111 2591 194 2628 Τίμή
210 2592 287 2630 λέγω
307 2593 339 2620 τὸ
366 2595 471 2629 μεῖζον,
487 2594 524 2624 ὡς
549 2591 663 2630 οὐδεμία
685 2595 740 2620 τῶν
767 2594 817 2624 τῆς
841 2592 931 2620 οἷ’κου-

113 2636 190 2671 μένης
220 2637 329 2665 πόλεων
356 2637 531 2675 ἀνοργίαστος
555 2639 603 2665 τοῦ
631 2641 680 2672 τῆς
710 2636 932 2674 Μεγαλοπόλεως

110 2678 238 2716 ἐξέπιπτεν
266 2680 377 2719 ἔρωτος,
401 2684 450 2709 τοῦ
479 2681 567 2710 καλοῦ
595 2681 729 2720 βασιλέως
751 2681 854 2709 ἐκείνου
882 2681 930 2713 τὰς

111 2725 250 2762 φιλητικὰς
276 2725 434 2766 ἐπαφιὲντος
463 2727 578 2758 άπάσαις
604 2726 789 2765 ’ίυγγας;Καὶ
817 2726 850 2761 ἧν
874 2725 932 2761 bigi-

112 2779 157 2806 στῃ
172 2769 285 2808 φίλτρον
311 2770 496 2809 ἦγκαθήμενον
522 2769 705 2810 ὑπερϐάλλον,
723 2770 802 2799 ποίαν
821 2771 835 2797 ὁ
851 2769 930 2798 αὐτο-

111 2815 214 2851 κράτωρ
243 2817 297 2843 τῶν
327 2814 435 2843 πόλεων
464 2816 571 2854 στέρξας
596 2816 634 2848 εἰς
649 2815 818 2854 φιλουμὲνην
834 2814 930 2853 ἐγγρά.

1022 1837 1065 1866 19.
1083 1838 1236 1874 lnterjecto
1252 1838 1357 1866 deinde
1371 1840 1503 1874 tempore
1518 1838 1596 1865 vivos
1613 1837 1712 1874 plures
1727 1846 1761 1865 ex
1771 1837 1810 1866 iis

987 1882 1036 1918 qui
1053 1883 1133 1918 prius
1148 1882 1248 1910 hostes
1264 1883 1378 1910 fuerant
1391 1883 1526 1910 vindictaa
1538 1891 1626 1910 causa
1641 1884 1741 1910 contra
1755 1883 1810 1910 Ro-

986 1935 1076 1954 mzeos
1091 1927 1175 1954 duxit
1190 1930 1219 1955 et
1233 1935 1333 1955 eorum
1346 1927 1524 1955 ferocitatem
1537 1927 1566 1955 in
1577 1936 1640 1955 eam
1653 1935 1742 1963 quam
1756 1935 1811 1955 nos

985 1979 1165 2006 exercemus,
1195 1972 1452 2000 mansuetudinem
1485 1972 1688 2007 commutavit,
1715 1974 1743 2000 et
1769 1971 1812 1999 sic

986 2018 1095 2043 terram
1112 2018 1242 2043 nostram
1272 2017 1302 2043 in
1333 2016 1504 2052 paradisum
1528 2016 1759 2044 transformavit.
1776 2016 1812 2043 Et

985 2068 1043 2087 non
1060 2059 1139 2087 solos
1164 2060 1342 2087 continentis
1372 2059 1508 2088 homines
1523 2060 1654 2092 nomino,
1677 2062 1811 2095 posteros

985 2105 1071 2140 Agar,
1088 2103 1222 2140 Scythas,
1237 2104 1318 2131 Ponti
1334 2104 1454 2137 incolas,
1472 2104 1536 2132 Istri
1553 2104 1678 2138 accolas,
1695 2105 1724 2130 et
1743 2102 1810 2138 qui-

985 2148 1041 2175 bus
1053 2148 1158 2176 Boreas
1175 2148 1299 2184 frigidus
1324 2148 1426 2183 spirat,
1452 2149 1502 2176 sed
1531 2155 1634 2176 omnes
1649 2147 1755 2175 Oceani
1769 2146 1809 2181 pi-

985 2195 1124 2225 scatores,
1140 2192 1190 2228 qui
1207 2191 1346 2228 paulatim
1361 2192 1446 2220 urbes
1462 2201 1578 2228 quoque
1594 2194 1712 2220 nostras
1728 2191 1809 2218 inco-

985 2236 1045 2264 lere
1056 2239 1216 2273 coeperunt.
1246 2237 1373 2264 Historia
1398 2236 1492 2264 multa
1519 2236 1650 2272 quidem,
1667 2236 1718 2264 sed
1734 2235 1811 2262 inter

986 2281 1044 2308 alia
1058 2281 1086 2308 id
1103 2289 1220 2318 quoque
1245 2282 1342 2312 refert,
1360 2281 1529 2316 Pompeium
1553 2282 1690 2317 Magnum
1708 2279 1810 2307 urbem

986 2325 1161 2354 Orientalem
1179 2326 1283 2362 piratis
1294 2334 1368 2361 quos
1383 2334 1415 2353 eo
1431 2326 1569 2353 beneficio
1580 2325 1683 2360 dignos
1696 2323 1810 2359 habuit,

986 2369 1170 2398 incolendam
1201 2370 1368 2398 tradidisse.
1399 2370 1480 2402 Quod
1510 2369 1534 2398 si
1569 2369 1692 2397 historia
1721 2368 1810 2396 unius

987 2415 1068 2442 urbis
1084 2415 1192 2442 bonam
1215 2414 1291 2442 hanc
1315 2415 1461 2442 fortunam
1485 2422 1646 2442 memorare
1661 2414 1809 2450 dignatur,

987 2460 1053 2495 quis
1073 2468 1129 2487 non
1157 2467 1228 2493 rem,
1259 2467 1346 2495 quam
1376 2458 1476 2486 multae
1505 2459 1592 2487 urbes
1622 2458 1809 2495 participant,

987 2503 1080 2532 relatu
1105 2504 1225 2540 dignam
1246 2503 1415 2540 putaverit?
1438 2503 1607 2531 Addiderim
1623 2504 1711 2532 etiam
1732 2503 1810 2540 quod

986 2548 1069 2576 nulla
1096 2550 1178 2577 terrea
1216 2548 1319 2576 civitas
1349 2556 1406 2576 non
1441 2547 1556 2577 initiata
1585 2557 1699 2584 magna:
1729 2548 1811 2576 urbis

986 2601 1116 2621 amorem
1125 2592 1250 2629 perdidit
1261 2593 1316 2620 sub
1328 2601 1416 2628 regno
1424 2591 1810 2628 imperatoris,blandissimi

985 2636 1392 2674 gubernatorisﬂnaquaaque
1409 2637 1517 2666 amoris
1529 2638 1705 2665 incentivam
1724 2636 1811 2663 habe-

985 2682 1045 2717 bat,
1061 2691 1149 2718 quam
1166 2682 1326 2717 imperator
1340 2690 1375 2708 ex
1390 2683 1502 2710 caeteris
1526 2683 1651 2710 urbibus
1666 2680 1722 2709 sibi
1738 2679 1809 2707 dile-

985 2729 1062 2754 ctam
1080 2727 1228 2763 professus
1245 2728 1309 2759 est;
1326 2734 1428 2754 omnes
1443 2729 1588 2760 autem,ut
1602 2724 1776 2754 euburbium
1794 2732 1810 2751 a

986 2780 1093 2808 magna
1106 2771 1232 2805 civitate,
1250 2773 1359 2798 craterae
1374 2780 1391 2798 a
1406 2773 1507 2799 nostra
1522 2771 1699 2807 pendebant,
1714 2768 1756 2796 ita
1766 2770 1809 2795 ta-

987 2824 1054 2844 men
1071 2818 1101 2843 ut
1116 2815 1291 2849 subsistant,
1307 2817 1407 2843 nostra
1430 2819 1527 2843 autem
1556 2815 1642 2842 hodie
1662 2814 1811 2841 destructa

113 2859 194 2895 ψεται.
224 2859 275 2887 Καὶ
301 2861 350 2888 ὅσα
373 2859 417 2888 καὶ
458 2860 656 2899 μητροπόλεως
689 2858 852 2899 περιοικίδες
880 2863 931 2896 τῆς

989 2861 1089 2897 iaceat,
1105 2862 1134 2888 et
1143 2867 1269 2896 quorum
1285 2859 1367 2888 nulla
1381 2868 1459 2888 nunc
1474 2859 1597 2896 vestigia
1611 2859 1773 2887 remanent.
