2026 3156
141 212 199 242 989

568 211 768 242 MANUELIS
790 209 964 240 COMNENI
988 207 1186 239 LAUDATIO
1207 206 1414 237 FUNEBRIS.

1783 206 1842 236 990

144 278 273 314 μαθόντες
288 278 314 305 οἱ
328 279 459 312 τοιοῦτοι,
476 278 521 305 καὶ
550 278 592 305 οἵα
620 276 762 314 ἐπάγεσθαι
790 275 852 307 τοὺς
882 274 959 303 ἀκού-

1019 282 1083 310 συω
1099 272 1280 301 audientium
1296 280 1383 301 aures
1398 280 1514 301 movere
1533 275 1663 309 possent,
1679 281 1694 302 e
1708 272 1781 301 locis
1796 281 1840 301 re-

142 333 231 357 οντας,
248 322 359 350 κατόπιν
375 326 426 357 τῆς
450 322 534 357 ἀκοῆς
563 321 589 357 ἐξ
618 321 689 349 οὕτω
717 320 895 360 πορῥωτάτου
925 320 962 348 εἲ-

142 377 236 396 ποντο.
252 368 287 394 "H
301 378 330 395 τε
357 368 409 405 γάρ
439 368 518 404 φήμη
544 367 647 398 ἀνέτοις
673 369 783 403 πτεροῖς
814 365 962 402 διίπταται,

142 412 186 438 καὶ
202 413 219 446 ἡ
236 410 386 450 παραδοξία
413 414 466 438 τῶν
488 411 684 450 φημιζομένων
709 410 876 450 ἐπιστρέφειν
907 409 963 437 οἶδε

140 455 205 486 τοὺς
229 455 461 494 φιλακροάμονας.
486 456 520 484 Ὃ
545 454 574 483 δὲ
588 456 638 490 τήν
658 457 706 482 τοῦ
721 454 867 493 μεγαλείου
883 453 963 491 αὔξην

141 500 285 539 ἐκορόφου,
308 502 388 527 τοῦτο
412 501 455 534 ἦν·
482 500 526 530 Ὡς
542 499 706 535 ἐληλυθότες
721 499 828 536 ἐκεῖνοι,
852 500 896 527 καὶ
925 500 964 530 οἶς

141 543 241 580 ἔμαθον
266 544 511 582 περιτετυχηκότες
542 542 693 572 ἐκϐαίνουσι
723 544 792 582 πρὸς
821 543 962 579 ἀλήθειαν,

141 589 260 625 ἀπῄεσαν
305 588 459 627 διαπρύσιοι
502 590 630 627 κήρυκες,
673 586 879 625 ἀναϐοκῖιμενοι,
922 588 962 616 ὅτι

141 633 263 672 Καθάπερ
285 633 451 670 ἠκούσαμεν,
478 633 549 662 οὕτω
573 634 617 662 καὶ
642 633 760 670 εἴδομεν·
790 633 835 660 καὶ
851 633 882 660 οὖ
914 633 963 669 μό-

139 687 196 712 νον,
225 678 298 706 ἀΛλά
326 678 370 706 καὶ
396 680 525 716 γέμοντες
553 679 691 715 θαύματος
716 678 759 706 ἐπὶ
777 678 890 715 μακρὸν,
918 678 964 705 καὶ

140 724 174 759 τῇ
191 722 369 759 φαντασιώδει
399 723 566 758 ἀναπολήσει
595 723 628 750 τὰ
657 723 810 758 ἐκπλῆττον
837 720 962 759 παράμο-

1019 318 1107 346 motis
1121 319 1320 346 accurreruut.
1340 317 1426 346 Laxis
1454 317 1531 345 enim
1548 318 1602 346 alis
1619 318 1697 345 fama
1709 317 1797 352 volat,
1813 320 1842 346 et

1019 363 1123 391 raritas
1135 370 1236 390 eorum
1246 370 1309 399 quae
1321 370 1437 390 rumore
1448 364 1628 398 sparguntur
1641 363 1840 391 studiosorum

1019 408 1133 437 animos
1149 407 1295 435 attrahere
1310 407 1393 435 solet.
1405 407 1486 441 Quod
1499 409 1598 435 autem
1627 408 1691 443 ejus
1714 407 1841 436 auctori»

1017 455 1107 481 tatem
1124 451 1205 480 auxit
1220 452 1274 479 hoc
1287 456 1341 479 est.
1366 451 1420 479 Ubi
1433 451 1475 479 illi
1496 452 1612 480 advenas
1629 452 1840 487 perscrutando

1018 498 1177 534 aliquando
1206 496 1356 524 veritatem
1387 496 1484 532 adepti
1513 498 1592 530 sunt,
1622 504 1769 532 praecones
1784 495 1841 524 ﬁde

1020 542 1096 578 pleni
1112 541 1330 570 clamaverunt:
1355 541 1431 569 sicut
1447 541 1623 575 audivimus,
1640 541 1681 569 ita
1693 541 1840 575 vidimus;

1019 587 1069 615 sed
1081 589 1109 614 et
1120 586 1270 614 miraculis
1285 585 1387 613 conﬁsi
1405 588 1556 622 stuporem
1571 586 1601 612 in
1617 585 1715 614 animo
1738 593 1841 621 perpe-

1019 635 1102 660 tuum
1122 633 1304 666 conservant,
1322 630 1482 667 praesertim
1499 631 1617 666 quando
1633 631 1840 665 Imperatorem

1018 677 1154 705 laudibus
1172 677 1307 704 efferrent
1322 676 1372 712 qui
1389 683 1447 703 non
1464 675 1641 702 intrinsecus
1667 674 1773 709 solum,
1789 675 1840 702 sed

1018 723 1200 750 extrinsecus
1215 729 1333 757 quoque
1348 720 1537 757 splendescit.

140 777 185 794 νον
201 768 337 806 φέροντες,
355 768 399 795 καὶ
414 767 531 804 μᾶλλον,
549 768 593 796 ὅτε
607 768 652 796 τὸν
667 767 732 796 ὅλον
750 767 863 806 βασιλέα
878 767 904 794 ἐν
920 765 1043 804 καρδίαις
1058 763 1216 801 ἀνεϐίϐαζον
1233 764 1466 803 διαλογιζόμενοι,
1483 765 1513 796 ὃς
1529 764 1560 792 οὐ
1574 767 1634 795 τοῖς
1648 763 1722 795 ἐντός
1745 762 1837 800 μόνον,

139 810 184 838 καί
198 811 248 839 ὅσα
262 812 365 850 καίρια,
380 812 424 839 καὶ
439 815 488 840 τοῦ
504 812 589 843 οὕτως
606 812 760 850 ἀνθρώπου,
777 811 849 840 ἀλλὰ
864 812 908 839 καὶ
923 814 981 843 τοῖς
998 811 1216 850 ἐπιφαινομένους
1231 809 1402 848 προέλαμπε.

173 901 375 938 κγ’.Μεγέθους
403 902 449 939 μὲν
476 902 528 940 γὰρ
558 900 654 936 ἐπέϐη,
671 903 736 940 ὅπερ
752 901 779 929 εἷ’
791 912 831 933 τις
863 902 961 939 ὑπερα-

138 944 247 981 ναϐαίη,
276 945 473 984 ἐγγραφήσεται
499 947 535 978 ὡς
561 947 599 978 εἷς
614 946 736 985 γίγαντα’
764 946 809 974 καί
835 947 853 981 ἡ
882 946 960 979 φύσις

139 989 233 1021 ἄλλως
256 990 336 1019 αὐτὸν
361 992 378 1027 ἢ
404 993 472 1020 κατὰ
496 991 558 1024 τοὺς
580 991 696 1023 λοιποὺς
724 991 892 1029 ἐστερέωσεν,
923 991 960 1022 εἰς

140 1035 268 1063 ὀστέωσιν
293 1035 375 1073 ἁδρὰν
401 1035 445 1064 καί
469 1037 506 1068 ὡς
527 1036 610 1064 εἰπεῖν
625 1035 764 1071 λεοντώδη
795 1035 963 1068 ἃπευθόνασα

140 1079 253 1115 ἑαυτήν·
280 1081 318 1113 ὡς
341 1081 418 1116 εἶναι,
445 1084 505 1112 τοῖς
528 1081 711 1119 ἀκρωτηρίοις
741 1079 963 1117 ἐπεντρανίσαντά

139 1134 198 1151 τινα
226 1126 328 1152 τοιαῦτ’
354 1126 419 1153 εἶναι
449 1125 561 1161 ἀληθῶς
587 1127 799 1164 ἀποφήνασθαι,
834 1125 868 1153 τὰ
895 1124 962 1152 κατὰ

138 1168 268 1205 φυσικοὺς
307 1169 448 1206 γνώμονας
481 1171 529 1206 τὴν
562 1169 691 1208 ἀνδρικὴν
726 1169 962 1208 χαρακτηρίζοντα

135 1212 346 1251 ῥωμαλεότητα”
368 1216 408 1245 οἷς
436 1214 558 1252 ἀνάλογα
582 1214 626 1242 καὶ
648 1225 681 1242 τα
703 1217 757 1242 τῶν
785 1213 959 1242 διαστάσεων.

137 1256 270 1289 Ἐντεῦθεν
306 1257 366 1285 οὐδὲ
398 1261 503 1295 σαρκῶν
540 1259 617 1286 αὐτὸν
661 1256 773 1295 ἐϐάρυνε
808 1258 959 1296 περιουσία,

137 1300 343 1338 ἐπαχθιζομένη
377 1303 444 1339 πρὸς
472 1303 652 1341 περιττότητα
672 1305 713 1338 τῷ
741 1313 770 1330 τε
794 1302 834 1329 ἀεὶ
863 1312 962 1340 γυμνα-

137 1348 230 1382 στικῷ,
246 1346 437 1384 ἀπερχομένου
452 1350 499 1374 τοῦ
521 1347 728 1382 πλεονάζοντος,
754 1347 798 1374 καὶ
827 1346 868 1374 ὅτι
899 1347 958 1384 περὶ

137 1390 182 1417 τὸν
208 1390 244 1422 ὡς
270 1390 381 1426 ἀληθῶς
404 1391 545 1429 ἄνθρωπον
562 1392 706 1430 ήσχόλητο
718 1393 751 1419 τὰ
765 1395 815 1426 τῆς
845 1390 959 1431 φύσεως.

138 1434 189 1462 Καὶ
212 1435 243 1462 τὸ
266 1435 313 1472 μὲν
337 1436 473 1474 πελώριον
497 1437 653 1473 ᾠκειώσατο
678 1436 720 1464 ἐπ’
743 1436 825 1472 αὐτῷ·
851 1436 959 1463 ἀπώσα-

137 1490 168 1507 το
185 1478 213 1507 δὲ
231 1480 262 1507 τὸ
288 1481 426 1518 βουγάϊον.
452 1481 555 1510 Οὐκοῦν
580 1480 736 1512 ἀκολούθως
753 1479 815 1508 οὐδὲ
837 1481 886 1515 τὴν
913 1480 959 1507 κό-

141 1535 195 1560 μην
228 1525 295 1562 πρὸς
319 1525 507 1562 τρυφερότητα
530 1525 646 1560 ἤσκητο·
677 1525 741 1553 ἀλλ’
769 1525 807 1556 εἰς
837 1525 959 1563 κεφαλήν

138 1568 243 1605 κόσμου
267 1569 397 1606 τημελῶν
422 1570 526 1606 ἑαυτὸν,
548 1569 592 1597 καὶ
607 1570 752 1607 τυγχάνων
777 1571 825 1596 τοῦ
854 1569 958 1608 los-toﬁ,

137 1611 279 1647 ιύθετίζειν
314 1613 412 1652 τρίχας
436 1613 583 1652 ἐμέμφετο.
607 1612 679 1649 ’Ἡδη
706 1612 734 1640 δὲ
757 1614 801 1640 καὶ
824 1614 842 1648 ἡ
871 1613 959 1640 θεόθεν

137 1657 219 1696 σοφία
243 1660 294 1692 τῆς
323 1657 426 1696 φύσεως
449 1659 480 1686 τὸ
507 1658 618 1685 ἐνταῦθα
641 1657 714 1685 πολὺ
728 1659 776 1693 τῆς
793 1657 862 1693 ὕλης
890 1667 958 1695 προ-

137 1699 300 1729 σδαπανῶσα
309 1705 367 1733 τοῖς
378 1702 592 1740 κρείττοσιν,οὐκ
599 1701 682 1738 ἤθελε
689 1705 724 1739 τῇ
733 1702 806 1739 κόμῃ
818 1704 959 1740 χοῖνεργε-
973 1699 996 1732 C

136 1746 167 1773 τὸ
185 1745 348 1784 ὑπέρπλεον,
364 1748 382 1782 ἡ
400 1748 470 1783 μηδὲ
484 1747 528 1775 τὸν
552 1746 767 1785 βασιλικώτατον
784 1745 879 1774 λέοντα
892 1756 961 1774 πυκ-

137 1793 219 1818 νοῠσα
232 1791 336 1830 τριχῶν
350 1791 504 1827 λασιότητι.

173 1881 221 1911 κδ’.
240 1883 282 1919 Τῇ
307 1881 335 1909 δὲ
357 1883 470 1920 τοιαύτῃ
495 1883 640 1919 σεμνότητι
664 1882 708 1910 καὶ
730 1883 761 1910 τὸ
788 1885 838 1916 τῆς
863 1885 960 1920 χροιᾶς

138 1927 221 1954 καλὸν
245 1926 394 1961 συνδιῆκεν.
422 1928 460 1956 Οὐ
486 1928 536 1965 γὰρ
563 1927 742 1966 θηλυπρεπής
773 1926 904 1962 λευκότης
929 1927 959 1954 τὸ

139 1971 284 2009 πρόσωπον
307 1971 428 2010 ἔγραφεν,
452 1972 516 2000 ἀλλ’
533 1973 636 2012 εὐφυῶς
663 1973 814 2011 μιγνυμένη
837 1972 904 2009 πρὸς
928 1971 959 1998 τὸ

139 2015 273 2054 ἀνδρῶδες
286 2016 486 2054 ἐκέκρατος,καὶ
498 2018 540 2053 (τὸ
552 2021 602 2052 τῆς
615 2017 732 2049 παλαιᾶς
747 2017 877 2053 ἱστορίας)
893 2016 959 2043 κατὰ

137 2061 283 2098 γυμνασίαν
308 2063 351 2089 καὶ
381 2061 495 2093 λοιποὺς
519 2062 630 2096 πόνους,
647 2061 739 2096 ἠλίοις
754 2062 799 2088 καὶ
829 2060 957 2097 μάλιστα.

138 2105 175 2134 υῦ
197 2106 247 2144 γὰρ
272 2106 447 2146 σκιατραφίαν
473 2106 701 2144 ἐπραγματεύετο,
724 2105 781 2133 ἐπεὶ
803 2104 874 2141 μηδὲ
902 2105 960 2142 βίον

139 2149 275 2186 μαλθακὸν
299 2151 344 2178 καί
371 2150 464 2189 ἀργόν·
490 2150 622 2188 αἰθερίαις
654 2152 741 2187 [παθη.
764 2148 882 2187 αἰθρίαις
896 2149 914 2185 l]
931 2147 959 2175 δὲ

137 2193 348 2231 παρεϐάλλετο,
385 2195 430 2234 ἀφ’
466 2196 501 2222 ὧν
540 2195 607 2233 πρὸς
642 2194 749 2232 ἀνδρίας
776 2194 958 2232 ἐζωγραφεῖτο

137 2240 245 2277 χροιὰν,
275 2238 336 2277 ὄψιν
350 2239 605 2277 πεφιλοτιμημένος
635 2239 666 2267 οὐ
686 2239 754 2267 κατὰ
777 2239 840 2271 τοὺς
865 2249 960 2276 γυναι-

137 2284 197 2315 κίας
221 2285 264 2312 καί
293 2284 459 2321 μαλθακοὺς,
484 2283 547 2312 ἀλλ’
571 2285 653 2312 ὁποία
666 2284 786 2321 κοσμοίη
816 2283 846 2311 ἃν
876 2285 960 2321 ἡρωϊ-

136 2329 186 2363 κὴν
218 2329 419 2368 στρυφνότητα.
444 2329 483 2358 Οὐ
515 2330 568 2367 γὰρ
592 2330 660 2367 πρὸς
687 2328 851 2366 ἑτοιμότητα
879 2327 956 2364 διηυ-

1050 902 1095 930 23.
1115 902 1184 929 Eam
1200 901 1278 929 enim
1291 899 1519 935 magniludinem
1535 899 1643 935 attigit,
1660 900 1693 926 ut
1707 897 1758 934 qui
1774 906 1839 926 eam

1016 947 1235 974 transcenderet
1256 946 1338 982 gigas
1355 945 1520 972 haberetur.
1536 945 1610 972 Eum
1625 944 1703 972 enim
1733 944 1839 971 natura

1016 991 1100 1019 aliter
1115 1000 1203 1027 quam
1219 994 1337 1019 caeteros
1353 989 1500 1024 formavit,
1525 998 1592 1017 ossa
1606 988 1790 1017 validissima
1804 996 1838 1016 ac

1019 1037 1078 1064 fere
1093 1036 1188 1065 leonia
1206 1035 1350 1071 tribuens,
1365 1035 1566 1063 membrorum
1591 1034 1678 1062 etiam
1702 1033 1839 1062 extremi-

1017 1083 1138 1117 tates,ut
1148 1081 1188 1109 rei
1199 1081 1324 1117 physicae
1347 1082 1480 1116 expertes
1491 1079 1636 1115 judicant,
1653 1078 1742 1106 robur
1756 1077 1839 1105 virile

1017 1125 1166 1161 indicant;
1183 1127 1233 1155 sed
1250 1125 1430 1162 interpositae
1453 1132 1570 1160 quoque
1594 1122 1724 1159 eorpOris
1740 1124 1838 1159 partes

1017 1174 1094 1202 idem
1110 1172 1296 1201 conﬁrmant.
1308 1171 1370 1198 Huc
1395 1169 1505 1198 accedit
1519 1169 1597 1204 quod
1621 1176 1726 1204 corpus
1741 1167 1837 1196 obesi-

1016 1220 1076 1246 tate
1092 1225 1149 1245 non
1164 1219 1303 1252 gravatur
1318 1215 1382 1250 ejus
1397 1214 1447 1250 qui
1458 1213 1620 1249 saepissime
1634 1212 1709 1240 vires
1725 1215 1839 1240 exercet

1016 1265 1049 1290 ut
1063 1261 1210 1290 crassities
1218 1261 1253 1288 ab
1263 1259 1380 1288 homine
1399 1257 1588 1286 intellectuali
1599 1256 1837 1293 superetur.Mul-

1015 1310 1050 1336 ιω
1066 1307 1185 1344 quidem
1200 1306 1230 1334 in
1247 1306 1310 1342 ipso
1327 1312 1373 1332 res
1384 1303 1476 1336 ιῐιίιιεο,
1492 1304 1666 1339 portentosa
1693 1310 1750 1330 non
1776 1302 1837 1330 fue-

1016 1355 1094 1381 runt.
1111 1353 1230 1381 Comam
1248 1350 1334 1378 etiam
1350 1357 1407 1377 non
1431 1347 1579 1384 eleganter
1605 1346 1770 1381 circinavit,
1786 1348 1837 1377 sed

1015 1397 1143 1433 simplici
1158 1395 1261 1432 capitis
1276 1395 1446 1422 ornamento
1466 1394 1632 1426 contentus,
1648 1391 1769 1428 capillos
1785 1391 1837 1420 ho-

1015 1442 1198 1470 nestamento
1214 1438 1318 1475 majori
1332 1446 1390 1466 non
1402 1437 1507 1473 dignos
1522 1436 1657 1464 habebat.
1673 1438 1744 1464 Cum
1757 1436 1835 1464 enim

1014 1485 1157 1522 sapientia
1186 1485 1284 1512 divina
1299 1486 1408 1511 natura:
1424 1481 1518 1509 indita
1533 1481 1676 1509 creaturis
1691 1481 1835 1516 insignio-

1015 1532 1096 1559 ribus
1112 1530 1284 1558 nobiliorem
1301 1527 1452 1555 materiam
1468 1526 1636 1561 impertivit,
1654 1525 1752 1561 capilli
1768 1533 1834 1561 par-

1013 1585 1079 1604 vam
1093 1575 1197 1603 habuit
1210 1581 1323 1606 curam,
1353 1580 1416 1608 quae
1441 1579 1493 1599 nec
1522 1570 1636 1598 leonem
1661 1569 1834 1598 animalium

1013 1628 1112 1657 regem
1140 1619 1269 1653 horrida,
1295 1617 1363 1654 plus
1391 1624 1480 1653 quam
1519 1623 1571 1651 par
1598 1617 1653 1650 est,
1684 1614 1758 1650 juba
1784 1613 1835 1641 do-

1013 1665 1103 1694 navit.

1049 1884 1095 1911 24.
1126 1885 1204 1911 Hanc
1233 1882 1417 1909 venustatem
1445 1879 1551 1908 coloris
1577 1878 1766 1916 pulchritudo
1784 1886 1834 1906 au—

1015 1930 1156 1964 gmentat.
1175 1927 1236 1956 Non
1252 1927 1331 1955 enim
1347 1926 1461 1959 albedo,
1475 1925 1572 1961 qualis
1588 1924 1727 1952 feminam
1743 1923 1834 1957 decet,

1015 1973 1079 2008 ejus
1095 1973 1199 2000 faciem
1215 1972 1336 2005 colorat,
1353 1971 1403 1999 sed
1429 1970 1567 1998 virilitate
1583 1970 1776 2005 temperatam
1792 1968 1836 2004 (ut

1014 2018 1092 2053 apud
1108 2017 1256 2052 antiquos)
1272 2013 1705 2050 certaminibus,aliisqueludis
1720 2014 1835 2050 gymni-

1014 2062 1065 2096 cis,
1083 2062 1209 2090 maxime
1231 2061 1301 2089 solis
1324 2061 1438 2088 ardoris
1467 2060 1595 2096 exponit.
1621 2060 1682 2086 Non
1699 2058 1776 2086 enim
1805 2057 1834 2084 in

1014 2107 1119 2135 umbra
1129 2107 1270 2134 educatus
1286 2107 1340 2139 est,
1356 2107 1385 2132 et
1408 2105 1468 2132 vita
1479 2105 1544 2139 ejus
1569 2106 1683 2131 tantum
1704 2102 1787 2130 abest
1802 2105 1835 2130 ut

1014 2151 1214 2188 voluptatibus
1241 2150 1398 2186 pravisque
1426 2148 1636 2185 cupiditatibus
1666 2148 1835 2175 consecrata

1013 2198 1101 2230 esset,
1131 2198 1164 2224 ut
1183 2195 1329 2224 laboriosa
1352 2202 1467 2230 semper
1494 2202 1562 2222 cum
1589 2192 1713 2228 negotiis
1736 2191 1833 2227 fuerit,

1013 2242 1064 2270 sed
1089 2241 1142 2269 sub
1171 2240 1231 2269 sole
1259 2239 1358 2268 vultus
1373 2248 1430 2268 non
1448 2239 1574 2276 speciem
1600 2237 1770 2266 femininum
1794 2237 1831 2264 fe-

1013 2287 1105 2320 rebat,
1130 2286 1190 2314 imo
1219 2286 1280 2314 viro
1309 2287 1430 2313 strenuo
1461 2284 1591 2321 dignam,
1620 2282 1689 2318 quia
1718 2290 1771 2309 nec
1795 2281 1832 2309 ad

1013 2331 1115 2365 risum,
1128 2331 1183 2358 ned
1201 2330 1237 2358 ad
1250 2329 1431 2358 alacritatem
1447 2336 1558 2364 pronus
1586 2329 1658 2360 erat,
1687 2325 1789 2362 gratiis
1804 2327 1833 2353 et

139 2373 243 2405 θέτιστο
272 2374 417 2412 γέλωτος,
452 2373 514 2402 οὐδὲ
544 2375 598 2412 μὴν
627 2373 720 2407 ἄλλως
751 2374 782 2402 τὸ
812 2372 958 2405 λεοντῶδες

1017 2377 1166 2404 venustate
1176 2376 1379 2411 temperatam.

138 2417 288 2456 ἠκρίϐωτο.
314 2419 471 2457 Κεκραμένη
496 2420 547 2458 γὰρ
572 2418 604 2455 δὴ
622 2420 730 2458 χάρισιν
747 2418 910 2458 ἐρρύθμιστο
924 2420 958 2455 τῇ

138 2465 185 2490 τοῦ
200 2462 322 2495 κάλλους
339 2464 478 2500 μεσότητι.

171 2564 218 2590 κε’.
260 2562 307 2589 Καὶ
335 2561 432 2597 δεῆσαν
465 2563 512 2599 μὲν
549 2563 642 2590 ἑαυτὸν
674 2567 863 2598 καταστῆσαι,
894 2564 958 2592 ὅποι

136 2608 238 2645 χρεὼν,
256 2607 300 2634 καὶ
318 2607 466 2644 ὰνθολογία
479 2606 599 2639 κάλλους
613 2608 727 2643 ποικίλη
744 2608 822 2636 αὐτὸν
839 2608 955 2646 ἤγαλλε.

137 2652 303 2688 Σεμνότερος
329 2652 376 2688 μὲν
402 2652 453 2689 γάρ
483 2652 670 2689 προέλαμπεν,
702 2653 839 2691 ὀφθαλμοὶ
869 2652 898 2681 δὲ
919 2657 958 2690 τῷ

136 2699 253 2734 χαροπῷ
277 2695 427 2734 ἶ¹λαρότητά
448 2707 476 2723 τε
496 2695 660 2735 προῦφαινον
695 2698 738 2725 καὶ
768 2699 891 2736 ’Λρεϊκὴν
913 2698 960 2735 ἐμ-

138 2739 265 2779 ϐρίθειαν·
295 2740 335 2777 τῷ
360 2741 501 2778 προσώπῳ
528 2740 556 2768 δὲ
573 2742 666 2778 βαθεῖα
680 2741 787 2779 γαλήνη
817 2742 958 2781 ἐνεχόρευε

138 2786 194 2822 (καὶ
227 2786 260 2820 ἦν
293 2786 426 2814 κάνταῦθα
445 2786 477 2813 τὸ
507 2786 677 2823 σύμμετρον)
696 2787 741 2814 καὶ
766 2789 783 2822 ἡ
814 2788 958 2826 σύστοιχος

138 2830 261 2869 εὕχροια,
290 2831 333 2858 καὶ
349 2830 473 2868 λειμῶνα
502 2831 677 2868 συνεκρότουν
690 2831 855 2870 ἀξιοθέατον,
877 2832 903 2869 ἐξ
927 2833 958 2860 οὗ

139 2874 278 2912 δρέπεσθαι
294 2875 396 2911 ἡδονὴν
413 2875 479 2912 ὅσην
494 2875 555 2912 ἐξῆν
569 2879 628 2908 τοῖς
643 2875 835 2915 φιλοθεάμοσι.

1047 2565 1092 2592 25.
1107 2563 1160 2592 Ubi
1171 2571 1237 2591 cum
1253 2563 1355 2590 decore
1370 2561 1400 2588 in
1417 2559 1569 2597 publicum
1586 2559 1702 2595 prodire
1717 2561 1831 2595 oporte-

1013 2611 1073 2643 bat,
1101 2607 1263 2636 venustatis
1279 2608 1332 2635 ﬂos
1360 2614 1427 2634 eum
1452 2605 1611 2634 exornabat
1637 2613 1704 2632 cum
1733 2603 1833 2631 vultus

1012 2655 1153 2692 gravitate
1164 2656 1192 2681 et
1206 2654 1429 2681 honestamento
1454 2651 1631 2686 conspicuus
1646 2651 1740 2680 esset;
1754 2650 1834 2676 totus

1012 2700 1176 2735 el‘fulgebat,
1188 2698 1265 2727 oculi
1280 2697 1387 2726 hilares
1417 2696 1590 2733 gravitatem
1605 2695 1696 2723 Marte
1712 2693 1832 2730 dignam

1012 2744 1202 2778 emittebant;
1220 2744 1249 2771 in
1279 2742 1362 2770 vultu
1392 2741 1533 2769 serenitas
1557 2739 1729 2768 felicissima
1757 2738 1832 2774 prati

1012 2788 1119 2818 amoeni
1133 2787 1285 2825 planitiem
1302 2785 1538 2824 repraesentabat,
1569 2784 1647 2812 unde
1670 2783 1776 2810 harum
1792 2790 1834 2810 re-

1012 2843 1077 2862 rum
1095 2835 1226 2862 amantes
1238 2832 1414 2869 voluptatem
1431 2832 1584 2866 decerpere
1599 2830 1743 2866 poterant.
