2021 3154
183 183 238 213 991

569 183 781 215 EUSTATHII
803 184 854 214 ΤΗ
860 181 1188 213 ESSALONICENSIS
1209 181 1504 212 METROPOLI'LE

1831 182 1892 212 992

217 248 262 275 26.
279 248 357 276 Talis
371 251 433 276 erat
447 248 617 285 imperator,
635 250 751 284 quando
768 249 848 277 intus
863 248 898 276 ab
915 248 1004 275 undis

1095 247 1143 278 κς¹.
1159 246 1208 275 Καὶ
1222 249 1346 277 τοιοῦτος
1362 246 1409 283 μὲν
1427 247 1441 273 ὁ
1468 245 1606 284 βασιλιὺς,
1634 246 1677 274 ὅτε
1700 246 1804 277 ἀθέτως
1830 247 1891 284 εἶχε

184 292 300 320 fervidis
315 293 490 329 agitabatur,
508 294 581 322 sicut
598 303 676 322 mare
697 295 773 330 quod
791 296 907 321 Creator
922 293 1006 320 nobis

183 337 376 373 implantavit.
395 339 514 370 Quando
532 341 641 372 autem,
655 341 686 366 ut
702 338 875 375 plerumque
887 338 929 371 fit,
942 346 1007 364 acu-

182 381 291 408 leatum
310 383 380 417 quid
392 383 540 418 surgebat,
555 386 582 410 et
597 383 726 410 animam
744 383 852 410 muniri
868 385 896 410 et
912 382 1005 409 vindi-

182 427 241 454 cari
257 429 409 464 oportebat
424 437 573 457 armorum
591 429 776 460 auxilio.tum
796 429 913 457 animus
928 429 1007 456 ebul-

183 471 257 499 liens
272 472 370 508 ignem
387 474 434 500 ires
456 473 602 509 spirabat;
629 473 787 509 imperator
814 476 912 501 autem
943 481 1007 501 sese

184 516 336 544 continens
352 520 381 545 et
396 518 558 554 reprimens
573 518 645 545 iram
662 519 772 554 (severo
789 518 867 546 enim
879 517 936 545 tale
952 518 1008 545 im-'

185 560 300 597 perium
316 562 498 590 committere
524 562 567 590 fas
588 563 659 598 erat)
671 563 733 598 jam
752 571 808 590 non
826 563 903 590 idem
920 562 1007 590 homo

184 607 309 640 erat,sed
327 606 453 635 indolem
470 607 591 635 insitam
604 607 767 641 delineans,
785 607 941 643 prudentia
956 607 1006 634 do—

184 649 285 676 ctorali
301 649 451 678 lenitatem
471 651 606 687 deposuit
621 652 656 678 ad
675 651 748 678 nihil
763 654 824 679 tum
842 651 942 678 utilem
952 651 1009 678 dis-

184 693 331 730 cipulis,et
347 696 515 723 austeritate
531 705 562 724 se
577 696 802 732 accinxit,quam
820 696 875 732 ipsi
892 695 1008 731 ignavia

184 747 238 766 Iua
252 743 455 776 provocarent,
472 741 613 776 cauteria,
630 749 687 768 non
707 741 805 769 dulcia
820 741 949 769 remedia
964 740 1007 768 af-

184 782 335 811 fectantes.

1062 291 1129 329 πρός
1168 302 1193 318 τι
1231 293 1394 328 παρακινοῦν
1434 292 1478 318 καὶ
1515 292 1565 325 τήν
1601 290 1675 322 ἐντὸς
1703 291 1892 327 ὑποκυμαῖνον

1063 334 1206 370 θάλασσαν,
1222 337 1251 370 ἢν
1269 335 1294 363 ἐν
1311 337 1378 372 ἡμῖν
1394 336 1407 363 ὁ
1423 334 1528 367 πλάσας
1547 334 1634 364 ἔθετο.
1658 336 1721 364 Ὅτε
1738 334 1777 370 δὲ,
1805 336 1889 362 ὁποῖα

1060 378 1153 408 πολλὰ
1181 378 1332 416 θυμοδακις
1356 391 1381 407 τι
1411 380 1597 417 παραφανθείη
1629 379 1766 416 ἆνακῦψαν
1794 380 1889 413 ποθὲν,

1061 425 1104 452 καὶ
1121 424 1203 462 ἐχρῆν
1221 426 1254 461 τῇ
1268 426 1346 462 ψυχῇ
1367 424 1411 452 τὸν
1438 425 1522 457 αὐτῆς
1548 423 1697 463 δορυφόρον
1717 428 1891 461 παραστῆναι

1060 469 1105 496 καὶ
1132 469 1295 505 ἀμύνασθαι,
1322 471 1471 504 τηνικαῦτα
1500 469 1585 505 θυμὸς
1615 468 1664 505 μὶν
1684 467 1797 504 ἰξὲζεεν,
1828 467 1893 496 οὐδὲ

1060 513 1208 551 καχλάζων
1236 513 1372 553 ἀπήφριζε
1391 513 1460 540 κατὰ
1482 512 1546 543 τοὺς
1569 512 1609 543 sic
1634 512 1716 550 ὀργὴν
1746 512 1892 550 πυρίνους⁸

1063 558 1224 596 βιαζόμενος
1241 557 1299 585 ὂὲὸ
1330 557 1506 596 αὐτοκράτωρ
1531 557 1636 591 ἑαυτὸν,
1668 557 1713 584 καὶ
1742 555 1891 594 διαζωγρι-

1061 605 1117 642 φῶν
1146 603 1184 634 εἷς
1214 602 1383 639 θυμούμενον
1401 602 1446 639 (ἦν
1461 602 1511 640 γὰρ
1538 601 1638 639 ἀνάγκη
1660 603 1742 636 πᾶσα,
1760 601 1802 628 ὅτι
1820 600 1893 638 μηδὲ

1062 648 1100 679 εἲς
1126 648 1302 686 παιγνήμονα
1327 647 1415 675 θετέον
1440 649 1489 682 τὴν
1502 646 1573 674 οὕτω
1590 647 1754 684 σεμνοτάτην
1773 647 1890 684 ἀρχὴν),

1063 692 1232 730 οὖκὲτ¹ἆνήρ
1248 691 1288 719 ὅδ’
1316 691 1396 723 αὐτὸς
1425 693 1470 726 ἦν,
1497 690 1571 719 ἀλλὰ
1585 693 1749 729 παρατυπῶν
1776 690 1808 717 τὸ
1837 689 1890 726 ἔμ-

1063 747 1144 776 φυτον
1174 737 1354 776 ζωγράφημα,
1378 735 1491 771 ἐξένευεν
1518 735 1555 767 εἷς
1582 736 1631 764 ὅσα
1653 736 1698 763 καὶ
1724 733 1892 765 διδάσκαλος

1063 781 1197 821 ἔμφρων,
1223 782 1268 809 τὸν
1299 782 1344 818 μὲν
1375 784 1460 819 πρᾶον
1490 781 1703 817 ἀποτιθέμενος,
1731 780 1762 807 οὗ
1793 779 1894 817 μηκέτι

183 826 278 863 καιρὸς
291 829 349 858 τοῖς
363 826 581 864 διδασκομένοις,
597 829 642 855 τὸν
660 827 688 856 δὲ
703 828 906 866 ἐπιστρεπτικὸν
926 827 1202 866 μεταμφιεννύμενος,
1219 826 1247 854 ’ὸν
1265 826 1341 853 αὐτοὶ
1364 826 1432 853 κατᾶ
1445 829 1495 861 τῆς
1518 825 1634 863 ἀμαθίας
1656 823 1889 863 προεκαλέσαντο,

184 873 332 908 καυτῆρας,
350 871 399 899 οὐκ
411 871 480 906 ἤπια
495 873 624 911 φάρμακα
639 874 773 905 θέλοντες.

217 995 262 1023 27.
278 995 364 1023 Aliud
377 996 416 1024 ibi
444 997 540 1025 videre
565 1001 627 1025 erat
658 998 885 1034 pulchritudinis
911 998 1004 1033 speci-

1095 992 1144 1026 κζ.
1163 991 1213 1019 Καὶ
1228 991 1260 1025 ἦν
1278 990 1388 1022 ἐνταῦθα
1405 989 1514 1027 βλέπειν
1538 989 1608 1017 ἄλλο
1631 992 1734 1034 κρᾶμα,
1762 987 1891 1019 κάλλους

186 1048 264 1067 men.
281 1039 419 1068 Hilaritas
436 1041 514 1068 enim
530 1044 559 1069 et
587 1043 630 1070 sic
651 1051 707 1070 non
724 1043 856 1070 lusciosis
872 1043 981 1070 etfulsit
998 1055 1005 1076 ;

186 1085 276 1112 animi
302 1094 368 1113 vero
394 1085 507 1114 indoles
535 1087 634 1115 vultus
663 1088 840 1116 lineamenta
858 1088 1005 1123 coloravit,

184 1129 261 1156 sicut
276 1130 356 1158 intus
374 1129 469 1166 fulgar
493 1132 632 1167 recondit,
663 1135 692 1160 at
722 1141 777 1160 non
806 1133 921 1169 penitus
937 1141 1005 1160 ocu-

184 1174 279 1202 lorum
290 1175 402 1202 obtutui
419 1176 555 1203 detrahit.
572 1177 624 1208 Qui
654 1180 751 1205 autem
777 1186 872 1205 coram
891 1180 1006 1213 specta-

185 1218 249 1245 culo
265 1218 314 1246 illo
335 1219 413 1254 regio
430 1220 552 1254 steterit,
569 1220 625 1248 sibi
643 1221 749 1249 timens
765 1222 843 1256 quod
861 1230 906 1249 res
922 1221 1006 1248 aliter

185 1262 246 1290 fieri
264 1271 319 1290 non
338 1265 449 1299 poterat
464 1264 530 1300 (nisi
547 1264 762 1300 imperterritus
778 1265 884 1301 aliquis
901 1266 934 1292 ad
947 1265 1006 1292 leo-

185 1315 249 1334 nem
265 1307 374 1335 clausis
390 1308 554 1344 superciliis
579 1310 778 1344 quiescentem
808 1310 953 1343 accessit),
979 1312 1007 1336 et

185 1352 309 1380 obscuro
325 1353 389 1380 visu
400 1354 514 1380 tantum
533 1354 657 1389 speciem
674 1357 822 1381 externam
843 1354 931 1386 videt,
948 1362 1004 1381 non

184 1399 282 1424 autem
298 1397 326 1424 in
343 1397 477 1424 intimam
495 1397 588 1425 lucem
605 1399 1006 1435 penetrat(mensstupcfacta

185 1441 266 1469 timet
287 1443 464 1477 perscrutari
480 1444 553 1478 quod
585 1451 660 1479 saepe
676 1447 803 1472 mentem
833 1445 915 1480 fugit,
932 1447 959 1472 et
975 1445 1003 1472 in

184 1487 338 1521 superficie
350 1487 454 1521 judicii
468 1488 577 1522 manet)
603 1488 675 1515 mori
691 1489 792 1516 mallet
803 1497 890 1524 quam
909 1497 1004 1525 regem

182 1529 237 1557 sibi
255 1530 360 1558 iratum
372 1530 489 1564 habere,
502 1532 579 1558 sicut
608 1541 700 1568 neque
730 1536 829 1564 Deum,
855 1533 940 1569 cujus
961 1533 1006 1561 ira

182 1574 356 1602 mortalibus
370 1576 467 1611 gravis
482 1578 537 1608 est,
551 1575 620 1603 licet
648 1585 754 1613 magno
776 1586 845 1613 erga
870 1577 1003 1605 homines

182 1626 280 1645 amore
302 1619 462 1655 mitigetur.
481 1619 636 1655 Nunquam
666 1623 753 1648 antea
777 1623 878 1649 tantus
908 1624 1004 1649 metus

181 1662 330 1690 hominem
345 1663 502 1697 invaserat,
517 1667 546 1692 et
575 1665 743 1692 humanitas
759 1666 944 1702 imperatoris
960 1666 1002 1694 in-
1018 1679 1039 1713 α

180 1706 369 1734 tervenientis
384 1707 530 1735 labentem
547 1709 637 1736 erexit
653 1711 681 1736 et
701 1710 896 1737 amaritudine
921 1711 1002 1738 edul-

181 1753 313 1778 coratum
326 1755 472 1786 sanasset,
489 1753 514 1780 si
530 1753 671 1781 sanabilis
688 1753 800 1782 fuisset.
820 1755 849 1781 in
862 1754 907 1782 his
923 1755 1002 1782 enim

180 1795 412 1832 rebusineptum
427 1799 506 1824 esset
521 1805 626 1825 sensus
647 1798 738 1825 animi
768 1798 886 1827 intimos
910 1799 1003 1835 repri-

181 1846 270 1872 mere,
301 1842 329 1867 et
358 1840 537 1868 contrarium
569 1841 793 1877 amplectentem
837 1842 1005 1870 humaniter

182 1883 344 1910 secundare
360 1886 447 1918 atque
461 1884 502 1911 ita
526 1887 555 1912 et
583 1894 613 1912 se
644 1888 672 1913 et
684 1885 792 1914 multos
803 1886 875 1915 alios
890 1887 919 1915 in
939 1895 1003 1924 per-

183 1926 290 1954 niciem
307 1928 420 1963 prthlpl
427 1931 515 1957 tasse.

218 2112 262 2140 28.
281 2112 422 2149 Equidem
438 2114 527 2142 talem
544 2115 675 2144 animum
687 2116 785 2152 laudo,
802 2117 948 2153 siquidem
961 2119 1005 2147 lex

185 2157 336 2192 normalis,
352 2167 440 2195 quam
457 2159 481 2186 si
503 2160 692 2196 imperatores
720 2165 888 2190 exercerent
902 2162 1005 2191 lauda-

185 2203 286 2229 rcntur
301 2203 432 2238 quidem,
462 2203 611 2232 abolentes
640 2207 737 2233 autem
762 2207 855 2234 totum
884 2208 1004 2236 modum

185 2248 299 2274 tantum
317 2256 375 2275 non
391 2248 601 2276 subverterent.
620 2249 711 2277 Homo
736 2253 833 2278 autem
858 2254 958 2280 noster
971 2261 1005 2281 ea

183 2290 283 2319 indole
298 2294 326 2319 et
338 2292 439 2320 habitu
456 2293 586 2329 corporis
602 2297 674 2326 erat,
694 2296 811 2330 quando
827 2297 854 2323 in
881 2297 1005 2326 civitatis

183 2336 439 2365 administratione
450 2337 570 2373 agitatio
586 2338 717 2374 quaedam
733 2340 808 2374 apud
824 2348 891 2368 eum
907 2341 1005 2369 eluce-

182 2379 251 2413 bat;
269 2380 377 2408 bellum
394 2382 472 2409 enim
488 2383 514 2410 ei
537 2382 625 2410 alium
643 2383 734 2411 animi
764 2384 900 2413 atI'ectum
925 2394 1004 2414 crea-

183 2422 243 2457 bat,
264 2425 349 2459 cujus
360 2429 441 2461 gesta
454 2426 483 2454 in
498 2427 661 2455 Annalibus
675 2436 692 2455 a
707 2428 891 2464 gravissimis
905 2432 1003 2458 aucto-

183 2467 265 2495 ribus
278 2470 416 2497 confectis
432 2471 595 2507 perscripta
612 2474 692 2500 sunt.

215 2575 416 2613 29.Elegauter
431 2580 621 2608 conversandi
637 2583 752 2617 tempus
761 2582 909 2611 est.l\'emo
925 2583 1003 2612 enim

180 2630 231 2657 per
242 2623 334 2650 totam
352 2622 438 2651 vitam
455 2622 542 2659 plane
557 2624 639 2652 rudis
655 2627 708 2661 est,
734 2627 788 2654 etsi
802 2625 875 2654 alter
898 2627 1002 2656 Timon

179 2670 276 2701 esset;
294 2667 424 2696 amicitia
441 2671 539 2697 autem
557 2663 754 2699 urbanitatem
771 2680 923 2708 nunquam
936 2673 1002 2709 reji-

179 2711 227 2745 cit,
245 2714 277 2740 ut
294 2720 346 2740 nec
360 2713 535 2749 gubernatio
552 2714 655 2743 civilis.
673 2715 738 2744 Fuit
763 2716 840 2744 enim
861 2717 1001 2745 seculum

180 2763 236 2791 quo
249 2756 408 2791 imperator
424 2757 582 2786 melliﬂuus
599 2759 691 2787 obviis
716 2759 940 2797 quibuscumque
956 2769 1001 2789 es-

181 2801 234 2828 set.
247 2802 346 2836 ltaque
361 2811 471 2831 manna
487 2802 600 2831 coalitus
616 2803 699 2840 pluit,
711 2805 781 2840 quia
797 2813 813 2833 θ,
827 2805 1002 2834 celsitudine

181 2843 261 2879 regia
277 2853 333 2872 non
350 2846 391 2874 sic
407 2847 551 2875 cadebant
566 2846 637 2884 regii
654 2856 815 2886 sermones,
835 2849 944 2886 quibus
972 2850 1001 2877 et

1020 2364 1044 2396 D

1059 1036 1103 1063 καὶ
1133 1035 1212 1064 αὐτό.
1239 1036 1274 1063 Τὸ
1309 1035 1356 1071 μὲν
1384 1035 1435 1072 γὰρ
1465 1034 1560 1071 ἱλαρὸν
1585 1034 1630 1061 καὶ
1655 1033 1728 1061 οὕτω
1749 1036 1810 1064 τοῖς
1839 1034 1890 1060 οὐκ

1060 1078 1275 1116 ἆμϐλυωποῦσιν
1299 1079 1444 1116 ἐξέλαμπε,
1466 1079 1497 1106 τὸ
1522 1077 1550 1106 δὲ
1569 1078 1741 1115 θυμούμενον
1755 1081 1805 1113 τῆς
1832 1079 1890 1114 ψυ-

1060 1128 1115 1162 χῆς
1131 1123 1237 1162 ἕχρωζι
1250 1124 1295 1151 καὶ
1321 1123 1414 1154 ἄλλως
1432 1124 1463 1151 τὸ
1478 1123 1706 1161 προφαινόμενον,
1736 1123 1806 1149 καθὰ
1834 1133 1891 1149 που

1059 1170 1171 1207 κρΰπτει
1203 1169 1250 1206 μὲν
1279 1168 1353 1200 ἐντὸς
1378 1169 1409 1195 τὸ
1438 1168 1599 1205 φωταυγὶς,
1637 1167 1758 1206 ἀφανίζει
1784 1166 1815 1194 δὲ
1837 1167 1892 1194 οὐκ

1061 1214 1181 1242 εἷ’σάπαν.
1208 1214 1257 1241 Καὶ
1283 1214 1296 1241 ὁ
1312 1216 1352 1249 τῷ
1373 1213 1507 1251 βασιλικῷ
1522 1212 1676 1250 περιτυχὼν
1706 1211 1802 1247 ἐκείνῳ
1818 1221 1890 1249 προ-

1060 1260 1194 1296 σχήματι,
1219 1258 1322 1298 φρίεας,
1350 1257 1390 1285 ὅτι
1422 1256 1492 1294 μηδὲ
1514 1258 1547 1292 ἦν
1578 1255 1672 1288 ἄλλως
1696 1255 1821 1293 γενέσθαι
1852 1255 1889 1292 (εἰ

1062 1303 1099 1339 μή
1127 1303 1172 1330 καὶ
1195 1303 1292 1331 λέοντά
1314 1313 1355 1333 τις
1378 1303 1469 1339 ἡμέρα
1491 1301 1522 1328 τὸ
1545 1300 1697 1328 ἐπισκύνιον
1718 1299 1890 1335 συνδήσαντα

1059 1347 1184 1385 παρῆλθὲ
1211 1358 1264 1374 που
1291 1345 1439 1385 ἄτρεστος),
1467 1346 1511 1374 καὶ
1543 1345 1575 1372 τὸ
1603 1345 1713 1372 ὀπτικὸν
1741 1344 1891 1382 συγχεθεὶς

1059 1392 1172 1426 ἐκεῖνος,
1190 1393 1226 1423 ὡς
1245 1392 1326 1428 μόνον
1352 1393 1471 1428 προορᾷν
1499 1390 1530 1418 τὸ
1555 1389 1703 1424 ἐπιπολῆς,
1729 1390 1768 1426 μὴ
1799 1386 1890 1425 ὶμϐα-

1060 1437 1146 1464 θύνειν
1169 1435 1197 1464 δὲ
1221 1436 1265 1463 καὶ
1282 1435 1319 1467 εἷς
1341 1436 1391 1470 τήν
1418 1433 1492 1462 ἔνδον
1517 1436 1612 1474 φαῦσιν
1638 1432 1736 1470 (δεινὸν
1754 1434 1808 1470 γὰρ
1835 1433 1891 1461 λο-

1059 1482 1158 1519 γισμὸς
1190 1481 1345 1516 ὑποπτήξας
1374 1480 1412 1516 μὴ
1441 1476 1609 1516 ἐξακριϐοῦν,
1639 1478 1711 1506 ἀλλὰ
1739 1480 1788 1505 τοῦ
1814 1487 1887 1515 προ-

1059 1526 1222 1565 φαινομένου
1238 1525 1379 1562 γίνετθαι),
1397 1527 1483 1556 θανεῖν
1515 1522 1618 1559 εὔξαιτο
1647 1521 1689 1557 ἂν,
1711 1521 1783 1559 ἥπερ
1808 1523 1891 1560 βασι-

1059 1571 1107 1598 λέα
1123 1570 1211 1602 ἔνθεον
1241 1570 1316 1606 αὐτῷ
1346 1569 1545 1604 ἐπισκύζεσθαι,
1568 1567 1638 1600 καθὰ
1655 1566 1725 1604 μηδὲ
1745 1567 1823 1602 Θεὸν,
1856 1566 1890 1594 οὗ

1057 1615 1101 1642 καὶ
1117 1615 1198 1642 αὐτοῦ
1214 1615 1228 1642 ὁ
1245 1615 1330 1650 θυμὸς
1358 1613 1441 1652 βαρὺς
1465 1615 1524 1644 τοῖς
1542 1612 1604 1650 περὶ
1619 1616 1683 1650 γῆν,
1699 1611 1722 1640 εἷ
1746 1612 1792 1640 καὶ
1817 1612 1891 1650 ἄκρᾳ

1059 1658 1250 1697 φιλανθρωπίᾳ
1289 1659 1468 1696 συγκᾶκραται
1487 1680 1493 1686 .
1536 1656 1616 1685 Οὕτω
1654 1658 1780 1684 τοιοῦτον
1826 1655 1890 1688 δέος

1059 1703 1154 1732 ἔπαθεν
1175 1704 1189 1731 ὁ
1213 1702 1365 1737 συσταλεὶς,
1394 1702 1439 1730 καὶ
1464 1702 1495 1730 τὸ
1523 1701 1663 1740 βασιλικὸν
1678 1701 1774 1739 ἱλαρὸν
1798 1701 1889 1736 προέ-

1056 1758 1147 1787 τρεχι,
1183 1747 1228 1776 καὶ
1266 1744 1438 1784 ἀνελάμϐανε
1472 1747 1670 1774 καταπέττοντα
1687 1767 1695 1780 ,
1732 1745 1779 1773 καὶ
1813 1745 1889 1782 μηόὶ

1057 1793 1250 1830 παραψάμενον
1277 1793 1433 1830 πικρασμοῦ
1461 1790 1619 1829 ἰγλύκαζεν,
1647 1790 1670 1818 εἰ
1697 1791 1735 1827 μὴ
1767 1789 1821 1828 ἄρα
1846 1790 1888 1822 ιίς

1057 1838 1088 1865 τὸ
1116 1838 1202 1871 πάντη
1217 1838 1324 1868 πάντως
1348 1837 1471 1872 ὲξήνικτο
1500 1836 1689 1874 ἀθεράπευτον.
1719 1835 1763 1863 Ἐν
1788 1835 1889 1862 τοιοῦς

1057 1893 1115 1913 τοις
1130 1883 1179 1920 γὰρ
1209 1881 1317 1917 ἠλίθιος
1346 1880 1375 1908 ἂν
1406 1879 1448 1916 εἷή
1474 1881 1488 1908 ὁ
1504 1879 1689 1917 κατασιγάζων
1707 1879 1738 1907 τὸ
1754 1879 1886 1916 θυμικὸν,

1057 1927 1103 1954 καὶ
1118 1929 1156 1962 τῷ
1171 1926 1339 1963 ἀντιστρόφῳ
1355 1926 1448 1964 χώραν
1463 1924 1555 1956 διδοὺς
1580 1924 1790 1962 ἰκτραχηλίζειν
1816 1924 1887 1951 κατὰ

1057 1973 1193 2009 κρημνοῦ,
1215 1971 1259 1998 καὶ
1284 1970 1493 2009 συγκαταφέρειν
1505 1972 1540 2007 τῇ
1558 1969 1673 2006 μιμήσει
1694 1968 1821 2000 πολλοὺς
1845 1969 1887 1999 είς

1058 2014 1182 2054 ὄλεθρον.

1094 2114 1147 2148 κη’.
1165 2114 1281 2141 Ἐπαινῶ
1295 2112 1340 2140 τὸν
1366 2113 1490 2140 τοιοῦτον
1519 2111 1604 2147 θυμὸν
1630 2110 1766 2149 ἐγὼ,ἒπεὶ
1794 2111 1842 2138 καὶ
1873 2112 1887 2139 ὁ

1059 2157 1212 2195 διορθωτὴς
1235 2156 1330 2194 νόμος,
1350 2157 1379 2184 ’ὸν
1409 2157 1435 2183 οἳ
1464 2155 1691 2193 αὖτοκρατοῦντες
1722 2156 1888 2195 μετριάσαν-

1057 2213 1102 2235 τες
1118 2203 1164 2239 μέν
1187 2202 1339 2240 ἐπαινοῖντο
1362 2201 1404 2236 ἂν,
1433 2199 1630 2238 ἆπαλείψαντες
1655 2198 1684 2227 δὲ
1708 2199 1759 2227 οὐκ
1771 2199 1802 2227 ἂν
1820 2200 1888 2240 φθᾶ-

1059 2238 1129 2276 νοιεν
1214 2249 1262 2274 τοῦ
1289 2247 1390 2278 παντὸς
1412 2245 1481 2281 νάξιν
1506 2245 1676 2283 συγχέαντες.
1703 2243 1755 2272 Καὶ
1771 2245 1807 2279 ἦν
1838 2245 1885 2282 μὲν

1060 2293 1074 2320 ὁ
1090 2291 1284 2328 ἐπαινούμενος
1310 2290 1381 2319 οὕτω
1405 2293 1580 2328 χαρακτῆρος
1599 2288 1671 2326 ἔχων
1686 2289 1730 2316 καὶ
1747 2290 1884 2324 καταστή-

1062 2347 1146 2374 ματος
1171 2339 1219 2364 τοῦ
1247 2337 1305 2364 κατ’
1334 2334 1407 2373 ὄψιν,
1437 2334 1481 2362 ὅτε
1510 2334 1612 2370 θυμικὴ
1642 2331 1811 2370 παραδράμῃ
1841 2345 1885 2364 τις

1059 2380 1215 2419 περιπέτεια
1228 2382 1262 2409 τά
1277 2391 1307 2419 γε
1322 2380 1360 2411 εἰς
1375 2380 1406 2407 τὸ
1421 2378 1619 2407 πολιτεύεσθαι.
1636 2378 1667 2406 Ὀ
1691 2376 1818 2415 πόλεμος
1833 2378 1885 2416 γᾶρ

1060 2427 1133 2463 αὐτῷ
1149 2426 1266 2463 ἔτιροίαν
1288 2426 1345 2463 εἶχε
1360 2423 1548 2461 θυμομαχίαν,
1563 2424 1596 2457 ἣν
1613 2423 1642 2450 αἱ
1655 2422 1765 2460 πράξεις
1783 2421 1886 2457 διαζω-

1058 2473 1215 2511 γραφοῦσιν,
1231 2470 1262 2502 ’ὰς
1278 2470 1305 2497 αἱ
1323 2466 1464 2507 βιϐλιακαὶ
1478 2467 1581 2506 πτύχες
1595 2467 1775 2506 ἀμφιέπουσι.

1093 2581 1142 2609 κθί.
1159 2579 1260 2618 Καιρὸς
1291 2577 1324 2615 δή
1349 2588 1390 2609 τις
1413 2577 1457 2605 καὶ
1484 2575 1664 2604 ὰστεΐσασθαι.
1682 2575 1721 2605 Οὐ
1737 2576 1790 2613 γὰρ
1821 2574 1886 2604 δυσ-

1056 2625 1191 2664 τράπελος
1221 2623 1265 2652 διὰ
1295 2624 1357 2662 βίου
1381 2622 1481 2653 παντὸς
1506 2622 1532 2649 tv
1555 2621 1710 2659 ἀνθρώποις
1727 2620 1830 2654 οὐδεὶς,
1861 2620 1890 2647 εἴ

1056 2681 1086 2708 γε
1100 2670 1144 2698 καὶ
1160 2669 1252 2706 Τίμων
1269 2667 1432 2708 ἐφιλιάζετο·
1455 2665 1532 2705 φιλία
1546 2665 1575 2693 δὲ
1591 2664 1705 2702 οὐδεμία
1719 2665 1751 2693 τὸ
1779 2664 1886 2693 ἀστεῖον

1057 2714 1199 2751 ἀπείπατο,
1214 2714 1333 2750 καθάπερ
1364 2711 1428 2740 οὖδὶ
1452 2710 1549 2748 ὁμιλία
1572 2711 1590 2745 ἡ
1612 2709 1803 2745 πολιτευτική.
1820 2712 1886 2736 Και-

1057 2760 1102 2797 ρὸς
1123 2758 1155 2794 δή
1173 2770 1214 2790 τις
1228 2758 1274 2786 καὶ
1287 2757 1411 2788 τοιοῦτός
1426 2766 1502 2792 ποτε,
1517 2754 1561 2782 καὶ
1577 2754 1591 2782 ὁ
1618 2753 1746 2792 βασιλεὺς
1771 2753 1885 2792 ἀπέῤῥεε

1058 2803 1172 2840 μέλιτος
1185 2805 1243 2835 τοῖς
1257 2801 1458 2841 ἐντυγχάνουσι,
1488 2798 1613 2827 Μάλιστα
1630 2799 1677 2835 μὲν
1693 2798 1738 2826 οὖν
1766 2799 1805 2829 ὡς
1836 2798 1884 2826 ἀπ’

1054 2847 1170 2887 οὐρανοῦ
1201 2847 1286 2886 μάννα
1311 2844 1434 2885 ἔϐρεχεν,
1464 2845 1505 2872 ὅτι
1534 2845 1581 2871 τοῦ
1605 2842 1632 2871 ἐν
1661 2842 1722 2880 ὕψει
1750 2843 1882 2881 μεγέθους
