2026 3156
131 177 189 208 993

557 173 759 205 MANUELIS
781 172 957 204 COMNEN!
980 173 1178 205 LAUDATIO
1200 174 1410 205 FUNEBRIS.

1776 177 1837 207 994

132 241 190 270 οὐδ’
205 240 277 269 οὕτω
301 241 465 269 κατέπιπτον
490 241 516 268 oi
543 238 680 277 βασιλικοὶ
701 238 794 276 λόγοι,
810 239 851 269 οἷς
866 238 911 265 καὶ
927 238 957 265 τὸ

1022 239 1097 267 ’aeiei
1113 242 1252 269 constans
1265 242 1407 270 serenitas
1422 241 1508 270 aliam
1521 243 1703 271 dulcedinem
1715 245 1836 280 gustan-

131 289 180 314 τοῦ
194 285 343 324 προσώπου
366 285 496 323 γαλήνιον
523 283 760 319 συνδιατιθὲμενον
776 282 867 320 ἑτέρας
883 281 957 321 ἕγευε

132 331 313 370 γλυκύτητος.
339 331 432 358 Μάννα
458 329 495 365 δὲ,
521 329 563 357 ὅτι
587 339 637 366 περ
659 328 698 359 εἷς
723 327 908 365 πολυτροπίαν
924 327 958 354 τὰ

131 379 182 410 τῆς
211 375 338 413 γλυκείας
363 373 474 410 ὁμιλίας
499 371 625 408 διέϐαινε,
649 373 695 400 καὶ
721 371 874 403 πολυειδῶς
901 371 956 399 ἆνε-

133 417 322 458 6ρωματίζετο
334 422 384 454 τῆς
399 417 502 454 ἡδονῆς
519 419 532 445 ὁ
547 419 645 445 πεινῶν
670 417 702 444 τὸ
717 416 881 456 φιλόκαλοι.
909 416 957 443 Καὶ

133 465 148 492 ὁ
164 465 213 501 μὶν
229 463 323 494 ἄλλως
348 462 415 498 ἡδὺς
442 465 490 490 τοῦ
514 463 733 501 προφαινομένων)
756 463 801 496 ἦν,
827 460 864 492 εἷς
890 461 956 498 γλυ-

132 511 205 536 κεῖαν
235 507 299 535 αὐτὸ
330 508 440 545 βάπτων
466 505 578 534 ἔννοιαν·
605 507 618 534 ό
636 505 665 534 δὲ
689 505 784 544 λόγιος
805 505 849 533 καὶ
876 505 913 536 εἷς
927 505 957 532 τὸ

133 552 209 581 ἔνδον
248 551 483 591 φιλοσοφούμενον
516 549 670 583 ἐνεϐἀουνεν
689 574 696 586 ,
725 549 893 587 ὶκμυελίζων
927 550 957 578 τὸ

132 597 235 634 νόημα.
252 596 301 624 Καὶ
329 598 377 633 μὲν
397 595 455 624 058'
479 595 603 631 ἐξέπιπτὲ
627 597 721 623 τιτῶν
747 595 850 622 ἐκείνου
866 594 956 633 ἀργὸν,

134 642 179 670 καὶ
208 642 246 673 ὡς
261 642 320 669 οἷον
337 640 375 672 εἰς
402 639 519 672 ὀστῶδες
544 651 570 668 τι
597 639 792 678 ἐκλογίζεσθαι·
823 639 907 678 ἤρτυε
929 637 959 666 δὲ

132 687 179 715 τὸν
195 685 278 723 λόγον
304 685 384 713 ἅλατι
408 685 455 722 μὶν
481 683 576 712 διόλου
601 687 642 721 τῷ
666 683 711 711 διὰ
725 684 825 715 παντὸς
838 683 958 720 νοστίμῳ

132 734 182 766 τῆς
210 729 432 768 μεταχειρίσεως,
459 729 504 757 καὶ
535 729 654 767 βαθείαις
683 728 711 756 δὲ
739 727 876 766 θεωρίαις,
899 730 957 759 ταῖς

136 775 194 812 μὲν,
211 775 275 806 ὅσας
297 775 322 802 οἱ
347 773 497 802 ἀπόστολοι
514 774 633 810 μαθηταὶ
647 773 692 801 καὶ
707 774 721 800 ὁ
733 772 895 804 ἀποστείλας
912 772 958 809 μὲ-

132 830 225 858 γιστος
241 817 404 850 διδάσκαλος
419 818 576 854 ἀνιπτυξαν,
593 821 653 850 ταῖς
669 817 708 852 δὲ,
724 816 832 848 ὁποίαις
850 818 876 845 οἱ
891 817 958 854 ἐξω-

132 863 235 902 τερικοὶ
252 862 440 900 σεμνύνονται.

1012 283 1081 311 dam
1098 285 1226 320 prazbet:
1245 294 1353 314 manna
1375 288 1484 320 autem,
1508 288 1585 322 quod
1610 288 1837 316 conversationis

1012 327 1130 356 delicias
1147 329 1351 365 multiplicavit
1367 330 1391 359 is
1406 331 1455 366 qui
1472 331 1720 366 pulchritudinem
1743 333 1835 360 esurit

1013 371 1187 400 multimoda
1203 373 1352 410 voluptate
1368 375 1528 402 fruebatur.
1540 376 1572 403 Et
1587 375 1634 403 hic
1649 377 1768 411 quidem
1782 377 1837 404 ιιΙὶ⁴

1011 419 1054 444 ter
1065 425 1153 452 quam
1166 425 1217 452 per
1232 418 1357 453 speciem
1370 419 1522 454 jucundus
1534 422 1608 454 erat,
1624 423 1751 448 mentem
1767 429 1835 448 sua-

1013 469 1074 488 vem
1092 461 1262 497 baptizans;
1279 463 1329 498 qui
1355 471 1420 490 vero
1447 463 1570 491 rationis
1600 465 1745 500 particeps
1774 467 1836 493 erat

1013 505 1041 533 in
1059 506 1193 534 intimam
1210 507 1380 542 penetrabat
1394 508 1622 544 philosophiam,
1645 509 1753 545 ingenii
1775 518 1839 538 me-

1013 549 1123 578 dullam
1139 551 1297 579 hauriens:
1314 554 1342 579 et
1355 551 1427 579 nihil
1444 561 1544 580 eorum
1560 562 1622 588 qua:
1648 562 1682 582 cx
1705 553 1755 581 illo
1770 556 1840 582 sunt

1013 594 1043 622 in
1059 603 1164 622 vanum
1181 595 1295 631 cecidit,
1308 599 1337 624 et
1353 597 1440 632 quod,
1455 600 1487 624 ut
1501 596 1542 624 ita
1557 597 1662 632 dicam,
1679 598 1708 626 in
1724 607 1839 627 osseam

1013 642 1148 668 naturam
1166 640 1247 668 abiit.
1264 640 1386 669 Omnem
1403 641 1480 669 enim
1507 650 1672 670 sermonem
1695 642 1755 671 sale
1770 652 1839 671 con-

1012 683 1108 711 diebat
1124 684 1243 719 usitato,
1260 687 1289 712 et
1302 685 1449 721 profunda
1465 686 1642 722 indaganda,
1659 689 1689 714 ut
1715 687 1839 722 apostoli

1012 728 1147 764 discipuli
1164 732 1192 756 et
1207 737 1343 757 summus
1360 730 1501 766 magister
1516 730 1567 766 qui
1583 739 1633 758 eos
1650 731 1732 759 misit
1744 730 1837 767 expli'

1014 780 1110 806 cuere,
1127 773 1234 801 deinde
1251 782 1331 801 more
1346 774 1469 810 vulgari.

169 917 204 946 λ’.
217 918 275 946 Ἵνα
299 917 350 954 γὰρ
378 916 424 944 καὶ
453 918 496 943 νῦν
525 917 563 948 ὡς
593 916 618 943 ἔν
649 913 776 953 θριάμϐῳ
799 915 890 951 τούτῳ
913 915 958 942 καὶ

1048 915 1092 942 30.
1110 915 1146 943 Ut
1160 915 1251 952 igitur
1267 925 1345 944 nunc
1362 916 1390 944 in
1409 916 1516 945 illustri
1532 917 1681 953 triumpho
1698 921 1840 954 quantum

134 964 226 998 σεμνῷ
251 961 296 988 καὶ
322 959 443 998 λαμπρῷ
468 961 499 988 τὸ
516 960 542 987 ἐν
569 959 630 997 ἐμοὶ
645 962 693 988 τοῦ
718 959 854 996 θαύματος
870 959 960 986 οἰκου-

137 1009 200 1044 ροῦν
215 1006 377 1044 προαγαγὼν
395 1005 537 1041 θεατρίσω,
555 1004 604 1032 οὐκ
618 1004 651 1039 ἦν
676 1004 874 1040 ὑποκινηθῆναί
896 1014 962 1031 ποτε

141 1049 250 1082 λαλιὰν,
276 1050 303 1077 ἐν
327 1051 396 1087 ἥπερ
411 1051 424 1077 ὁ
447 1050 624 1088 αὐτοκράτωρ
651 1049 701 1076 οὐκ
726 1048 847 1085 ἐξελάλει
861 1060 887 1076 τι
902 1059 962 1076 και-

142 1095 187 1123 νὸν
206 1095 253 1131 μὶν
276 1093 314 1125 εἷς
340 1094 433 1130 ἀκοὴν,
456 1094 625 1130 θεόπεμπτον
651 1092 679 1121 δὲ
703 1093 741 1124 εἷς
763 1093 868 1129 νόησιν.
891 1093 963 1131 Ἐγὼ

140 1139 239 1175 τοίνυν,
256 1139 323 1176 ἀνὴρ
339 1137 400 1166 οὗτε
423 1138 586 1177 ἀμφιλαφὴς
609 1138 658 1172 τὴν
682 1141 792 1175 γνῶσιν,
808 1137 852 1165 καὶ
872 1137 910 1169 ὡς
926 1137 963 1165 εί-

141 1186 201 1211 πεῖν
216 1181 399 1218 πολυϐενθής,
416 1183 447 1210 οὐ
474 1183 526 1219 μήν
544 1182 573 1210 δὲ
597 1181 654 1209 οὐδ’
669 1182 775 1220 εἶσάγαν
801 1179 904 1216 ἀϐαθὴς
920 1181 964 1209 καί

141 1227 223 1264 ψιλὸς
239 1229 393 1263 μαθήσεως,
418 1227 468 1255 οὐκ
493 1227 521 1254 ἂν
547 1226 700 1264 αὖχήσαιμι
715 1224 883 1265 παραϐαλεῖν
899 1237 966 1254 ποτε

140 1273 189 1306 τήν
204 1271 287 1306 ἀκοὴν
308 1272 434 1310 ἀκροάσει
461 1271 602 1308 βασιλικῇ,
629 1271 654 1298 ἐν
706 1272 742 1307 μή
768 1281 792 1298 τι
807 1270 905 1306 ξενίζον
921 1271 965 1298 καὶ

141 1315 284 1355 ἀρτιφανὶς
314 1313 404 1353 ἔμοιγ’
429 1316 474 1342 οὖν
505 1315 543 1346 εἷς
575 1315 796 1352 χρηστομάθειαν
823 1315 966 1351 είσῳκισά-

144 1371 198 1397 μην
212 1359 282 1387 κατὰ
304 1361 376 1387 νοῦν.
399 1360 536 1390 Ἀττικοῖς
558 1358 670 1397 ἀνδράσι
686 1359 717 1386 τὸ
731 1361 854 1386 τοιοῦτον
869 1358 966 1398 φίλτα-

142 1415 200 1438 τον,
226 1405 267 1435 οἷς
291 1403 428 1440 ἐπίσημον
453 1404 484 1431 τό
510 1404 681 1443 φιλόκαινον,
704 1404 801 1431 ταυτὸν
825 1403 853 1431 δὲ
877 1403 966 1442 φάναι,

146 1449 299 1487 ἀνθρώποις
332 1447 511 1485 διεξεσμὲνοις
539 1448 577 1479 εἷς
606 1447 710 1479 κάλλος
738 1447 910 1485 λογιότητος,
941 1449 967 1475 οἳ

143 1496 202 1525 τοῖς
226 1492 355 1524 παλαιοῖς
379 1494 610 1529 προσεπιζητοῦσι
634 1492 678 1520 καὶ
702 1492 736 1520 τὰ
758 1492 911 1530 καινότερα,
928 1491 969 1520 λι-

145 1537 306 1576 χνευόμενοι
332 1537 381 1571 τήν
411 1536 539 1574 ἀκρόασιν
558 1557 564 1564 .
596 1536 644 1564 Καὶ
672 1536 704 1571 ἦν
744 1536 832 1573 λέγειν
862 1536 966 1573 καίριον

144 1582 292 1617 τηνικαῦτα
308 1581 394 1609 ἐκεῖνο
412 1581 444 1609 τὸ
468 1576 518 1615 τῆς
549 1581 696 1615 ποιήσεως,
722 1580 758 1611 ὡς
783 1579 834 1617 ἄρα
850 1580 914 1612 Θεὸς
928 1582 968 1616 τῷ

148 1625 255 1664 βασιλεῖ
282 1626 332 1660 τὴν
359 1626 468 1664 μορφήν
493 1623 566 1652 ἔπεσι
595 1625 696 1663 στέφει,
712 1623 859 1652 κάλλιπον
886 1626 967 1652 τοῦτο

145 1669 402 1709 προσεπισυνάπτων
417 1671 458 1706 τῷ
475 1669 611 1707 βασιλικῷ
626 1669 771 1706 στέμματι.

182 1769 233 1797 λα’.
251 1768 300 1796 Καὶ
315 1768 386 1795 οὕτω
403 1768 452 1804 μὲν
478 1767 563 1795 καλὸν
585 1767 616 1795 τὸ
638 1767 663 1795 ἰν
688 1766 812 1803 ὁμιλίαις
827 1766 926 1804 γλυκύν
942 1767 972 1795 τὸ

147 1813 176 1841 δὲ
190 1813 233 1841 καὶ
250 1814 347 1848 ἑτέρως
362 1811 531 1850 ἐχρημάτιζε
546 1811 672 1840 κάλλιον.
684 1812 723 1840 Τὸ
739 1812 790 1849 γὰρ
804 1815 854 1846 τῆς
868 1811 972 1843 ἐννοίας

146 1856 252 1896 ὅχημα,
267 1857 298 1885 τὸ
324 1859 372 1885 τοῦ
395 1857 602 1896 προφερομένου
629 1855 772 1894 βασιλικοῦ
793 1855 879 1894 λόγου
892 1857 972 1894 τορὸν

146 1902 191 1930 καὶ
219 1902 396 1940 τρανὲστατον
416 1924 422 1936 ,
453 1901 524 1929 ἀλλο
549 1903 630 1928 τοῦτο
665 1901 837 1939 γλυκύτητος
865 1901 972 1939 ἄρτυμα

147 1946 288 1985 ἐπαγωγὸν
313 1949 371 1977 τοῖς
395 1946 551 1978 ἀκούουσιν,
573 1947 614 1978 οἷς
638 1945 682 1973 καὶ
708 1945 844 1983 ἰπήρχετο
867 1945 972 1983 μερίζε-

148 1993 209 2020 σθαι
238 1991 276 2022 εἴς
302 2002 332 2018 τε
359 1991 390 2018 τὸ
419 1990 566 2027 νοούμενον
598 1989 706 2027 ἄριστον
729 1990 770 2024 ὃν,
792 1990 836 2016 καὶ
861 1989 898 2021 εἷς
923 1991 973 2024 τήν

147 2036 324 2075 ἆπηχητικὴν
358 2036 510 2074 προφορὰν,
539 2036 787 2070 συνεπικοσμοῦσαν
816 2033 860 2061 καὶ
889 2035 973 2069 αὐτὴν

146 2082 177 2109 τὸ
192 2081 352 2117 νοούμενονι
379 2083 428 2107 Και
453 2078 598 2115 ἆξῦμνηται
628 2078 672 2105 καὶ
700 2080 781 2105 τοῦτο
804 2078 834 2105 τὸ
866 2078 972 2115 βασιλι-

146 2125 193 2153 κὸν
207 2125 305 2159 καλὸν,
329 2124 374 2151 καὶ
398 2121 506 2161 βίϐλοις
532 2122 658 2160 ἔγκειται.
682 2122 721 2150 Τὸ
744 2120 773 2148 δὲ
794 2121 819 2149 ὲν
844 2122 972 2160 ἀντιρῥή-

147 2179 218 2197 σεσιν
238 2167 360 2210 ἕτοιμον,
376 2168 407 2195 τὸ
434 2166 462 2195 δὲ
481 2166 551 2205 ταχὺ
579 2166 625 2203 μὶν
652 2164 848 2210 προϐαλέσθαι,
873 2166 924 2210 ὀξὺ,
945 2165 973 2194 δὲ

146 2208 344 2245 καταλαϐἑσὸαι
368 2212 400 2240 τὰ
428 2211 455 2239 ἐν
479 2212 627 2248 νοήμασιν,
653 2210 703 2237 οὐκ
728 2208 786 2248 ἔχει
810 2208 972 2247 παραϐολὴν

145 2259 260 2296 τάχους,
289 2257 312 2285 εἶ
343 2258 380 2293 μή
410 2267 452 2287 τις
481 2255 518 2286 εἰς
550 2255 648 2292 βέλους
675 2253 791 2282 ἒκνεύσει
819 2254 972 2292 πετομένου

1016 959 1045 986 in
1063 967 1109 986 me
1122 962 1178 991 est,
1195 968 1292 988 rerum
1310 961 1501 989 mirificarum
1517 961 1638 990 chorum
1655 963 1771 997 ducam,
1784 972 1840 991 non

1016 1003 1263 1032 introducendum
1280 1009 1344 1032 erat
1359 1005 1549 1041 colloquium,
1566 1006 1594 1033 in
1613 1015 1668 1041 quo
1684 1007 1843 1042 imperator

1018 1048 1089 1076 nihil
1106 1049 1170 1076 novi
1189 1050 1490 1084 audientibus,divina
1505 1054 1602 1078 autem
1621 1051 1709 1079 menti
1721 1061 1841 1088 sugges-

1018 1092 1057 1120 sit
1073 1093 1250 1121 meditanda.
1269 1096 1368 1129 itaque
1381 1102 1433 1130 ego
1446 1095 1494 1130 qui
1510 1103 1561 1122 nec
1572 1095 1704 1123 doctrina
1713 1096 1841 1129 abundo,

1020 1145 1114 1174 neque
1129 1138 1242 1166 dicendi
1260 1140 1371 1174 peritus
1386 1140 1524 1173 sum,imo
1540 1140 1600 1167 alta
1615 1141 1736 1168 scientia
1747 1150 1841 1176 careo,

1019 1191 1075 1210 non
1092 1185 1196 1210 tamen
1209 1183 1235 1210 id
1261 1185 1474 1212 committerem
1492 1187 1523 1211 ut
1539 1185 1616 1220 regio
1635 1186 1764 1214 sermoni
1790 1187 1842 1214 ob-

1021 1229 1225 1262 temperarem,
1256 1229 1333 1255 unde
1362 1228 1401 1255 nil
1427 1229 1572 1256 commodi
1597 1229 1626 1255 in
1643 1237 1727 1257 USUiH
1744 1239 1842 1258 meum

1020 1273 1131 1298 vertere
1148 1279 1273 1305 possem.
1291 1272 1363 1299 Illud
1381 1273 1500 1308 quidem
1521 1272 1590 1299 viris
1605 1273 1707 1301 Atticis
1725 1282 1843 1310 pergra-

1021 1317 1084 1342 tum
1101 1317 1146 1342 est
1157 1315 1266 1350 quibus
1278 1316 1423 1351 peculiare
1438 1318 1482 1343 est
1497 1325 1571 1344 nova
1587 1325 1704 1352 semper
1719 1318 1842 1354 discere,

1020 1358 1049 1386 id
1066 1361 1110 1386 est
1119 1359 1189 1387 viris
1205 1359 1240 1386 ad
1254 1359 1390 1388 dictionis
1418 1360 1592 1396 elegantiam
1622 1361 1768 1397 expolitis,
1794 1364 1844 1399 qui

1023 1403 1109 1430 rebus
1138 1403 1269 1439 antiquis
1299 1412 1372 1431 nova
1401 1404 1545 1439 adjiciunt
1560 1407 1588 1432 et
1603 1405 1645 1432 sic
1661 1414 1777 1442 semper
1792 1416 1844 1435 au-

1022 1447 1120 1475 diendi
1136 1448 1211 1475 avidi
1226 1450 1304 1475 sunt.
1320 1449 1356 1475 Et
1370 1448 1424 1476 hoc
1439 1449 1558 1483 quidem
1576 1449 1638 1477 loco
1667 1459 1733 1478 cum
1759 1455 1846 1487 poeta

1023 1491 1192 1526 dixerimus,
1209 1493 1285 1527 quod
1304 1495 1378 1520 Deus
1392 1493 1451 1527 regi
1469 1495 1592 1521 formam
1609 1495 1761 1523 verborum
1779 1496 1844 1532 glo-

1023 1536 1066 1563 ria
1081 1539 1176 1569 ornat,
1193 1536 1268 1564 hunc
1285 1537 1440 1572 pretiosam
1471 1538 1660 1574 margaritam
1685 1539 1842 1568 diademati

1023 1589 1076 1609 suo
1091 1581 1283 1616 conjungens.

1063 1764 1106 1790 31.
1123 1764 1171 1791 Sic
1185 1764 1216 1791 in
1232 1764 1376 1800 colloquio
1393 1765 1537 1802 quidquid
1553 1765 1719 1802 pulchrum,
1749 1767 1779 1794 id
1798 1767 1851 1803 ju-

1027 1809 1156 1836 cundum
1169 1811 1223 1841 est,
1237 1809 1286 1836 sed
1303 1809 1381 1836 vario
1398 1810 1494 1837 modo.
1511 1810 1614 1838 Mentis
1629 1811 1706 1838 enim
1737 1812 1852 1839 vehicu-

1028 1852 1247 1886 lum,sermonis
1265 1853 1335 1889 regii
1347 1853 1620 1889 splendidissimum
1633 1855 1711 1883 aliud
1725 1856 1852 1884 dulcedi-

1028 1897 1074 1925 nis
1089 1898 1309 1926 condimentum
1327 1899 1729 1936 auditoribusailert,quibus
1742 1901 1853 1937 incepit

1027 1942 1116 1970 dividi
1131 1943 1159 1970 in
1175 1944 1347 1978 cogitatum,
1364 1952 1421 1979 quo
1438 1944 1511 1971 nihil
1530 1944 1645 1978 melius,
1667 1948 1695 1973 et
1709 1945 1739 1972 in
1756 1954 1852 1974 enun-

1028 1986 1178 2014 tiationem
1196 1987 1315 2021 oralem,
1332 1996 1397 2023 quas
1422 1988 1650 2023 cogitationibus
1680 1992 1853 2018 ornamento

1027 2032 1080 2057 est.
1108 2030 1199 2057 Iloece
1229 2039 1346 2066 quoque
1375 2031 1411 2057 de
1440 2031 1616 2065 imperatore
1633 2041 1698 2059 cum
1717 2032 1854 2060 laudibus

1028 2074 1151 2101 refertur
1165 2083 1198 2101 ac
1211 2073 1315 2101 litteris
1332 2075 1504 2102 mandatum
1522 2078 1576 2108 est,
1607 2076 1683 2111 quod
1710 2077 1738 2103 in
1769 2085 1852 2112 repo-

1028 2117 1124 2144 nendo
1139 2119 1206 2145 etin
1235 2117 1421 2153 proponendo
1450 2126 1484 2145 ac
1510 2118 1700 2153 concipiendo
1729 2119 1854 2147 aliorum

1028 2162 1156 2198 cogitata
1170 2161 1302 2189 celeriter
1316 2169 1382 2188 cum
1399 2161 1504 2197 sagitta
1519 2161 1633 2189 volante
1649 2165 1699 2189 aut
1714 2171 1779 2190 cum
1795 2163 1853 2190 ful-

1029 2206 1116 2241 mine,
1138 2209 1270 2233 autcum
1297 2205 1408 2233 volucri
1425 2214 1489 2241 quae
1510 2214 1607 2233 acrem
1634 2206 1731 2234 volatu
1757 2207 1852 2235 tindit.

1027 2251 1107 2282 Quod
1125 2258 1210 2286 porro
1226 2250 1254 2277 in
1273 2249 1426 2286 colloquiis
1442 2250 1577 2277 strictum
1594 2253 1622 2277 et
1651 2251 1678 2277 in
1695 2259 1852 2286 argumen-

154 2285 157 2286 ν
182 2285 202 2296 Ν
241 2285 260 2291 ’⁷
343 2285 348 2293 Ι
375 2285 380 2292 ¹
446 2285 451 2287 ⁷
551 2285 555 2292 Ι
641 2285 646 2287 '
890 2285 895 2292 I

148 2302 294 2338 ὠκύτητα,
324 2301 341 2336 ἢ
367 2300 405 2332 ε’ἱς
432 2301 571 2337 ἀστραπῆς
601 2300 756 2337 ταχυτάτην
787 2299 966 2338 ἐκπυρνίνισιν1

1028 2285 1282 2330 tandocopiosum
1296 2296 1351 2329 est,
1369 2294 1396 2320 id
1419 2293 1547 2330 Calliope
1573 2294 1680 2330 poetrin
1706 2285 1852 2331 operatur,

148 2347 165 2382 ἢ
182 2347 219 2378 εἰς
235 2346 388 2383 ὁμοιότητα
407 2347 507 2383 πτεροῦ
534 2345 680 2383 ρὁζῶντος
707 2343 744 2374 εἷς
758 2347 856 2379 πτῆσιν
870 2344 971 2382 ἀέριον.

148 2393 185 2419 Τὸ
208 2390 237 2419 δὲ
261 2391 362 2419 πυκνὸν
387 2390 413 2418 ἐν
441 2389 572 2425 διαλὲξεσι
596 2388 641 2416 καὶ
668 2387 804 2416 πλουτοῦν
827 2388 973 2427 ἐπιχειρη-

151 2438 283 2474 ματικῶς,
312 2438 392 2463 τοῦτο
422 2434 451 2462 δὲ
474 2436 491 2470 ἡ
518 2434 650 2469 ποιητική
675 2436 799 2469 σεμνυνεῖ
814 2432 972 2469 Καλλιόπη,

149 2482 337 2520 παρομοιοῦσα
360 2478 388 2511 ἒς
408 2477 529 2518 νιφάδων
549 2478 699 2514 πύκνωσιν,
725 2477 770 2505 καὶ
797 2477 905 2514 μάλισθ’
929 2477 974 2506 ὅτε

148 2524 299 2564 καταφοράν
325 2535 384 2552 τινα
411 2524 527 2558 τοπικὴν
557 2523 574 2557 ἢ
603 2522 648 2550 κιί
669 2521 762 2553 ἄλλως
795 2522 898 2560 βαρέως
927 2522 973 2550 ἔκ-

150 2569 358 2608 τραχυνομὶνην
374 2569 392 2604 ἡ
407 2571 456 2596 τοῦ
482 2567 566 2606 λόγου
591 2567 769 2604 προκαλεῖται
798 2566 850 2602 ὕλη
870 2589 876 2596 .
905 2567 974 2595 Τότε

148 2615 198 2654 γὰρ
219 2613 250 2641 τι)
277 2616 328 2648 τῆς
352 2611 463 2652 νιφάδος
485 2611 628 2648 εἶκόνισμα
651 2611 695 2639 καὶ
724 2610 840 2648 μάλιστα
863 2611 974 2649 καιριώ-

148 2670 239 2687 τατον.
270 2658 374 2689 Πυκνὸς
400 2657 450 2695 γὰρ
480 2655 606 2692 τηνικάδε
631 2658 727 2692 καιροῦ
756 2656 770 2683 ὁ
791 2657 973 2694 καταφορικὸς

149 2703 241 2742 λόγος,
258 2703 308 2730 ὅσα
333 2703 376 2730 καὶ
407 2700 516 2741 νιφάδες
544 2702 625 2732 τινες
657 2699 695 2728 ἔτι
727 2701 781 2737 μὴν
808 2701 852 2728 καὶ
877 2711 973 2739 φρικα-

1028 2349 1092 2375 quas
1110 2339 1186 2367 sicut
1202 2339 1349 2371 nix-:adit,
1366 2338 1527 2374 praesertim
1552 2338 1599 2366 ubi
1629 2340 1774 2366 sermonis
1792 2348 1853 2367 ma-

1030 2385 1102 2412 teria
1117 2383 1330 2412 vehementiam
1355 2386 1405 2410 aut
1434 2382 1605 2418 gravitatem
1619 2383 1759 2419 postulat.
1772 2385 1854 2412 Tunc

1029 2430 1146 2466 quidem
1163 2430 1320 2457 admodum
1331 2429 1458 2464 quadrat
1471 2436 1537 2455 cum
1568 2429 1633 2456 nive
1648 2430 1827 2464 comparatio
1844 2439 1851 2463 ;

1028 2474 1165 2510 copiosus
1195 2481 1321 2509 namque
1336 2473 1393 2501 isto
1414 2474 1544 2508 tempore
1560 2480 1656 2500 sermo
1673 2475 1703 2500 ut
1717 2473 1766 2500 nix
1780 2473 1852 2501 labi-

1028 2523 1086 2556 tur,
1099 2528 1155 2548 non
1170 2519 1233 2547 sine
1250 2519 1369 2546 horrore
1385 2527 1418 2546 ac
1434 2518 1563 2550 fremitu,
1580 2521 1608 2546 et
1634 2527 1668 2546 ex
1696 2518 1756 2547 alto
1785 2528 1853 2547 cum

1029 2565 1184 2601 splendore
1199 2573 1231 2592 ac
1244 2563 1447 2600 magnitudine
1459 2563 1493 2590 ad
1517 2571 1570 2596 nos
1587 2563 1686 2591 fertur.
1704 2564 1749 2591 Sic
1760 2564 1851 2600 impe-

1029 2610 1134 2639 ratoris
1149 2609 1315 2645 eloquentia
1327 2607 1536 2644 experimentis
1565 2608 1638 2635 fulta
1666 2608 1806 2644 optimam
1821 2616 1852 2636 se

1029 2655 1113 2683 nobis
1129 2654 1301 2690 magistram
1318 2653 1435 2689 prrebet,
1452 2652 1546 2688 major
1571 2655 1668 2680 autem
1701 2655 1745 2681 est
1762 2661 1851 2688 quam

1029 2710 1094 2738 quae
1110 2699 1255 2727 memoria:
1267 2698 1343 2725 tradi
1357 2698 1458 2734 possit.

150 2739 223 2781 λὲος,
251 2747 344 2775 καὶοῖά
366 2758 407 2778 τις
424 2739 574 2785 ῥιγεδανός-
601 2746 646 2773 καὶ
669 2747 708 2781 τῷ
729 2747 779 2778 τῆς
800 2745 944 2784 σαφηνείας
967 2746 1014 2783 μὲν
1041 2745 1131 2780 λευκῷ
1155 2742 1331 2779 διαλάμπων,
1356 2742 1392 2772 ὡς
1409 2741 1435 2776 ἐξ
1457 2741 1540 2778 ὕψους
1558 2739 1585 2768 δὲ
1601 2742 1796 2785 κατασκήπτων
1812 2743 1852 2777 τῷ

152 2792 287 2830 μεγαλείῳ
300 2794 348 2820 τοῦ
365 2792 492 2830 μεγέθους
508 2790 646 2828 ἐξάρματι.
663 2789 742 2818 Οὕτω
758 2789 829 2817 πολὺ
844 2790 876 2817 τὸ
892 2790 918 2817 ἐν
935 2789 1028 2828 λόγοις
1043 2792 1083 2826 τῷ
1100 2787 1208 2827 βασιλεῖ
1222 2787 1352 2824 πόριμον,
1370 2786 1401 2813 οὗ
1425 2788 1506 2824 πεῖρα
1527 2786 1571 2813 καὶ
1592 2785 1660 2823 μόνη
1678 2784 1851 2819 διδάσκαλος.

151 2837 335 2875 Ἐξιστορῆσαι
350 2837 400 2875 γὰρ
417 2836 466 2864 οὐκ
482 2835 512 2863 ἂν
527 2834 580 2872 εἴή,
597 2835 624 2867 ἐς
639 2833 701 2863 ὅσον
717 2833 761 2862 καὶ
777 2835 844 2872 χρή.
