2026 3156
211 141 270 174 995

248 209 293 236 32.
311 207 394 235 Liber
408 209 471 234 erat
486 203 665 233 memorialis
687 201 861 236 indelebilis,
877 202 951 238 style
970 210 1033 238 per—
1050 203 1075 237 Α

215 253 343 289 scriptus
358 251 410 280 Dei
426 250 533 288 ipsius,
551 248 662 284 Spiritu
679 247 893 282 sanctodigitos
906 249 1034 283 regente.

211 298 339 328 Historia
367 297 486 334 quidem
517 296 659 323 factorum
685 293 892 327 conservatrix,
922 295 950 320 et
968 295 1036 320 ante

210 344 292 372 illam
313 346 419 371 natura
448 340 527 369 novit
553 338 680 367 indolem
706 338 866 366 humanam
895 338 1035 366 doctrinae

209 396 358 425 capacem,
372 385 526 415 scientiam
542 387 651 412 temere
662 391 799 419 respuere
815 385 847 410 ut
858 382 969 410 canalis
983 383 1032 418 qui

209 441 316 470 aquam
331 431 437 467 accipit
451 432 479 458 et
494 428 608 465 repellit
632 427 782 461 continuo,
809 427 852 455 ita
876 429 975 455 tamen
1001 429 1033 455 ut

209 480 296 507 homo
312 485 379 506 cum
391 474 587 512 repugnantia
601 473 696 502 discat
710 474 738 500 et
748 471 848 500 audita
863 480 939 507 saepe
954 472 1030 500 obli-

208 523 287 552 vioni
301 522 397 550 tradat
412 519 532 548 minime
547 518 692 552 curiosus,
708 519 740 545 ut
761 525 812 545 vas
827 517 905 553 quod
921 524 973 552 per
997 525 1030 545 os

208 569 366 604 augustum
379 566 523 601 liquorem
539 562 660 598 recepit,
690 561 846 590 difﬁculter
861 562 965 589 reddit.
984 562 1028 590 Eis

207 613 296 641 igitur
306 619 370 639 cum
384 610 443 638 sint
453 610 563 637 natura:
574 607 691 636 animus
706 615 793 643 quem
808 607 894 635 rebus
907 606 1028 634 utilibus

207 644 348 690 instituis,
365 654 462 683 obedit
473 656 502 681 et
513 653 582 680 item
594 651 774 687 negligit.Sic
787 651 889 679 oculus
900 651 972 679 locis
983 651 1027 678 lu-

204 701 334 730 strandis
349 702 401 729 aut
415 698 473 727 oris
488 696 675 726 lineamentis
692 695 911 732 perscrutandis
921 697 950 723 et
960 695 1026 723 aliis

203 746 352 775 similibus
367 751 484 780 operam
499 742 559 775 dat,
575 748 701 777 quorum
725 739 869 776 imagines
883 739 913 767 in
929 741 1026 768 mente

203 791 348 827 deponere
360 790 454 825 juvat.
470 787 504 815 Et
520 787 562 814 his
576 785 695 821 quidem
712 784 794 812 facile
809 783 1025 817 intrant,clavis

203 838 301 864 autem
317 833 442 870 depositi
458 831 589 868 sigillum
604 829 785 858 inaccessum
802 831 1023 864 conservat,“-

202 887 255 908 nec
268 882 386 916 tempus
414 876 504 906 animi
527 884 614 904 sensa
638 874 804 911 explicandi
831 875 952 902 venerit.
969 875 1022 903 Ubi
1039 894 1062 926 Β

200 933 266 953 vero
277 925 371 960 janua
386 925 515 951 reserata
529 922 583 954 est,
592 919 753 948 recordatio
769 927 803 947 ex
813 919 1023 955 imaginatione

200 971 338 997 renovata
352 976 398 996 res
413 967 582 1003 adsquatas
608 963 728 1000 colligit,
744 972 792 992 res
811 963 910 992 minus
925 973 1022 993 essen-

198 1015 283 1044 tiales
295 1014 385 1042 menti
401 1013 568 1043 occurrunt.
584 1012 613 1038 et
628 1008 755 1046 cognitio
770 1007 861 1037 semel
876 1008 1021 1044 acquisita

197 1060 373 1094 illustratur,
389 1060 418 1086 et
434 1057 476 1085 sic
486 1055 612 1084 fideliter
626 1054 777 1082 immanet.
790 1055 828 1081 Ut
842 1053 921 1081 enim
938 1053 1019 1088 sigil-

197 1105 260 1133 lum
289 1104 422 1132 divinum
453 1101 560 1129 mentis
583 1098 754 1135 repositorio
796 1097 817 1125 ii
853 1098 1019 1133 apponeba-

195 1152 245 1178 tur
259 1157 322 1185 quae
344 1155 415 1184 puer
442 1145 546 1173 didicit
573 1152 590 1172 a
615 1144 733 1179 juvene,
763 1142 825 1170 loca
855 1144 935 1178 puta,
963 1142 1018 1170 ho-

195 1194 302 1226 mines,
319 1194 447 1227 tempus,
463 1188 655 1223 conversatio,
681 1195 779 1215 rerum
809 1186 964 1222 qualitates
989 1189 1018 1215 et

195 1237 314 1272 similia,
331 1243 455 1272 quorum
478 1233 636 1268 descriptio
661 1234 786 1259 veterem
815 1231 948 1259 notitiam
971 1239 1015 1259 re-

194 1283 291 1310 novat.

603 136 811 168 EUSTATHll
834 135 1217 169 THESSALONICENSIS
1239 138 1531 172 METROPOLITE

1866 147 1929 176 996

1129 201 1181 240 λβ¹.
1198 204 1238 232 Τὰ
1263 203 1291 232 δὲ
1316 208 1365 240 τῆς
1394 207 1508 243 μνήμης
1535 204 1633 244 βίϐλος
1659 219 1692 243 ην
1707 208 1924 244 ἀναπάλειπτος,

1092 248 1214 285 γραφείῳ
1243 248 1468 287 ἑγκεκολαμμὲνη
1494 250 1567 288 θείῳ,
1592 253 1749 289 κινουμένῳ
1775 252 1922 285 δακτύλοις

1090 292 1252 329 πνεύματος,
1269 294 1320 322 Καὶ
1350 293 1406 322 οἶδε
1433 296 1480 331 μὲν
1508 297 1525 330 ἡ
1542 300 1591 331 τῆς
1617 297 1740 333 ἱστορίας
1759 297 1921 335 πολυπραγ-

1092 337 1206 373 μοσύνη,
1239 339 1292 377 πρὸ
1322 337 1350 366 δὲ
1375 339 1476 374 ταύτης
1500 341 1517 374 ἡ
1547 340 1635 379 φύσις,
1653 341 1829 380 ἀνθρωπίνην
1846 343 1919 370 πλά-

1088 391 1140 418 σιν,
1165 383 1214 416 τήν
1242 383 1289 420 μὶν
1314 383 1371 411 οἵαν
1404 383 1487 422 ῥᾴονα
1510 385 1558 421 μὲν
1581 384 1757 421 καταλαϐεῖν,
1781 387 1868 425 ῥᾴονα
1890 387 1919 415 δὲ

1087 426 1132 453 καὶ
1156 425 1304 456 ἀποϐαλεῖν
1328 428 1359 456 τὸ
1389 429 1602 466 μανθανόμενον,
1627 430 1722 458 ὁποῖόν
1746 442 1775 459 τι
1798 432 1845 459 καὶ
1868 443 1919 459 σω-

1086 470 1170 506 λῆνος
1200 473 1284 503 πάθος
1301 494 1308 506 ,
1338 473 1431 511 εἷσροῇ
1465 484 1494 501 τε
1522 474 1614 511 ἀπόνῳ
1655 475 1841 512 ὑποκειμένου
1870 477 1917 504 καὶ

1086 515 1179 553 ἔκροῆ·
1205 517 1254 551 τὴν
1280 515 1308 544 δὲ
1333 515 1467 556 δύσπορον
1493 518 1540 555 μὲν
1565 519 1758 552 εἰσοικίσασθαι
1779 521 1811 549 τὸ
1834 520 1917 549 ἄκου-

1084 571 1149 596 σμα,
1166 559 1239 598 λήθῃ
1262 559 1291 589 δὲ
1318 560 1511 598 ἀδύσώπητον.
1537 563 1588 591 Καὶ
1613 564 1748 601 ὁμοιότης
1773 565 1800 592 ἐν
1823 566 1916 602 τούτῳ

1082 605 1149 632 κατὰ
1163 606 1194 632 τὸ
1217 605 1242 632 ἐν
1260 606 1376 644 ἀγγείοις
1391 606 1538 644 σύστομον,
1555 609 1596 638 οἷς
1620 609 1650 635 τὸ
1678 607 1854 645 δυσδιὲξοδον
1870 609 1914 637 διὰ

1081 649 1112 676 τὸ
1140 649 1165 677 ἰν
1185 649 1220 687 τῇ
1250 649 1347 687 εἰσόδῳ
1369 651 1505 689 στεγανόν.
1534 653 1585 680 Καὶ
1608 656 1731 681 τοιαῦται
1766 654 1814 691 μὲν
1845 665 1914 687 τινες

1081 693 1192 732 φύσεις.
1221 695 1350 723 Ἐνταῦθα
1379 695 1407 723 δὲ
1435 697 1479 724 καὶ
1505 695 1617 734 δραμεῖν
1646 697 1684 729 εἷς
1713 700 1809 736 ψυχήν
1842 700 1912 727 πάνυ

1081 737 1174 767 εὔοδον
1200 742 1259 772 ταῖς
1285 740 1323 771 εἰς
1357 740 1441 776 αὖτθρ
1470 741 1637 779 πρεπούσαις
1659 744 1909 780 χρηστομαθεὶαις,

1078 783 1123 811 καὶ
1152 782 1310 822 ὲκδραμεῖνδ
1324 785 1410 816 οὕτως
1439 784 1469 812 ἃν
1499 786 1618 824 γένοιτο,
1646 787 1716 819 καθά
1736 788 1782 815 καὶ
1807 788 1909 820 τοῖςὶα

1079 826 1243 867 λαϐυρίνθου
1278 833 1372 868 φυγεῖν
1414 829 1584 859 σπεύδουσιν.
1620 829 1768 860 Ἐπὲῧαλιν
1800 834 1817 867 ἡ
1848 831 1908 870 ὄψις

1077 874 1260 913 τοπογραφίᾳ,
1286 874 1349 913 φέρε
1377 875 1473 910 εἰπεῖν,
1502 876 1520 910 ἢ
1549 876 1596 912 θέᾳ
1619 876 1789 915 προσώπων,
1816 877 1835 912 ἧ
1862 878 1906 905 καί

1077 929 1144 945 τισιν
1175 918 1278 956 ἑτέροις
1296 941 1302 953 ,
1333 920 1371 946 ὧν
1406 916 1460 947 ἔδει
1486 920 1666 957 μνημοσύνην
1696 921 1839 957 ἐντεθῆναι
1869 923 1905 954 εἰς

1076 964 1180 1001 ψυχήν.
1198 964 1248 991 Καὶ
1271 965 1339 993 αὐτὰ
1365 964 1412 1000 μὲν
1439 965 1565 1002 εὐμαρῶς
1585 965 1751 1003 παρεδύοντο
1768 967 1808 999 εἷς
1831 967 1905 995 ἐντύ-

1075 1018 1172 1036 πωσιν.
1202 1007 1276 1039 κλεὶς
1306 1007 1334 1036 δὲ
1363 1011 1557 1047 συντηρήσσως
1584 1010 1736 1043 ἐπιτεθεῐσα
1763 1014 1904 1049 μνήμονος

1076 1049 1302 1080 ἀνεπιϐούλευτον
1341 1052 1472 1092 ἐφύλατνε
1508 1055 1557 1090 τὴν
1596 1055 1754 1093 σσραγίδα,
1785 1055 1840 1088 ἕως
1870 1058 1901 1092 ἦν

1074 1097 1277 1135 ἀναπτυχθῆναι
1306 1099 1337 1125 τὸ
1365 1101 1415 1133 τῆς
1444 1100 1536 1137 ψυχῆς
1565 1103 1689 1137 ταμιεῖον
1712 1102 1820 1138 καιρός.
1834 1103 1902 1130 Τότε

1073 1140 1102 1169 δὲ
1131 1142 1249 1174 εὐπετῶς
1278 1143 1403 1180 ήνοίγετο
1420 1153 1426 1159 “
1457 1143 1502 1170 καὶ
1538 1143 1683 1181 φαντασίας
1722 1146 1899 1181 ἀνακινούσ-ης

1072 1186 1270 1225 ἓκαινουργεῖτο
1307 1189 1341 1224 τῇ
1373 1189 1467 1225 μνήμῃ
1491 1189 1578 1227 σαφὴς
1605 1191 1622 1224 ἠ
1650 1189 1825 1228 ἀνάγνωσις,
1856 1192 1898 1218 καὶ

1070 1231 1103 1258 τὰ
1131 1231 1221 1258 εἷ’κότα
1250 1233 1394 1270 συνήγιτο,
1422 1233 1466 1260 κσὶ
1494 1234 1511 1267 ἡ
1544 1234 1699 1270 περίστασις
1730 1234 1898 1273 διήρθρωτο,

1070 1275 1114 1303 καὶ
1131 1277 1147 1310 ἡ
1171 1278 1269 1313 γνῶσις
1294 1274 1446 1314 ἠκρίϐωτο,
1464 1277 1531 1313 ἅπαξ
1549 1279 1597 1314 μὲν
1621 1289 1688 1307 ποτε
1702 1284 1898 1317 γνωρισθεῖσα,

191 1328 232 1362 τῷ
247 1324 276 1353 δὶ
291 1324 415 1360 ἀποθέτῳ
430 1326 479 1358 τῆς
497 1322 610 1358 μνήμης
633 1320 659 1350 ἐς
685 1319 786 1357 μακρὸν
813 1318 884 1346 οὕτω
911 1330 937 1346 τι
965 1321 1165 1358 παραμείνασα.
1188 1321 1369 1360 Ἑσφράγιστο
1394 1322 1446 1360 γὰρ
1471 1321 1497 1349 ἐν
1521 1326 1581 1354 τοῖς
1604 1325 1734 1361 ψυχικοῖς
1750 1326 1899 1363 θησα.)ρηῖς

192 1370 337 1406 Θειότερον·
354 1369 387 1395 τὰ
402 1366 494 1394 πολλᾶ
509 1365 538 1393 δὲ
552 1365 597 1392 καὶ
613 1364 642 1392 ἐκ
656 1362 752 1395 παιδὸς
768 1364 850 1401 μέχρι
862 1363 905 1390 καὶ
924 1363 961 1394 εἷς
975 1364 1005 1391 τὸ
1023 1365 1178 1402 ὑπὲρακμον
1194 1363 1346 1400 διεσώζετο·
1363 1366 1446 1398 τόπος
1460 1366 1572 1402 ἐκεῖνος,
1589 1367 1656 1405 ἀνὴρ
1672 1368 1897 1407 ἐκεῖνος,χρόνος

191 1414 238 1443 ὅδε
250 1425 303 1449 τις,
321 1412 419 1450 ὁμιλία
432 1409 536 1445 τοιάδε,
553 1409 698 1445 ποιότητες
713 1409 845 1446 πράξεων,
859 1408 902 1435 καὶ
917 1409 1030 1436 τοιαῦτά
1041 1420 1110 1445 τινα⁵
1128 1410 1164 1436 ὧν
1179 1411 1195 1445 ἡ
1221 1410 1443 1450 ἀναζωγράφησις
1466 1411 1633 1450 ἐκαινούργει
1657 1414 1706 1447 τήν
1723 1414 1894 1451 “alain-“7“

189 1459 338 1488 ἐντύπωσιν
349 1460 397 1486 τοῦ
411 1457 541 1495 γνωστοῦ.

223 1562 267 1589 33.
283 1559 380 1587 Altera
391 1565 476 1594 porro
505 1565 520 1584 e
536 1554 677 1583 memoria
696 1554 843 1582 insidebat
867 1562 930 1589 qua:
953 1562 1010 1590 prae

186 1605 356 1635 recentibus
371 1605 494 1639 antiqua
509 1610 541 1628 uc
558 1601 633 1628 inira
653 1599 805 1633 omittit,et
820 1607 883 1634 qua:
906 1602 1012 1627 natura

186 1660 240 1679 sua
256 1649 346 1678 animi
362 1647 554 1677 attentionem
571 1647 703 1681 occupat.
720 1644 840 1672 Dicendi
857 1643 934 1671 enim
951 1652 1008 1672 non
1024 1663 1046 1696 α

186 1696 286 1724 minus
301 1702 388 1730 quam
405 1691 553 1721 scribendi
573 1689 705 1726 apprime
721 1689 832 1724 peritus
861 1688 1008 1716 indefesso

186 1749 219 1768 ac
235 1738 429 1776 perseveranti
445 1736 543 1764 stadio
559 1734 674 1762 cunctis
698 1741 761 1769 qua:
792 1734 817 1760 ei
832 1733 1008 1761 demandata

184 1786 300 1813 fuerant
308 1782 431 1818 negotiis
442 1780 639 1808 incumbebat.
646 1777 698 1805 Ubi
709 1777 797 1812 igitur
807 1777 914 1805 mentis
922 1777 1006 1813 regiis

185 1830 262 1857 fetus
290 1827 488 1855 maturitatem
522 1823 677 1859 attigisset,
701 1824 730 1849 et
746 1823 807 1857 jam
831 1822 866 1849 ad
890 1824 1005 1857 partum

184 1872 443 1908 appropinquaret,
469 1870 631 1904 imperator
646 1867 841 1902 sapiens(par
856 1869 900 1894 est
927 1867 1004 1895 enim

182 1917 300 1944 novisse
321 1915 371 1951 qui
400 1915 441 1942 sic
468 1913 584 1950 ingenio
610 1921 642 1940 ac
670 1912 827 1939 virtutibus
853 1912 929 1939 inter
955 1920 1006 1940 caa-

180 1962 259 1989 teros
274 1959 428 1993 excellunt)
447 1957 488 1986 sic
517 1959 611 1985 facere
639 1957 772 1992 stagebat
800 1955 946 1992 talemque
973 1965 1004 1984 se

181 2008 347 2034 monstrare
361 2004 406 2033 vel
422 2003 458 2031 iis
474 2002 524 2039 qui
541 2002 605 2037 ejus
635 2001 763 2029 indolem
790 2001 935 2037 cognitam
952 2001 1002 2029 ha-

180 2050 297 2078 bebant.
324 2049 415 2085 Igitur
442 2047 583 2084 propositi
606 2046 652 2074 sui
681 2046 770 2074 ﬁnem
794 2046 912 2081 exponit
927 2046 1001 2074 inte-

178 2103 275 2132 grum,
292 2095 360 2122 dein
377 2103 393 2122 a
407 2093 511 2130 primis
521 2091 614 2120 initiis
629 2091 874 2127 argumentando,
895 2099 927 2118 eo
944 2100 1001 2127 quo

177 2139 241 2167 vult
255 2137 556 2175 procedit,nihilquod
573 2136 607 2164 ad
623 2144 684 2163 rem
696 2135 790 2163 facere
805 2137 901 2171 potest
915 2136 1001 2163 omit-

176 2184 263 2211 tendo
279 2183 359 2219 (quis
371 2182 448 2210 enim
465 2182 616 2209 accusaret
626 2188 659 2207 ea
675 2188 739 2215 qua:
767 2179 841 2207 levia
865 2180 1001 2208 videntur

176 2230 399 2264 praatereuntem
412 2227 435 2262 ‘2)
450 2228 477 2253 et
493 2225 571 2253 aliud
603 2233 677 2260 opus
693 2233 889 2260 aggressurus
907 2225 998 2252 fetum

175 2273 231 2300 sub
245 2272 404 2300 voluminis
413 2270 508 2307 specie
524 2269 553 2297 in
565 2269 659 2297 lucem
673 2269 762 2296 edidit
777 2271 806 2297 et
820 2269 922 2297 amicis
935 2278 999 2306 per-

175 2317 332 2353 legendum
348 2316 464 2349 obtulit,
479 2318 507 2344 et
522 2314 680 2350 legentium
697 2315 812 2342 animos
823 2315 996 2349 delectabat,

175 2364 203 2388 et
219 2363 409 2390 metuendum
427 2369 483 2388 non
496 2363 558 2388 erat
573 2368 608 2387 ne
624 2369 640 2387 a
656 2359 792 2387 manibus
808 2360 938 2396 profanis
954 2361 994 2388 al-

173 2408 326 2435 teraretur.
343 2407 388 2434 Sic
405 2407 434 2433 in
451 2405 530 2433 omni
547 2413 577 2432 re
592 2404 741 2437 litteraria,
772 2405 807 2432 de
837 2413 893 2440 quo
918 2405 996 2433 inter

173 2450 274 2478 doctos
284 2450 473 2485 constal,tieri
489 2450 656 2483 deberet;at
671 2457 729 2476 non
745 2449 903 2476 lit.Bonum
915 2451 993 2478 enim

171 2502 290 2530 perraro
306 2498 334 2522 et
354 2495 383 2522 in
400 2494 586 2530 paucissimis
598 2492 819 2521 bccurritJdem
836 2493 914 2521 enim
930 2495 993 2522 ani-

171 2547 238 2567 mus
253 2543 280 2567 et
294 2539 324 2566 in
340 2539 458 2575 publico
477 2541 592 2566 oratore
609 2537 659 2573 qui
676 2545 732 2565 uno
749 2540 847 2565 tenore
863 2538 992 2574 loquitur

167 2586 197 2612 et
212 2584 241 2612 in
257 2584 355 2620 operis
371 2584 473 2620 scripti
488 2586 606 2611 auctore
623 2582 798 2610 manifestus
807 2585 860 2610 est.
879 2583 991 2620 Ubique

168 2630 266 2657 autem
284 2628 429 2656 oblivioid
447 2627 623 2655 incommodi
653 2626 742 2654 habet
770 2629 802 2654 ut
827 2627 990 2663 posteriora

167 2674 315 2710 prioribus
325 2674 472 2703 contraria
482 2673 552 2709 prod
558 2673 737 2707 ucantur,ita
748 2674 851 2708 utquae
861 2674 989 2701 secundo

165 2718 228 2747 loco
237 2719 348 2748 suntiis
355 2728 418 2756 quae
424 2719 552 2755 primum
562 2719 775 2752 occupant,non
783 2718 987 2753 respondeant.

164 2763 244 2790 Bona
259 2766 356 2792 autem
368 2763 510 2792 memoria
525 2770 622 2790 rerum
634 2762 898 2790 oonssrvendarum
911 2761 987 2790 ordi-

165 2813 232 2835 nem
242 2807 349 2837 mirum
356 2809 386 2836 in
398 2809 519 2837 modum
527 2806 762 2835 observat.Nobis
769 2807 887 2843 quidem
896 2807 926 2835 id
932 2806 985 2835 im-

1102 1554 1149 1593 λγ’.
1168 1555 1219 1583 Ἦν
1249 1554 1277 1582 δὲ
1302 1556 1346 1584 καὶ
1369 1556 1445 1594 ἐτέρα
1468 1567 1508 1588 τις
1532 1557 1595 1596 παρ’
1619 1558 1694 1594 αὐτῷ
1720 1561 1832 1596 μνήμη,
1855 1564 1896 1597 τῷ

1067 1599 1114 1635 μὲν
1144 1600 1292 1639 προσφάτῳ
1317 1600 1485 1640 διεκφεύγειν
1515 1601 1631 1630 δοκοῦσα
1653 1603 1684 1630 τὸ
1707 1606 1756 1631 τοῦ
1783 1608 1894 1641 μεμνῆυ

1066 1644 1125 1670 σοαι
1153 1644 1304 1682 τεράστιον,
1327 1645 1366 1682 τῷ
1395 1644 1424 1673 δε
1452 1647 1512 1673 καθ’
1538 1647 1632 1685 εἱρμὸν
1662 1651 1772 1685 συνεχεῖ
1802 1660 1893 1677 καινο-

1065 1689 1171 1725 πρεπὴς
1187 1689 1241 1727 όύχ
1256 1689 1355 1724 ἥκιστα
1381 1690 1426 1717 καὶ
1456 1691 1601 1726 ξενίζουσα.
1632 1693 1682 1719 Ἦν
1713 1693 1760 1729 μὲν
1788 1693 1892 1726 ἐκεῖνος

1063 1730 1167 1777 δεξιῶς,
1197 1733 1287 1771 ὥσπερ
1318 1734 1405 1773 λέγειν
1432 1731 1627 1773 δημηγορῶν,⁴
1644 1737 1715 1764 οὕτω
1743 1738 1789 1765 καὶ
1820 1740 1890 1777 πρὸς

1063 1775 1246 1816 λογογραφίαν
1276 1777 1382 1814 λαλεῖν,
1407 1779 1452 1807 καὶ
1482 1780 1581 1816 ταύτην
1607 1784 1705 1819 μικροῦ
1721 1783 1768 1809 καὶ
1784 1775 1888 1811 ἀπνευ-

1061 1821 1113 1855 στὶ,
1144 1822 1187 1849 καὶ
1210 1823 1277 1859 πρὸς
1299 1823 1339 1859 τῷ
1367 1827 1458 1860 πυκνῷ
1473 1827 1528 1852 τῶν
1555 1826 1701 1862 νοημάτων
1716 1827 1761 1853 καὶ
1781 1828 1885 1855 ἀποτά-

1060 1864 1109 1900 δην
1137 1867 1327 1903 ἡρμοσμένην.
1343 1869 1387 1900 Ὡς
1403 1868 1431 1896 δὲ
1446 1870 1504 1907 εἶχε
1530 1869 1609 1902 τέλος
1631 1871 1645 1897 ὁ
1659 1873 1707 1898 τοῦ
1738 1871 1886 1909 βασιλικοῦ

1059 1911 1120 1941 νοὸς
1137 1911 1245 1949 εὐγενὴς
1259 1913 1350 1947 τόκος,
1373 1913 1418 1941 καὶ
1433 1911 1486 1941 ἔδει
1510 1915 1578 1950 πρὸς
1602 1918 1659 1954 φῶς
1686 1915 1766 1943 αὐτὸν
1783 1916 1885 1954 ἐλθεῖν,

1059 1955 1072 1981 ὁ
1088 1955 1171 1993 σοφὸς
1196 1956 1324 1994 βασιλεὺς
1353 1957 1405 1995 (δεῖ
1433 1958 1483 1996 γὰρ
1508 1958 1572 1990 τοὺς
1603 1959 1821 1998 μεγαλοπρεπεῖς
1846 1962 1885 1989 εἰ-

1059 1998 1129 2027 δέναι
1152 2001 1294 2032 τοιούτους
1323 1999 1410 2037 ὄντας,
1440 2004 1484 2030 καὶ
1513 2006 1553 2040 τῷ
1577 2005 1698 2043 σφετὲρῳ
1724 2005 1805 2042 καλῷ
1835 2006 1885 2034 ἐλ-

1058 2044 1223 2083 λάμπεσθαι)
1247 2045 1330 2081 ἤθελε
1350 2050 1437 2075 ποιεῖν
1464 2048 1544 2083 οὕτω,
1571 2049 1615 2076 καὶ
1637 2050 1730 2077 ἑαυτὸν
1747 2050 1882 2090 ἐκφαίνειν

1055 2092 1113 2120 τοῖς
1135 2089 1199 2118 οὐδὲ
1222 2090 1315 2122 ἄλλως
1330 2092 1491 2129 ἡγνοηκόσι.
1518 2093 1567 2120 Καὶ
1590 2089 1791 2132 προεκθέμενος
1816 2095 1882 2124 ὀλο-

1055 2137 1162 2172 σχερῶς
1185 2135 1230 2162 τὸν
1256 2138 1303 2163 τοῦ
1328 2135 1414 2174 λόγου
1442 2138 1553 2172 σκοπὸν,
1572 2139 1628 2165 εἶτα
1653 2138 1698 2166 καί
1722 2140 1814 2178 ἀρχῆς
1836 2141 1882 2168 ἀπ’

1055 2181 1140 2215 ἁκρης
1183 2180 1267 2218 μέχρι
1305 2181 1350 2208 καὶ
1379 2183 1533 2219 περατῶσαι
1566 2186 1623 2214 τοῖς
1661 2183 1880 2221 ἐπιχειρήμασιν

1054 2222 1176 2258 ἐπεξιὼν,
1193 2224 1237 2251 καὶ
1261 2227 1326 2252 πᾶσι
1350 2228 1409 2257 τοῖς
1438 2227 1630 2263 καιριωτάτοις
1660 2226 1811 2265 ἐνδραμὼν,
1843 2229 1880 2266 (τί

1053 2265 1097 2301 δὲ,
1128 2266 1202 2304 εἷ’περ
1232 2269 1373 2307 βραχείαις
1399 2269 1468 2297 τισὶν
1498 2269 1605 2298 ἐνέλιπε
1633 2271 1733 2307 λέξεσιν
1751 2275 1770 2309 ;)
1799 2273 1879 2304 αὐτὸς

1055 2311 1101 2348 μὶν
1114 2311 1205 2347 ἐτέρου
1234 2313 1336 2350 ἒγίνετο
1365 2313 1456 2352 ἔργου,
1484 2315 1529 2342 τὸν
1561 2314 1590 2342 δὲ
1620 2316 1770 2352 μηνυθέντα
1797 2318 1877 2346 τόκον

1050 2360 1172 2393 προῆγεν
1211 2357 1451 2396 ἐσπαργανωμένον
1491 2359 1582 2398 ὥσπερ
1623 2363 1662 2396 τῷ
1697 2361 1801 2398 τόμῳ,
1832 2363 1877 2390 καὶ

1049 2402 1189 2440 προφήνας
1216 2405 1275 2433 τοῖς
1300 2406 1500 2441 παρατυχοῦσιν
1525 2403 1616 2432 ιδίδου
1641 2407 1874 2444 περιεργάζεσθαι,

1049 2445 1093 2472 καί
1122 2444 1273 2484 ἀνελιχθεῖς
1302 2446 1405 2485 ἤρχετο
1434 2448 1472 2480 εἷς
1497 2448 1667 2486 περιέλευσιν
1684 2472 1691 2484 ,
1721 2451 1810 2478 ἀκοῶν
1840 2451 1875 2479 δι’

1049 2489 1232 2527 ἀναγνώσεως.
1263 2492 1316 2519 Καὶ
1354 2492 1386 2526 ἦν
1414 2492 1514 2524 ἐκεῖνος
1552 2494 1566 2521 ὁ
1605 2493 1767 2530 ἕκλαληοεὶς
1798 2495 1874 2523 οὐδὲν

1048 2533 1262 2571 ἓτεροιούμενος.
1286 2538 1372 2564 Τοῦτο
1389 2538 1444 2575 χρὴ
1473 2538 1534 2574 μὲν,
1561 2539 1598 2569 ὡς
1612 2537 1642 2565 ἂν
1669 2539 1741 2567 εἴποι
1761 2550 1813 2574 τις,
1832 2541 1871 2579 ἐφ’

1047 2579 1164 2610 ἅπαντος
1191 2579 1276 2617 λόγου
1299 2580 1418 2618 γίνεσθαι
1441 2581 1554 2618 (γίνεται
1576 2581 1598 2609 δ’
1624 2583 1667 2610 ἐπὶ
1694 2583 1800 2611 πάντων
1817 2585 1871 2622 οὐχ

1046 2623 1139 2660 οὕτω)·
1157 2625 1269 2652 σπάνιον
1286 2623 1314 2652 δὲ
1335 2625 1379 2653 καὶ
1403 2625 1429 2653 ἓν
1449 2625 1597 2663 ὀλιγίστοις
1617 2628 1648 2655 τὸ
1673 2628 1783 2665 ἀγαθόν.
1799 2630 1870 2660 Νοῦς

1046 2668 1093 2704 μὲν
1109 2669 1160 2707 γὰρ
1178 2670 1191 2696 ὁ
1208 2669 1286 2700 αὐτὸς
1303 2670 1328 2697 ὲν
1346 2670 1483 2708 ἑκατέροις
1508 2670 1548 2707 τῷ
1563 2681 1591 2699 τε
1617 2672 1655 2702 εἰς
1679 2670 1765 2710 ὄχλον
1791 2673 1869 2701 ἔκλα-

1044 2711 1170 2749 λουμένῳ
1200 2712 1277 2751 λόγῳ
1304 2714 1372 2753 πρὸς
1399 2713 1491 2742 ἄνετον
1518 2715 1606 2753 χύμα,
1635 2717 1680 2744 καὶ
1696 2719 1734 2752 τῷ
1760 2716 1869 2755 βίϐλοις

1043 2758 1135 2785 ἑαυτὸν
1163 2757 1265 2797 ἀφιέντι
1292 2759 1553 2797 ὲγκατακλείεσθαι.
1587 2762 1665 2796 Λήθη
1695 2760 1724 2789 δὲ
1757 2762 1807 2790 οὐκ
1836 2763 1865 2790 ἂν

1042 2802 1189 2841 ἀνάσχοιτο
1216 2803 1350 2836 κάνταῦθα
1380 2805 1419 2842 μὴ
1450 2808 1669 2843 κατακαυχᾶσθαι
1691 2808 1745 2834 τῶν
1770 2806 1865 2835 πλειό-
