2026 3156
138 179 194 209 997

567 179 769 212 MANUELIS
791 178 967 211 GOMNENI
989 178 1187 210 LAUDATIO
1210 180 1417 211 FUNEBRIS.

1782 184 1842 215 998

139 255 203 279 νων,
220 245 257 277 ὡς
289 246 326 281 μή
356 248 414 277 τοῖς
442 244 570 284 φθάσασιν
601 244 747 282 ὁμολογεῖν
780 244 814 272 τὰ
842 244 961 282 δεύτερα.

1032 245 1125 273 )rimis
1141 246 1247 274 mirum
1263 246 1378 275 videtur
1392 248 1505 284 (omnes
1520 249 1597 278 enim
1613 248 1730 278 virtutis
1754 250 1842 278 amici

139 289 189 316 Καὶ
214 291 295 317 τοῦτο
325 290 370 326 μὲν
401 290 516 329 εὐφυοῦς
541 290 653 326 μνήμης
669 289 763 327 εἶρμὸς
778 290 837 320 οἶος
863 290 965 326 θαυμά-

140 335 239 368 ζεσθαι.
255 335 335 371 Ἡμῖν
351 333 379 361 δὲ
393 334 481 362 πλείω
505 335 537 362 τὰ
562 336 611 361 τοῦ
641 334 778 370 θαύματος
805 334 904 371 (φαμὲν
930 333 964 368 δ’,

140 378 182 405 ὅτι
198 378 243 406 καὶ
272 381 352 406 πᾶσιν
382 378 479 410 ἄλλοις
508 377 703 417 φιλοκαλοῦσιν
734 378 844 410 ἑαυτοὺς
874 379 911 409 εἷς
935 378 966 405 τὸ

139 423 207 460 πρὸς
235 425 294 454 τοῖς
324 423 487 458 ἀξιεπαίνοις
513 422 587 460 ἔχειν
611 423 657 450 τὸν
673 424 757 459 νοῦν)’
776 422 820 450 ὅτε
847 423 892 450 καὶ
923 423 966 459 βί-

140 465 207 495 ϐλον
223 466 304 503 ὅλην,
320 468 337 502 ἧ
354 468 433 499 αὐτὸς
450 467 601 503 ἀναπτύξας
627 467 664 499 εἷς
688 467 846 505 ἐπίγνωσιν,
861 467 878 502 ἢ
904 466 967 494 ἀλλ’

1019 289 1106 317 lande
1122 290 1211 326 digna
1223 292 1394 326 sectantur),
1410 293 1528 328 quando
1543 295 1593 322 aut
1607 293 1669 330 ipse
1678 293 1787 322 librum
1799 294 1840 323 le-

1020 334 1107 370 gendi
1122 342 1190 370 ergo
1200 335 1379 371 aperuit,aut
1393 337 1479 365 alicui
1491 337 1548 366 alta
1556 347 1625 367 voce
1637 339 1744 376 legenti
1756 347 1841 368 aures

1021 378 1146 415 praebuit
1160 379 1240 407 brevi
1251 382 1326 415 post,
1340 384 1383 409 vel
1394 384 1460 418 post
1476 390 1532 410 non
1547 391 1656 418 paucos
1668 384 1731 412 dies
1745 384 1844 413 omnia

1022 424 1079 452 ista
1094 431 1146 459 pro
1156 423 1240 451 libito
1256 425 1398 459 recitavit,
1414 429 1441 454 et
1457 427 1499 454 sic
1513 427 1636 463 antiqua
1663 437 1730 456 cum
1760 429 1843 457 novis

1023 468 1175 496 miscendo
1190 469 1348 497 astantium
1365 471 1480 499 animos
1495 472 1525 500 in
1554 475 1704 509 stuporem
1735 474 1842 510 rapuit.

140 511 233 549 ἑτέρου
262 512 426 548 περιιόντος,
441 512 485 539 καὶ
515 511 658 544 ἀκούεσθαι
686 512 732 540 τὸν
755 512 781 539 ἰν
805 512 873 549 αὐτῇ
895 513 957 538 νοῦν
977 511 1255 556 ἀναλεξάμενοςπεῖτα
1271 513 1442 551 παρασχεδὸν
1457 518 1552 553 καιροῦ
1566 515 1584 551 ἢ
1599 516 1644 544 καὶ
1661 517 1728 554 μετὰ
1741 517 1843 556 συχνὰς

141 555 247 594 ἡμέρας
270 557 308 588 εἷς
331 557 363 584 τὸ
382 560 433 584 πᾶν
459 560 577 595 συνεῖρεν
602 557 772 595 ἀπρόσκοπα,
786 556 884 594 ἐξάγων
909 558 958 584 τοῦ
974 558 1110 593 θησαυροῦ
1123 555 1206 584 αὐτοῦ
1221 557 1289 584 αὐτά
1305 558 1353 594 μὶν
1370 557 1483 594 παλαιὰ,
1500 559 1613 592 ἐκείνοις
1628 559 1656 589 δὲ
1670 562 1758 596 καινὰ,
1774 562 1811 590 ὧν
1828 562 1843 589 ὁ

141 599 223 638 λόγος
241 599 299 628 οὔτι
314 611 367 628 που
385 601 489 638 μακρὰν
501 601 648 638 ἐμέμνητο.

180 729 229 758 λδ’.
246 730 317 767 Πρὸς
330 730 380 767 γὰρ
397 727 430 764 δὴ
446 732 504 760 τοῖς
519 729 630 764 ἄλλοις,
645 728 690 757 ὅτε
703 729 854 766 (συμπεσὸν
875 727 967 763 οὕτω),

146 775 184 811 μή
207 777 266 805 τοῖς
294 776 400 805 κοινοῖς
431 773 677 812 ἐνασχολούμενος,
701 775 797 811 μικρόν
823 785 849 802 τι
879 772 969 804 ἀδείας

145 816 269 854 λάϐοιτο,
286 818 381 849 πόνοις
395 817 520 846 παλαιῶν
537 821 725 857 προσανεῖχεν,
742 820 769 846 οἳ
792 819 859 857 πρὸς
877 818 970 857 λόγοις

146 863 281 901 ἐγένοντο⁶
297 863 341 891 καὶ
371 862 402 890 οὖ
428 863 500 902 λέγω
525 866 738 902 τοπογραφικοῖς
766 863 860 899 μόνον,
875 863 920 890 καὶ
944 863 970 890 οἳ

145 908 263 946 χρόνους
290 905 465 944 ἀκριϐοῦν-ται
491 907 624 945 πράξεων,
647 908 692 935 καὶ
723 906 854 944 μεθόδους
879 917 970 935 τακτι-

145 953 194 984 κᾶς
217 954 405 991 μηχανῶνται·
422 952 453 979 οὐ
471 953 524 988 μὴν
540 951 603 979 οὐδὲ
616 952 711 980 ὁπόσοι
742 951 820 991 φύσιν
837 951 971 980 λεπτολο-

146 999 236 1035 γοῦσι,
264 997 308 1024 καὶ
341 996 400 1024 ὅσοι
436 997 505 1033 πρὸς
535 996 762 1034 συλλογιστικοὺς
789 997 972 1034 ἀπορθοῦνται

147 1042 272 1076 κανόνας,
295 1043 339 1070 καὶ
369 1042 442 1070 οὕτω
469 1043 519 1077 τήν
546 1053 576 1070 τε
599 1042 624 1070 ἐν
649 1045 707 1074 τοῖς
737 1043 811 1070 οὖσιν
843 1042 970 1078 ἀλήθειαν

148 1084 301 1124 ἆκριϐοῦοι,
331 1088 381 1122 τήν
419 1097 448 1114 τε
489 1087 515 1114 ἒν
557 1090 615 1117 τοῖς
650 1088 793 1125 πρακτὲοις
830 1086 972 1122 εὐθύτητα-

150 1131 223 1159 ἀλλά
248 1131 293 1159 καὶ
320 1131 437 1168 μάλιστα
463 1132 512 1162 τὰς
538 1131 600 1170 περί
621 1142 650 1159 τε
663 1134 718 1159 τῶν
735 1131 813 1164 θείων
831 1132 875 1159 καὶ
891 1131 972 1158 αὐτοῦ

151 1179 228 1204 Θεοῦ.

187 1295 234 1326 λε’.
259 1297 312 1325 Καὶ
341 1297 374 1332 ἦν
411 1297 485 1333 αὐτῷ
513 1293 567 1334 ἔρις
595 1296 674 1334 χερσὶ
705 1296 753 1332 μὶν
781 1296 825 1324 καὶ
860 1296 973 1334 βουλαῖς

149 1341 357 1380 κατεργάζεσθαι
387 1341 418 1369 τὸ
447 1340 541 1371 ἄλλως
565 1340 712 1377 πολέμιον,
729 1340 814 1378 λόγου
835 1339 863 1368 δὲ
881 1342 974 1368 πειθα-

150 1388 262 1424 νάγκαις
277 1385 436 1424 ἐφέλκεσθαι
451 1385 482 1412 τὸ
496 1387 544 1412 τοῦ
562 1387 628 1412 Θεοῦ
651 1384 809 1422 ἀλλότριον.
827 1385 875 1412 Καὶ
901 1386 972 1423 εἶχεν

149 1433 167 1466 ἡ
184 1431 243 1468 ἱερὰ
257 1427 438 1467 κολυμϐήθρα
461 1432 582 1467 συνεχῶς
609 1428 645 1457 δι’
659 1429 740 1457 αὐτοῦ
757 1429 830 1457 πολὺ
853 1430 884 1457 τὸ
901 1429 973 1468 ἐνερ-

149 1476 207 1513 γόν·
224 1475 268 1502 καὶ
283 1475 313 1502 τὸ
328 1473 518 1513 προδρομικὸν
535 1475 549 1501 ὁ
566 1477 637 1506 θεῖος
655 1473 739 1508 ζῆλος
764 1473 790 1502 ἑν
818 1474 891 1510 αὐτῷ
921 1477 974 1512 πῦρ

150 1520 264 1554 ἀνέκαιε,
289 1520 333 1547 καὶ
364 1520 378 1547 ὁ
405 1519 465 1551 καθ’
493 1520 567 1555 ἡμᾶς
591 1519 725 1556 σωτήριος
751 1517 888 1556 Ἰορδάνης
916 1521 974 1550 τοῖς

154 1565 364 1603 βαπτιζομένοις
395 1562 498 1598 ἔπληθε
514 1573 520 1581 ·
546 1564 591 1590 καὶ
615 1565 674 1594 τοῖς
702 1562 818 1594 ἐθνικοῑς
850 1561 975 1590 διδασκά-

153 1609 214 1640 λοις
242 1608 337 1646 ὀλίγον
366 1619 392 1635 τι
421 1610 468 1636 τοῦ
500 1609 611 1645 μοχθεῖν
629 1607 762 1640 ἐλείπετο,
777 1610 825 1635 τοῦ
843 1607 976 1644 βασιλέως

152 1653 287 1685 κάνταῦθα
305 1654 336 1680 τὸ
363 1655 412 1680 τοῦ
431 1652 515 1680 πόνου
537 1651 632 1679 πλεῖον
672 1652 758 1687 ἑαυτῷ
795 1651 976 1689 ἀπομερίζον-

155 1708 211 1729 τος.
228 1698 365 1735 Λογισμὸς
394 1697 444 1734 γὰρ
472 1697 516 1724 καὶ
542 1697 615 1732 αὐτῷ
633 1695 774 1734 βασιλικος
807 1697 844 1733 μή
875 1700 977 1734 χρῆναι

159 1743 292 1778 σωμάτων
317 1742 363 1778 μὶν
389 1741 526 1779 ἐγκρατῶς
556 1738 629 1778 ἔχειν
660 1741 705 1768 τὸν
733 1740 863 1778 ἄρχοντα,
879 1742 975 1779 ψυχῶν

158 1785 187 1814 8t
218 1787 255 1823 μὴ
278 1785 303 1817 ἐς
339 1785 399 1813 δέον
429 1785 621 1824 περιγίνεσθαι.
646 1784 778 1822 Σκὲψαιτο
800 1785 850 1822 γὰρ
880 1784 909 1812 ἄν
938 1796 978 1816 τις

160 1828 328 1863 οὐθυϐόλως,
346 1831 414 1867 μήτε
436 1834 488 1867 γῆς
509 1828 608 1868 ὄφελος
625 1830 703 1866 εἶναι,
719 1831 751 1864 ἧς
762 1830 865 1868 καρπὸς
879 1828 978 1863 οὐδεὶς,

159 1875 220 1903 οὕτε
249 1875 374 1911 σώματος
409 1875 586 1911 ἀνθρωπίνου,
617 1874 639 1910 ᾧ
671 1874 709 1911 μὴ
738 1875 814 1912 ψυχὴ
843 1875 980 1911 κάρπιμος

156 1920 256 1958 ἀγαθοῦ
274 1930 357 1951 τινος.
384 1921 460 1948 Ἔστι
489 1918 518 1946 δὲ
545 1919 590 1946 καὶ
614 1919 725 1956 ἀριστου
752 1918 978 1956 οἰκονόμουιγῆν

158 1964 265 2004 ἐρήμην
299 1965 429 1993 οἰκεῖσθαι
464 1967 596 1998 ποιῆσαι·
627 1965 672 1991 καὶ
701 1961 866 1991 διδασκάλου
896 1966 979 2002 σοφοῦ

156 2011 223 2038 κατὰ
259 2011 304 2038 τὸν
341 2009 400 2047 ἄρτι
441 2007 619 2044 ὑμνούμενον,
650 2006 712 2035 ἔνθα
753 2008 851 2038 παντὸς
881 2008 981 2045 ἀγαθοῦ

158 2055 269 2093 ἓρημία,
286 2055 341 2082 ἐκεῖ
359 2054 404 2081 τὸν
431 2053 495 2081 Θεὸν
521 2053 632 2090 ἀγαγεῖν
658 2052 813 2087 οἰκήσοντα,
839 2052 882 2079 καὶ
912 2051 980 2089 πρὸς

157 2102 291 2136 νοητικῶς
307 2099 572 2137 ἑμπεριπατήσοντα.
589 2097 622 2125 Οἱ
646 2094 758 2128 πλείους
790 2096 836 2133 μὶν
862 2096 908 2124 οὖν
931 2097 981 2131 τὴν

159 2145 241 2172 αὐτοῦ
255 2145 348 2183 φωνὴν
377 2142 565 2178 ἠκουτίζοντο,
581 2141 625 2169 καὶ
646 2141 754 2178 ἀμέσως
777 2140 885 2168 αὐτόθεν
908 2141 981 2179 εἶχον

157 2190 188 2217 τὸ
205 2189 313 2228 ἀγαθόν·
329 2187 448 2218 πολλοῖς
464 2185 493 2214 δὲ
506 2186 552 2214 καὶ
567 2184 771 2222 ἀποστολιμαῖα
798 2186 831 2213 τὰ
857 2187 907 2218 τῆς
941 2184 984 2213 δι-

159 2233 316 2267 δασκαλίας,
345 2233 389 2260 καὶ
418 2231 624 2270 ἓπεστρίφοντο.
656 2231 704 2257 Καὶ
731 2232 784 2258 τῶν
824 2229 984 2258 ἀποστόλων

159 2279 266 2308 ἐκείνων
297 2279 323 2306 οἱ
350 2278 398 2315 μὲν
415 2277 620 2315 ἐπανήρχοντο,
636 2275 831 2314 κατισχύοντες
853 2279 904 2307 τῖς
933 2286 984 2303 πα-

159 2323 237 2355 λαιᾶς
266 2323 440 2363 φαυλότητος
468 2324 521 2349 τῶν
555 2320 799 2358 μαθητευσαμὲνων
829 2321 932 2348 ἐθνῶν·
959 2320 986 2347 οἳ

160 2368 198 2404 δὲ,
215 2371 255 2405 τῷ
279 2370 375 2406 μακρῷ
398 2368 446 2394 τοῦ
461 2366 564 2405 χρόνου
587 2365 731 2402 καμόντες,
755 2365 930 2401 ἒναπὲμειναν
951 2366 985 2402 τῇ

159 2412 279 2450 ἓκδημίᾳ
310 2412 544 2450 μεταταξάμενοι·
578 2411 705 2447 μακάριοι
738 2410 785 2446 μὲν
823 2411 873 2444 τῆς
909 2408 985 2443 ὁδοῦ,

1060 730 1105 757 34.
1123 730 1264 759 Praeterea
1277 731 1394 767 quando
1411 740 1461 767 pro
1478 740 1507 760 re
1524 734 1591 761 nata
1602 732 1729 769 publicis
1755 743 1844 771 nego-

1023 774 1073 802 tiis
1087 775 1252 804 valedicens
1268 776 1421 812 paululum
1437 777 1488 805 otii
1504 777 1778 815 capiebat,'magnis
1792 788 1845 807 an—

1024 819 1175 855 tiquorum
1192 821 1357 849 oratoribus
1367 824 1485 858 tempus
1500 830 1586 850 suum
1599 822 1697 858 dabat,
1714 831 1767 851 nec
1778 831 1845 860 geo-

1025 864 1146 900 graphia
1154 866 1268 893 tantum
1281 867 1310 894 et
1326 865 1513 903 chronologis
1524 868 1553 894 et
1564 866 1726 901 tacticis,ut
1736 867 1849 902 dicunt,

1027 917 1080 937 nec
1097 909 1217 938 omissis
1232 910 1269 938 iis
1280 910 1473 946 quinaturam
1484 911 1633 940 subtiliter
1642 911 1784 949 indagant
1796 914 1848 941 aut

1027 953 1105 981 circa
1120 954 1271 983 ratiocinia
1284 957 1313 983 et
1338 964 1457 984 normae
1482 963 1514 984 se
1538 958 1673 984 exercent
1700 959 1729 985 et
1748 956 1790 984 sic
1817 957 1848 985 in

1027 998 1157 1026 veritatis
1173 999 1271 1027 studio
1287 1001 1315 1027 et
1330 1000 1359 1028 in
1369 1000 1494 1036 negotiis
1510 1001 1698 1037 capessendis
1709 1003 1850 1037 praestare

988 1053 1012 1085 Β
1029 1043 1158 1078 student,
1176 1044 1225 1071 sed
1243 1044 1390 1080 imprimis
1405 1045 1493 1073 rebus
1517 1045 1624 1073 divinis
1651 1047 1681 1074 et
1708 1045 1767 1074 Deo
1791 1044 1849 1082 ipsi

1028 1087 1229 1123 investigando
1244 1097 1362 1124 operam
1374 1089 1509 1118 navabat.

1063 1295 1107 1323 35.
1126 1295 1214 1323 Manu
1230 1297 1258 1323 et
1270 1296 1403 1324 consiliis
1417 1296 1599 1324 adversarios
1615 1296 1762 1333 subigere,
1785 1305 1849 1333 per-

1029 1340 1166 1367 suasione
1181 1340 1217 1368 ad
1233 1340 1325 1368 Deum
1341 1341 1479 1369 reducere
1489 1341 1519 1368 in
1540 1343 1637 1369 mente
1666 1341 1849 1378 propositum

1029 1392 1096 1411 cum
1112 1384 1414 1420 haberet,baptismus
1430 1385 1557 1413 multum
1571 1393 1621 1421 per
1635 1393 1701 1413 eum
1718 1386 1852 1420 invaluit,

1029 1431 1057 1456 ct
1072 1428 1151 1456 zelus
1174 1429 1291 1457 divinus
1308 1429 1405 1465 ignem
1430 1432 1564 1458 sanctum
1590 1431 1734 1465 accendit,
1763 1439 1853 1467 quare

1027 1473 1171 1501 Jordanes
1182 1476 1281 1501 uoster
1296 1474 1434 1501 salutaris
1459 1474 1645 1510 baptizandis
1669 1475 1852 1510 abundabat,

1029 1520 1058 1545 et
1072 1517 1225 1553 gentilium
1234 1518 1403 1546 doctoribus
1412 1526 1515 1553 parum
1531 1518 1640 1547 laboris
1651 1519 1849 1554 incumbebat,

1030 1561 1116 1597 cujus
1131 1570 1180 1589 rex
1194 1562 1258 1597 ipse
1271 1562 1429 1590 maximam
1445 1564 1557 1598 partem
1568 1563 1850 1597 assumebat,animo

1030 1614 1095 1634 vere
1111 1606 1200 1642 regali
1216 1607 1284 1634 dicti
1290 1609 1471 1643 tans,regem
1482 1607 1561 1634 haud
1576 1607 1677 1635 decere
1688 1607 1717 1635 in
1728 1616 1851 1645 corpora

1031 1650 1176 1678 dominari
1187 1651 1354 1679 animarum
1367 1651 1496 1679 dominio
1511 1651 1851 1681 destitutum.FaciIlime

1031 1703 1102 1723 sane
1117 1695 1254 1730 senseris,
1270 1697 1347 1731 quod
1364 1704 1417 1724 nec
1431 1697 1515 1724 terrae
1531 1696 1705 1732 infrugiferse
1721 1706 1774 1726 nec
1789 1706 1852 1726 cor-

1009 1776 1014 1786 .
1033 1739 1111 1776 poris
1127 1739 1249 1767 humani
1271 1740 1333 1768 sine
1350 1741 1450 1768 anima
1466 1740 1552 1768 fertili
1577 1740 1637 1769 ulla
1667 1742 1779 1771 utilitas
1797 1745 1853 1771 est.

994 1774 1015 1806 (Σ
1034 1774 1105 1812 ἰξοῐιί
1117 1793 1202 1820 porro
1215 1784 1464 1813 administratoris
1476 1787 1640 1818 est,terram
1651 1786 1795 1815 desertam
1806 1787 1855 1815 ha-

1035 1829 1189 1856 bitabitcm
1207 1830 1336 1864 reddere,
1349 1831 1377 1857 et
1391 1829 1524 1866 magistri
1538 1830 1681 1866 sapientis
1692 1832 1769 1859 sicut
1782 1832 1808 1860 is
1818 1831 1854 1860 de

1034 1882 1091 1910 quo
1107 1873 1266 1910 loquimur,
1279 1874 1372 1902 Deum
1387 1874 1583 1903 habitatorem
1612 1878 1786 1912 perpetuum
1813 1876 1856 1905 in-

1033 1918 1186 1946 troducere
1201 1919 1231 1946 in
1248 1918 1313 1946 loca
1328 1919 1416 1947 rebus
1433 1919 1518 1947 bonis
1546 1928 1579 1947 ac
1595 1920 1728 1949 honestis
1754 1929 1855 1950 vacua.

1035 1962 1139 1990 Multos
1155 1966 1271 1991 constat
1285 1964 1349 1999 ejus
1366 1963 1443 1991 dicto
1459 1964 1611 1992 audientes
1640 1965 1741 1999 fuisse,
1759 1966 1858 2002 plures

1035 2015 1085 2042 per
1101 2008 1240 2035 mandata
1254 2008 1365 2043 scripta
1387 2008 1423 2036 ad
1440 2008 1538 2044 ipsum
1559 2017 1713 2038 conversos
1737 2018 1802 2038 esse
1830 2013 1860 2038 et

1037 2051 1145 2079 missos
1155 2052 1191 2078 ad
1205 2053 1306 2087 gentes
1321 2054 1444 2086 exteras,
1462 2061 1536 2088 quas
1552 2061 1568 2080 a
1584 2061 1699 2082 morum
1719 2054 1859 2089 pravitate

1036 2095 1071 2122 ad
1089 2095 1224 2123 virtutem
1237 2097 1473 2130 revocsrunt,alii
1485 2099 1551 2132 post
1567 2098 1728 2126 exantlatos
1743 2098 1859 2126 labores

1037 2147 1156 2175 peregre
1171 2140 1301 2168 defuncti
1318 2142 1396 2174 sunt,
1415 2140 1511 2169 felices
1526 2141 1562 2169 ob
1581 2141 1670 2177 viam,
1696 2142 1793 2170 felices
1822 2143 1859 2170 ob

1037 2183 1159 2218 exitum,
1176 2185 1254 2220 quod
1271 2187 1337 2220 post
1351 2185 1466 2213 animas
1481 2185 1608 2214 salvatus
1620 2187 1736 2223 negotio
1751 2186 1860 2215 valedi-

1037 2230 1144 2256 xerunt
1159 2230 1187 2256 et
1198 2228 1272 2256 lucri
1289 2237 1347 2257 una
1362 2237 1427 2256 cum
1444 2238 1510 2266 rege
1526 2230 1682 2267 participes
1695 2233 1860 2260 evaserunt.

1039 2273 1095 2300 Sed
1111 2275 1139 2300 et
1154 2273 1243 2301 sortis
1259 2273 1362 2302 future:
1378 2268 1488 2302 indicia
1503 2274 1549 2302 hic
1563 2275 1670 2303 videris
1684 2278 1711 2303 et
1726 2283 1794 2304 cum
1810 2284 1862 2303 no-

1040 2317 1119 2345 mine
1133 2317 1232 2346 divino
1249 2326 1354 2346 nomen
1371 2319 1495 2355 apostoli
1511 2319 1583 2348 mire
1599 2321 1745 2357 congruit,
1769 2320 1863 2356 siqui-

1041 2362 1106 2390 dem
1123 2371 1140 2390 a
1151 2365 1207 2390 Deo
1221 2363 1258 2390 ad
1275 2363 1396 2391 meliora
1411 2363 1574 2391 docendum
1591 2364 1700 2392 missus
1719 2370 1774 2399 est,
1799 2365 1864 2401 ipse

1041 2409 1138 2435 autem
1154 2415 1217 2435 cum
1234 2407 1372 2444 Spiritus,
1389 2408 1484 2436 sancti
1512 2408 1607 2444 gratia
1627 2409 1707 2437 misit
1728 2409 1863 2444 ejusdem

161 2458 288 2496 μακάριοι
305 2457 334 2485 δὲ
355 2457 400 2485 καὶ
424 2460 474 2491 τῆς
491 2454 595 2492 ἐξόδου,
611 2454 653 2482 ὅτι
677 2455 767 2492 ψυχὰς
786 2454 913 2491 ὀνάμενοι
935 2457 975 2488 τῆι

1041 2451 1180 2480 doctrina:
1196 2456 1413 2488 propagatores.
1438 2453 1491 2480 Sed
1520 2454 1548 2480 et
1578 2452 1663 2480 aliter
1679 2453 1863 2489 apostolatus

160 2503 292 2541 ἐμπορίας
326 2501 514 2535 κατέπαυσαν,
557 2500 830 2537 συνεπιμερισάμενοι
869 2499 903 2526 τὰ
937 2500 985 2526 τοῦ

160 2547 271 2585 κέρδους
295 2548 334 2582 τῷ
355 2545 544 2583 αὐτοκράτορι.
570 2545 618 2571 Ἦν
638 2543 682 2571 οῦν
710 2543 778 2571 κατά
801 2554 827 2571 τι
853 2544 925 2570 θεῖον
943 2541 987 2570 διὰ

161 2595 244 2621 ταῦτα
260 2591 304 2619 καὶ
332 2591 363 2618 τὸ
386 2593 436 2625 τῆς
461 2589 601 2626 ἐσύστερον
628 2587 764 2624 κλήσεως
781 2588 826 2615 καὶ
850 2590 890 2624 τῷ
919 2589 986 2615 θεω-

160 2635 324 2675 νυμουμένῳ
361 2635 430 2662 πάνυ
463 2635 610 2671 προσφυῶς
642 2633 686 2660 καὶ
712 2633 743 2660 τὸ
769 2634 820 2660 τοῦ
851 2631 985 2669 ὀνόματος

1041 2505 1161 2524 munere
1177 2497 1294 2524 functus
1310 2498 1365 2532 est,
1381 2505 1439 2524 non
1455 2505 1507 2532 per
1522 2497 1596 2525 alios
1610 2498 1748 2534 dogmata
1757 2506 1864 2534 prope.-

1040 2541 1148 2577 gando,
1160 2541 1219 2569 imo
1235 2549 1319 2569 suam
1336 2541 1431 2577 ipsius
1445 2549 1545 2569 vocem
1561 2540 1646 2570 libris
1661 2543 1865 2579 consignatum

1042 2586 1118 2613 fores
1132 2586 1352 2622 mittens,prout
1362 2585 1574 2622 apostolicalex
1586 2586 1709 2615 Paulum
1719 2587 1864 2616 illustrem

1042 2631 1177 2658 reddidit.

160 2673 344 2712 ἀποστολικὸν
368 2679 587 2717 προσήρμοσται,
604 2677 727 2706 σταλέντι
763 2677 809 2713 μὲν
840 2676 912 2713 αὖτῷ
941 2676 1030 2708 θεόθεν
1062 2673 1196 2702 διδάσκειν
1220 2675 1253 2701 τὰ
1277 2673 1425 2712 κρείττονα,
1443 2673 1585 2702 στίλΛοντι
1602 2673 1631 2702 δὲ
1643 2675 1719 2706 αὖθις
1736 2675 1803 2712 μετὰ
1815 2677 1866 2708 τῆς

158 2730 207 2756 τοῦ
223 2726 377 2763 Ηνεύματος
392 2725 505 2762 χάριτος
520 2721 583 2754 τοὺς
599 2722 624 2750 ἒν
641 2721 787 2759 ὁμοιότητι
804 2720 979 2752 διδασκαλίας
994 2719 1208 2763 λάμψονταςηᾯ
1224 2717 1253 2746 δὲ
1268 2718 1312 2746 καὶ
1324 2718 1417 2750 ἄλλως
1434 2719 1540 2758 ἐνήργει
1555 2719 1586 2747 τὸ
1598 2722 1647 2754 τῆς
1670 2718 1866 2754 διδαηαλικῆς

158 2762 327 2806 ἀποστολῆς,
345 2769 375 2798 οὗ
405 2768 532 2805 στόμασιν
563 2767 660 2805 ἑτέρων
690 2766 841 2805 ἐπιτρέπων
871 2764 1052 2794 διακονεῖσθαι
1075 2766 1132 2795 τοῖς
1165 2762 1337 2801 διδάγμασιν,
1355 2763 1516 2800 ἐπιπέμπων
1544 2763 1573 2791 8‘s
1595 2765 1644 2799 τὴν
1661 2763 1761 2792 οἰκείαν
1788 2763 1867 2791 αὐτὸς

160 2819 253 2858 φωνὴν
269 2813 505 2852 ἰνσεσημασμὲνην
520 2809 640 2850 βίϐλοις,
656 2812 685 2843 ’ὸς
702 2811 747 2840 καὶ
762 2811 843 2843 αὐτὸς
857 2811 943 2849 νόμος
960 2809 1152 2844 ἀποστολικὸς,
1169 2808 1183 2836 ὃ
1198 2809 1242 2836 καὶ
1270 2807 1376 2836 Παῦλον
1401 2808 1544 2846 σιμνύνας,
1558 2809 1606 2836 τὸν
1628 2812 1678 2844 τῆς
1703 2808 1868 2846 Ἑκκλησίας

160 2864 275 2905 ῥήτορα,
