2026 3156
207 161 267 190 999

592 153 804 186 ΕΠΒΤΔἸἮΠ
823 153 1023 184 THESSALC

1079 153 1211 186 BENSIS
1235 156 1262 186 Μ
1267 157 1527 188 ETROPOLITE

1838 158 1922 189 ιωο

242 226 285 252 36.
299 227 338 251 Ex
354 231 440 258 parvo
456 221 562 250 abhinc
590 223 720 256 tempore
749 220 838 256 lupus
858 219 1023 253 Orientalis,

1121 219 1172 252 λς’.
1189 222 1290 259 Καιρὸς
1312 221 1358 249 οὖν
1387 222 1418 249 ού
1447 223 1561 260 μακρὸς,
1577 223 1620 250 καὶ
1651 221 1736 254 λύκος
1765 223 1846 259 Ξῷος,
1863 234 1919 251 κα-

209 271 318 298 malum
334 268 514 304 Assyricum.
528 266 702 302 Babylonica
725 265 898 300 garrulitate
927 267 1030 292 contra

209 315 282 343 ovile
299 313 429 341 divinum
447 311 545 347 rugiit,
557 319 654 338 vocem
671 310 821 337 sinistram
837 309 938 342 edens,
960 311 1031 336 etut

206 360 268 388 sine
284 362 367 393 tropo
383 357 490 388 dicam,
516 355 686 391 peregrinus
707 354 840 390 quidam,
870 353 986 388 sapiens
1005 354 1029 380 si

207 413 258 441 per
272 412 303 431 se
319 404 477 437 spectetur,
495 401 531 427 de
547 399 656 427 nostris
673 399 761 426 rebus
777 400 808 425 ut
822 398 921 425 ebrius
939 398 1029 425 blate-

206 455 403 481 rans,canum
417 454 496 472 more
517 443 701 471 divinissima
725 451 848 478 quisque
872 442 1028 476 allatruvit,

207 497 239 520 ut
254 499 346 527 equus
372 489 546 522 recalcitrat,
578 488 714 515 frendens
735 490 837 514 contra
861 487 1027 522 dominum,

207 545 293 572 quem
311 544 366 563 non
385 536 613 566 noverat,suum.
627 531 729 559 Inanis.
740 532 898 559 meditatus
914 531 1029 559 insulsa

211 582 382 615 argumenta
394 577 581 609 coacervavit,
597 580 626 604 et
645 577 714 604 dum
731 576 804 603 retia
834 578 928 603 texere
950 576 1028 603 vide-

206 626 302 659 batur,
318 624 417 652 omnia
432 623 574 655 confudit,
591 624 618 649 et
633 621 718 657 quasi
736 629 786 656 per
802 621 913 656 repudii
942 621 1027 648 libel-

206 669 267 698 lum
284 669 450 700 scientiam,
462 675 525 702 qua:
534 666 684 694 hominem
701 674 767 692 cum
784 665 842 693 Deo
859 669 937 692 arcte
957 666 1026 699 jun-

205 715 257 750 git,
274 713 395 741 alteram
412 714 509 739 autem
526 710 772 738 subintroducens
789 709 954 745 pestiferum
971 711 1028 737 im-

205 758 330 795 peratori
348 766 434 785 manu
454 756 519 783 forti
542 758 629 790 atque
650 754 818 790 eloquentia
847 754 1026 790 prtepollenti

205 804 387 830 demonstrat
397 801 474 837 quod
484 803 584 828 contra
594 808 704 827 sacram
717 802 846 826 nostram
858 798 1027 834 religionem

205 847 350 874 disserere
367 848 482 882 posset;
499 849 527 872 et
542 853 606 878 sua,
619 846 650 871 ut
666 844 784 870 domum
814 851 903 878 super
927 851 1026 876 arena,

204 891 338 924 fundare,
357 893 486 918 nostrain
503 891 612 920 autem,
627 888 761 920 insanus,
778 896 878 915 eruere
892 887 1024 922 tentavit,

205 938 307 963 contra
321 943 382 970 quae
396 938 482 970 porta:
496 933 579 972 inferi
593 942 647 960 non
657 931 860 968 prtevelebunt.
883 934 940 959 Rex
973 940 1023 959 au-

205 983 264 1008 tem
281 978 425 1014 extemplo
441 977 649 1013 superveniens
677 976 797 1010 (talibus
818 975 895 1003 enim
925 976 1024 1002 indor-

205 1025 279 1052 mire
295 1033 351 1052 non
369 1024 491 1060 poterat)
507 1022 648 1050 intellexit
664 1024 692 1048 et
707 1021 899 1048 Barbarorum
925 1029 1023 1056 proca-

205 1069 321 1097 citatem
340 1069 539 1096 refrenaturus
565 1067 592 1094 in
623 1066 835 1093 controversias
864 1065 1025 1092 immiscuit

204 1114 262 1142 dux
275 1114 370 1141 bonus
384 1117 412 1140 et
424 1120 506 1139 sacer
520 1112 663 1139 militibus
680 1110 728 1146 qui
746 1113 774 1137 et
790 1110 843 1145 ipsi
861 1110 888 1136 in
915 1109 1024 1137 talibus

204 1159 276 1186 satis
292 1158 398 1185 versati
411 1160 495 1184 erant
511 1156 642 1183 Feliciter
651 1155 769 1190 quidem
787 1155 842 1181 tela
859 1154 886 1181 in
901 1154 1023 1181 bestiam

203 1203 401 1237 conjecerunt,
419 1202 494 1228 inter
510 1209 582 1236 quos
598 1203 626 1227 et
643 1201 715 1226 bene
732 1199 918 1234 pharetratus
931 1199 1022 1234 impe-

208 1249 297 1278 rator,
315 1245 424 1272 multas
441 1245 532 1271 alatus
548 1243 701 1279 possidens
716 1243 858 1278 sagittas;
875 1243 943 1269 dum
971 1250 1022 1269 au-

203 1292 261 1317 tem
279 1289 372 1316 bestia
385 1289 412 1316 in
430 1289 516 1316 corde
531 1296 588 1315 non
604 1286 873 1319 vulnerabatur,ille
893 1287 1022 1314 medium

204 1342 254 1361 cor
270 1332 446 1364 transfodit;
465 1335 538 1359 Deus
555 1334 652 1359 autem
664 1331 752 1366 hujus
777 1330 937 1357 venationis
953 1338 1022 1365 prce-

202 1386 250 1406 ses
266 1385 345 1404 more
362 1376 524 1404 Psalmistie
539 1384 602 1403 eam
619 1376 770 1403 celebrans
787 1375 900 1402 latet-us
917 1377 978 1408 est;
996 1377 1025 1402 et

202 1431 281 1450 nunc
297 1422 446 1458 egregium
464 1422 536 1448 illud
552 1420 644 1448 telum
666 1420 696 1447 in
725 1419 857 1447 honestis
887 1420 1024 1447 manibus

201 1467 294 1503 inque
310 1466 403 1494 oculis
420 1465 544 1493 curiosis
560 1467 694 1492 versatur
707 1467 735 1492 et
751 1464 799 1500 qui
817 1464 941 1499 conjecit
957 1464 1024 1491 bea-

204 1515 253 1539 tus
264 1511 427 1538 dicitur.En
443 1509 644 1538 testimonium
660 1509 737 1545 quod
755 1509 788 1536 ad
807 1508 1023 1544 philosophiam

203 1557 268 1592 eius
281 1555 446 1582 universam
462 1556 585 1589 spectat.

1085 265 1132 292 κὸν
1149 265 1300 304 Ἀσσύριον,
1316 265 1497 304 γλωσσαλγίᾳ
1525 264 1690 302 Βαϐυλωνίᾳ
1714 267 1819 304 ὠρύετο
1847 268 1918 295 κατὰ

1084 311 1132 336 τοῦ
1157 310 1229 341 θείου
1253 311 1393 347 ποιμνίου,
1410 311 1454 338 καὶ
1480 311 1572 349 φωνὴν
1597 311 1745 350 ἀπόφημον
1770 312 1915 350 ἦρι-εὔξατο,

1084 354 1127 381 καὶ
1154 354 1256 391 τρόπου
1282 353 1346 393 δίχα
1369 355 1630 393 εἴπεῖν,ἀλλότριός
1656 366 1697 386 τις
1725 356 1806 393 ἀνὴρ,
1832 358 1916 393 σοφὸς

1086 399 1132 434 μὲν
1157 399 1190 426 τὰ
1215 399 1369 433 ἑαυτοῦ,τὰ
1398 399 1426 427 δὲ
1452 399 1574 438 ἡμέτερα
1597 400 1636 431 ὡς
1660 399 1685 428 ἐν
1713 401 1803 436 μέθης
1834 401 1916 438 λόγῳ

1083 442 1261 481 παραλαλῶν,
1292 443 1408 479 κυνηδὸν
1438 445 1506 472 κατά
1529 447 1584 472 τῶν
1619 446 1765 476 θειοτάτων
1796 445 1918 481 ὑλάκτη-

1084 498 1138 521 σιν,
1169 487 1223 516 εἴτε
1249 489 1293 516 καὶ
1321 489 1358 520 ὡς
1382 488 1468 519 ’ίππος
1497 489 1661 524 ἅξελάκτισι,
1690 491 1917 528 φριμασσόμενος

1083 533 1150 560 κατά
1171 535 1220 560 τοῦ
1244 533 1339 571 κυρίου
1363 533 1456 569 αὐτοῦ,
1481 534 1510 561 ὃν
1540 533 1605 561 οὐδὲ
1632 533 1750 572 ἐπέγνω.
1781 535 1834 562 Καὶ
1867 545 1915 570 με-

1084 577 1199 612 λετήσας
1231 578 1305 614 κενὰ,
1334 578 1513 616 ξυνεφόρησεν
1551 577 1721 610 ἀλλοκότους
1760 578 1916 616 παραλογι-

1083 621 1188 657 σμούς·
1216 622 1260 649 καὶ
1296 621 1384 650 δοκῶν
1424 623 1511 660 πάγας
1553 622 1682 657 πλέκειν,
1713 623 1827 660 συνέχεε
1870 623 1914 650 καὶ

1084 663 1192 703 βιϐλίον
1222 667 1279 693 οἷον
1308 666 1470 703 συνθέμενος
1497 666 1674 702 ἀποστασίου,
1702 667 1839 704 ἑξέπεμπι
1865 668 1913 703 μὶν

1081 710 1130 744 τὴν
1159 711 1349 748 ωζευχθεῖσαν
1378 710 1515 748 ἀνθρώπῳ
1547 711 1629 738 παντὶ
1668 712 1759 743 θεόθεν
1798 713 1912 748 γνῶσιν¹

1082 754 1172 791 ὶτέραν
1204 753 1243 788 δὲ,
1273 755 1304 789 ἢν
1334 754 1383 783 οὐκ
1415 755 1513 793 ἰχρῆν,
1542 756 1779 792 ιῖσποιησάμενος,
1805 755 1912 790 ἐδήλου

1080 800 1130 833 τήν
1147 798 1238 826 ἄνοιαν
1251 802 1291 835 τῷ
1306 799 1351 826 καὶ
1367 800 1446 837 χερσὶ
1472 798 1578 836 δυνατῷ
1601 800 1646 828 καὶ
1671 799 1766 837 λόγοις
1790 800 1911 838 κραταίῴ

1084 843 1201 881 βασιλεῖ,
1213 842 1414 880 ἐνδεικνύμενος
1429 843 1555 871 δύνασθαί
1579 855 1605 871 τι
1628 845 1697 872 κατὰ
1715 848 1767 878 τῆς
1791 843 1818 871 ἐν
1842 846 1909 880 ἡμῖν

1083 887 1230 925 ἱερωτάτης
1268 888 1413 926 θρησκείας
1451 887 1557 923 λαλεῖν,
1585 888 1630 916 καὶ
1657 889 1691 915 τὰ
1725 889 1772 924 μὶν
1814 889 1908 916 ἑαυτοῦ

1079 932 1185 966 ἀνιστᾷν
1201 930 1313 964 ἐθέλων,
1330 932 1393 959 ὡσεὶ
1415 932 1460 959 καί
1484 943 1545 959 τινα
1568 932 1593 968 ἐξ
1618 931 1712 968 ἅμμου
1742 931 1907 969 οἰκοδομὴν,

1079 975 1268 1014 καταῤῥιπτιῖν
1303 975 1332 1003 δὶ
1364 976 1533 1014 πειρώμενος
1567 977 1601 1004 τὰ
1636 976 1766 1013 ἡμεδαπὰ
1797 978 1907 1012 νήπιος,

1080 1021 1116 1047 ὢν
1147 1020 1196 1048 οὐκ
1224 1020 1255 1047 ἂν
1280 1019 1342 1048 οὐδὶ
1376 1020 1460 1048 πύλαι
1490 1019 1557 1056 ᾇδου
1583 1022 1788 1059 κατισχύσαιιν.
1817 1022 1845 1049 ’0
1879 1021 1907 1049 ὂὶ

1082 1064 1209 1103 βασιλεὺς
1237 1065 1308 1102 ταχὺ
1350 1065 1470 1093 ἐπελθὼν
1495 1067 1538 1102 (ού
1567 1067 1616 1103 γὰρ
1645 1066 1678 1100 ἦν
1708 1065 1814 1093 ἐκείνου
1849 1069 1906 1097 τοῖς

1078 1109 1213 1140 τοιούτοις
1252 1109 1457 1146 ἐπινυστάξειν),
1487 1110 1530 1137 καὶ
1569 1110 1719 1147 καταγνοὺς
1754 1111 1802 1137 καὶ
1837 1121 1905 1148 προ-

1079 1152 1319 1189 ϐληματισάμενος
1349 1154 1436 1190 ἑαυτῷ
1459 1155 1492 1181 τὰ
1515 1155 1565 1188 τήν
1600 1152 1767 1192 βασόαρικήν
1795 1154 1904 1192 ἐρεσχε-

1080 1198 1140 1226 λιαν
1180 1199 1406 1236 κατασιγάσοντα,
1449 1200 1507 1226 εἶτα
1541 1199 1586 1226 καὶ
1624 1202 1682 1230 τοῖς
1724 1199 1907 1237 βουλομένοις

1078 1242 1224 1270 ἐκδέδωκεν
1251 1243 1288 1274 εἷς
1317 1243 1484 1281 ἀντίρῥησιν,
1501 1244 1650 1281 στρατηγὸς
1674 1243 1774 1281 ἀγαθός
1805 1254 1835 1271 τε
1862 1244 1906 1271 καὶ

1078 1287 1162 1324 ἱερὸς,
1179 1288 1354 1324 στρατιώταις
1370 1289 1467 1317 ἱκανῶς
1483 1287 1527 1314 καὶ
1557 1288 1652 1318 αὐτοῖς
1680 1291 1740 1318 ταῖς
1767 1288 1906 1319 τοιαύταις

1081 1332 1182 1368 μάχαις
1212 1330 1418 1367 ἐνησκημὲνοις.
1450 1332 1501 1360 Καὶ
1541 1332 1636 1364 πάντες
1675 1333 1722 1368 μὲν
1760 1333 1904 1368 κατετοξά-

1080 1378 1158 1409 ζοντο
1177 1377 1225 1403 τοῦ
1254 1376 1353 1412 θηρίου
1373 1375 1522 1413 ἐπιτυχῶς,
1541 1376 1566 1403 ἐν
1592 1375 1621 1404 δὶ
1644 1379 1702 1407 τοῖς
1723 1377 1768 1404 καὶ
1794 1377 1810 1404 ὁ
1827 1377 1903 1415 εὐρυ-

1078 1420 1221 1458 φαρέτρας,
1246 1420 1290 1447 καὶ
1322 1419 1445 1451 πολλοὺς
1474 1420 1600 1448 πλουτῶν
1634 1420 1696 1452 τοὺς
1723 1424 1793 1448 κατᾶ
1823 1419 1904 1458 λόγον

1078 1464 1238 1501 πτερόεντας
1256 1463 1399 1502 Baeda-54'
1417 1465 1460 1492 καὶ
1486 1468 1543 1495 τοῖς
1576 1465 1624 1501 μὶν
1648 1464 1747 1496 ἄλλοις
1778 1465 1810 1492 οὗ
1840 1466 1906 1493 κατὰ

1078 1507 1190 1545 καρδίας
1218 1509 1232 1535 ὁ
1261 1509 1311 1544 θήρ
1339 1506 1483 1544 ἐϐάλλετο,
1512 1509 1592 1540 αὐτὸς
1622 1507 1647 1536 δ’
1673 1509 1746 1537 ἀλλὰ
1773 1511 1906 1547 τυγχάνει

1081 1553 1167 1589 μέσης
1196 1552 1290 1587 αὐτῆς.
1317 1553 1365 1580 Κάὶ
1395 1553 1409 1580 ὁ
1437 1556 1487 1587 τῆς
1516 1556 1600 1591 θήρας
1626 1553 1727 1588 ταύτης
1754 1553 1906 1582 ἐπιστατῶν

201 1600 278 1635 Θεὸς,
293 1599 336 1626 ναὶ
353 1599 399 1635 μὲν
415 1598 460 1626 καὶ
476 1598 621 1635 ψαλμικῶς
638 1596 759 1636 εὐλογῶν
775 1597 869 1632 αὐτὴν,
886 1595 988 1635 ἔχαιρε.
1007 1597 1059 1625 Καὶ
1075 1599 1120 1624 νῦν
1136 1597 1166 1624 τὸ
1180 1596 1304 1624 ἐκλεκτὸν
1320 1598 1407 1624 ὶκεῖνο
1425 1597 1505 1635 βέλος
1528 1597 1554 1624 ἔν
1580 1608 1610 1625 τι
1624 1598 1702 1636 χερσὶ
1727 1597 1905 1637 φιλοκάλοις,

198 1641 224 1671 ἔν
236 1654 265 1670 τε
279 1641 354 1680 ὄψεσι
370 1642 549 1682 φιλοθεάμοσι
561 1643 679 1681 φέρεται,
695 1642 738 1669 καὶ
755 1642 769 1669 ὁ
785 1641 895 1680 ἐπαφεὶς
912 1640 1062 1680 εὐλογεῖται
1080 1641 1306 1680 μακαριζόμενος.
1323 1641 1371 1669 Καὶ
1386 1643 1420 1679 τῇ
1445 1641 1530 1679 λοιπῇ
1555 1641 1706 1681 φιλοσοφίᾳ
1728 1642 1838 1670 ἰκείνυυ
1862 1642 1907 1670 καὶ

199 1689 279 1715 τοῦτο
296 1687 432 1725 σύγκειται
448 1687 485 1719 εἷς
504 1687 660 1725 μαρτύριον.

234 1790 279 1817 37.
298 1790 392 1825 Hujus
409 1789 560 1825 sapientiae
578 1798 645 1825 pars
662 1797 720 1816 non
739 1789 860 1816 minima
875 1791 944 1816 sunt
968 1789 1023 1824 pri-
1039 1797 1059 1829 ο

201 1835 278 1862 stina
294 1834 453 1862 certamina
469 1834 677 1869 ecclesiastica,
694 1835 722 1861 in
740 1834 847 1869 quibus
864 1834 945 1869 regias
957 1843 1023 1862 cum

200 1881 258 1906 Deo
274 1879 400 1906 victorias
417 1882 445 1906 et
459 1879 624 1913 linguarum
641 1887 705 1914 qua:
722 1879 779 1906 Deo
795 1879 950 1914 insultant,
976 1888 1022 1907 ex-

200 1923 345 1957 stirpatio,
379 1931 442 1957 qua:
472 1923 649 1950 sacriﬁcium
677 1931 728 1958 pro
758 1923 859 1950 mundi
884 1923 978 1951 salute
1006 1932 1023 1951 ο

199 1974 306 2002 magno
324 1967 522 1995 sacriﬁcatore
537 1967 667 1995 oblatum
686 1968 867 2004 rejiciebant,
883 1971 939 1996 Deo
965 1970 1021 1996 im-

198 2012 370 2047 pertientes.
387 2012 468 2047 quasi
486 2012 623 2048 scrupulo
635 2013 728 2040 vexati
741 2021 776 2040 ne
797 2013 905 2041 oblatio
925 2014 1021 2041 Trini-

196 2056 248 2083 tati
278 2056 387 2084 cmlesti
417 2057 596 2092 displiceret,
627 2063 653 2084 et
682 2057 751 2085 hinc
783 2058 956 2094 insipienter
983 2060 1018 2087 ad

196 2101 310 2128 Patrem
336 2102 494 2129 referentes
524 2105 553 2129 et
581 2102 685 2130 salutis
712 2102 885 2131 universatis
914 2104 1019 2131 admit-

195 2146 290 2173 tentes
307 2145 479 2181 participem
497 2145 613 2180 Filium,
627 2146 671 2182 (eo
684 2148 888 2182 pervenerunt)
915 2149 943 2174 et
959 2147 1021 2183 Spi-

195 2188 284 2216 ritum
299 2192 434 2217 sanctum
452 2190 480 2217 in
496 2190 640 2217 nullitatis
654 2190 716 2218 loco
733 2191 1017 2226 posuerunt.lbidem

194 2241 268 2268 opus
281 2234 395 2269 regium
430 2237 603 2269 perseverat,
635 2234 708 2262 liber
735 2243 827 2267 sacer,
851 2243 938 2270 quem
966 2243 1017 2263 itc-

194 2278 285 2305 clesia
300 2278 375 2305 inter
391 2278 544 2306 thesauros
560 2288 659 2310 sacros
676 2283 815 2312 asservat,
832 2280 942 2315 regiam
968 2281 1017 2308 de-

193 2321 308 2350 clarans
319 2323 494 2358 sapientiam
516 2326 544 2351 et
560 2332 611 2360 pro
627 2323 675 2351 Dei
686 2324 816 2352 ecclesiis
842 2324 1016 2353 sollicitudi-

195 2373 271 2394 nem.

229 2540 273 2568 38.
290 2541 417 2570 Verbum
447 2552 532 2571 omne
558 2544 630 2571 illud
655 2544 852 2581 dogmaticum
884 2545 1013 2572 nondum

1116 1788 1165 1823 λζ’.
1183 1788 1290 1824 Ταύτης
1318 1791 1368 1823 τῆς
1396 1788 1490 1827 σοφίας
1522 1788 1603 1826 μέρος
1632 1787 1728 1816 οὔκουν
1758 1788 1908 1827 ἐλάχιστον

1079 1833 1123 1861 καί
1162 1833 1187 1860 ot
1225 1836 1370 1872 φθάσαντες
1404 1832 1625 1867 ἰκκλησιαο-τικοὶ
1667 1833 1778 1871 ἀγῶνες,
1806 1834 1832 1860 ἰν
1865 1835 1906 1864 οἷς

1078 1878 1123 1904 καὶ
1150 1877 1242 1909 αὐτοῖς
1270 1876 1398 1916 βασιλικά
1422 1877 1468 1904 σὺν
1495 1879 1553 1914 Θεῷ
1579 1877 1756 1914 ἐκνικήματα,
1777 1878 1823 1905 καὶ
1849 1879 1904 1905 θεο-

1080 1922 1177 1959 μάχων
1193 1921 1325 1960 γλωσσῶν
1343 1922 1495 1960 ἐκρίζωσις,
1513 1922 1571 1949 ὅσαι
1595 1923 1645 1956 τὴν
1675 1923 1903 1959 κοσμοσωτήριον

1077 1967 1233 2005 προσφορὰν
1247 1968 1295 1994 τοῦ
1313 1965 1432 2004 μεγάλοο
1446 1967 1490 1994 καὶ
1518 1966 1598 1998 θύτου
1627 1967 1672 1994 καὶ
1697 1967 1819 2002 θύματος
1852 1967 1902 1994 (ut.

1077 2009 1214 2050 ενόσφιζον
1244 2011 1338 2044 αὐτοῦ,
1369 2010 1520 2045 ἰδιάζουσαι
1550 2010 1650 2046 ταύτην
1678 2014 1717 2047 τῷ
1741 2012 1841 2048 Πατρὶ,
1865 2013 1901 2042 ὡς

1076 2055 1151 2094 εἷ’πιρ
1185 2053 1351 2083 εὐλαϐοῦντο
1382 2055 1591 2093 γλισχρότιρον,
1618 2056 1656 2092 μή
1690 2066 1756 2083 ποτε
1782 2056 1816 2083 τὰ
1853 2059 1902 2090 τῆς

1075 2103 1258 2138 προσαγωγῆς
1284 2099 1333 2127 οὐκ
1359 2099 1401 2135 εἶή
1425 2102 1459 2136 τῇ
1478 2100 1600 2138 ὑπερθὲῳ
1615 2099 1711 2138 Τριάδι
1740 2100 1899 2137 ἀρέσκοντα,

1074 2146 1215 2177 κάντεῦθεν
1240 2144 1322 2178 αὐτὴν
1347 2144 1471 2184 ἀφρόνως
1494 2145 1532 2175 είς
1556 2145 1603 2172 τὸν
1634 2145 1740 2182 Πατέρα
1770 2145 1900 2181 μονάζον-

1074 2200 1128 2222 σαι,
1152 2189 1196 2216 καὶ
1225 2188 1351 2216 τοιούτου
1381 2188 1528 2227 κεφαλαίου
1563 2189 1735 2227 παγκοσμίου
1763 2190 1899 2227 σωτηρίας

1073 2233 1259 2269 ἀκοινώνητον
1285 2233 1332 2260 τόν
1360 2243 1390 2260 τι
1418 2233 1479 2260 Υἲὸν
1510 2233 1626 2271 ἀφίεῖσαι
1643 2233 1685 2270 (τό
1700 2244 1731 2271 γε
1751 2233 1790 2265 είς
1820 2234 1898 2265 αὐτὰς

1072 2280 1150 2314 ἧκον)
1164 2278 1195 2305 τό
1209 2289 1239 2306 τε
1254 2280 1372 2314 Πνεῦμα,
1389 2277 1425 2308 ὡς
1454 2276 1538 2314 μηδὲν
1562 2278 1600 2314 ὃν,
1617 2278 1661 2305 καὶ
1683 2277 1776 2309 αὐτοῖς
1801 2278 1897 2306 τούτου

1075 2323 1164 2360 μετόν.
1192 2322 1240 2351 Καὶ
1274 2322 1414 2360 πρόκειται
1446 2323 1478 2349 τὸ
1514 2321 1654 2359 βασιλικὸν
1684 2323 1818 2350 κάνταῦθα
1847 2323 1898 2351 πό-

1071 2378 1156 2403 νημα,
1185 2369 1202 2402 ἡ
1233 2366 1293 2404 ἱερὰ
1324 2364 1431 2404 βίϐλος,
1461 2367 1491 2400 ἣν
1521 2366 1551 2393 τὸ
1580 2365 1803 2402 ἐκκλησιαστικὸν
1835 2368 1897 2395 ἀνά-

1070 2422 1167 2450 κτορον
1184 2410 1430 2448 ἐντεθησαύρισται,
1446 2411 1495 2444 τὴν
1514 2409 1658 2448 βασιλικὴν
1676 2411 1780 2448 μηνύον
1803 2411 1894 2450 φίασον

1070 2457 1114 2485 καὶ
1127 2458 1176 2492 τήν
1191 2456 1257 2494 ὑπὲρ
1270 2458 1323 2483 τῶν
1338 2457 1387 2482 τοῦ
1405 2458 1472 2483 Θεοῦ
1490 2454 1643 2490 ἐκκλησιῶν
1662 2456 1807 2494 μέριμναν.

1106 2543 1153 2579 λή.
1170 2543 1254 2572 Οὸπω
1281 2545 1332 2571 πᾶν
1363 2541 1457 2581 εἴρητο
1486 2542 1550 2574 ἔπος
1588 2541 1674 2570 ἐκεῖνο
1703 2544 1734 2571 τὸ
1762 2542 1893 2581 δογματι-

193 2585 340 2621 prolatum
357 2590 428 2622 erat,
441 2597 507 2616 cum
537 2589 633 2616 malus
664 2590 776 2617 daemon
802 2589 1015 2623 invidissimus,

1079 2589 1128 2623 ιὸν,
1153 2588 1198 2616 καὶ
1228 2588 1242 2615 ὃ
1268 2587 1435 2626 αὖτοφθόνος
1465 2587 1571 2624 δαίμων
1600 2588 1745 2625 βασκήνας,
1773 2587 1849 2628 ιῗπερ
1875 2590 1892 2624 ἡ

193 2630 262 2657 dum
282 2631 329 2659 Dei
345 2632 473 2660 Ecclesia
489 2633 517 2660 in
537 2634 677 2661 unitatem
708 2634 840 2667 conﬂata,
870 2634 1015 2662 discordia

192 2675 272 2702 omni
290 2676 407 2704 sublata
423 2677 450 2704 in
470 2678 657 2705 concordiam
686 2678 868 2713 spiritualem
894 2677 1014 2712 coaluit,

192 2719 306 2748 Patrem
324 2722 394 2749 Filio
411 2723 551 2758 majorem
561 2723 721 2750 secundum
739 2723 927 2760 Evangelium
946 2731 1014 2759 pro-

193 2765 317 2792 nuntiat.
336 2767 377 2794 Ex
393 2767 461 2794 hinc
478 2767 653 2795 offendicula
669 2770 697 2795 et
713 2768 842 2795 insolens
864 2776 1013 2796 commen-

194 2810 255 2835 tum
271 2812 332 2838 tam
348 2819 449 2839 eorum
466 2811 516 2847 qui
533 2812 630 2840 minus
646 2813 782 2849 religiose
792 2813 822 2840 in
833 2813 878 2840 via
887 2815 1013 2848 Evange-

1069 2636 1118 2662 τοῦ
1147 2637 1224 2661 Bson.
1242 2631 1392 2668 Ἐκκλησία
1417 2632 1455 2663 εἰς
1469 2633 1582 2667 ἑνότητα
1607 2633 1755 2670 ἥρμοσται,
1771 2633 1816 2661 καὶ
1844 2635 1892 2668 τήν

1071 2677 1211 2716 διχόνοιαν
1239 2676 1362 2714 σχάσασα
1387 2680 1516 2711 συνῆκται
1547 2677 1584 2705 εἰς
1613 2678 1651 2712 ἓν,
1667 2677 1712 2705 καὶ
1736 2678 1804 2716 πρὸς
1820 2689 1895 2706 πνευ-

1073 2723 1188 2760 ματικὴν
1219 2723 1350 2756 συνῆπται
1388 2721 1527 2758 ὁμόνοιαν,
1558 2724 1763 2761 περιιγράζεται
1788 2724 1820 2750 τὸ
1847 2726 1893 2751 τοῦ

1071 2767 1175 2806 Πατρὸς
1204 2769 1295 2803 μεῖζον
1321 2766 1388 2803 πρὸς
1417 2766 1464 2794 τὸν
1493 2767 1565 2802 Υἳὸν,
1581 2768 1612 2795 τὸ
1639 2767 1824 2805 εὐαγ-(ελικῶς
1852 2768 1893 2796 ἐκ·

1070 2812 1253 2849 λαλούμενον.
1270 2810 1320 2838 Καὶ
1350 2811 1550 2849 προσ-κόμματα
1575 2813 1720 2850 κάνταῦθα,
1749 2812 1794 2841 καὶ
1822 2812 1892 2840 πολὺ
