2021 3154
129 171 202 202 1001

558 170 758 202 MANUELIS
781 170 955 202 GOMNENI
979 171 1180 202 LAUDATlO
1201 171 1404 203 FUNEBRIS.

1755 174 1834 205 1002

128 238 184 266 τοῖς
221 235 330 264 πλείοσι
364 235 394 263 τὸ
433 235 642 274 ἀπερίσκεπτον,
668 238 722 263 τῶν
759 237 806 273 μὲν
846 235 953 267 εἰκαίως

1012 236 1068 264 lica
1083 237 1315 272 procedunt,non
1331 238 1395 266 ideo
1412 241 1442 266 ut
1456 247 1546 274 usque
1561 240 1596 267 ad
1614 240 1700 268 ﬁnem
1717 242 1830 268 rectum

131 280 316 318 έντρεχόντων
340 282 375 318 τῇ
400 279 564 318 εὐαγγελικῇ
589 279 655 316 ὁδῷ,
673 280 727 318 οὐχ
746 280 814 308 ὥστε
844 280 881 316 μή
908 280 954 307 καὶ

129 324 214 359 πάντη
250 325 334 362 μέχρι
363 325 478 362 πέρατος
518 324 662 362 ἐκδραμεῖν
692 326 741 360 τῆς
768 325 862 362 ὀρθῆς,
891 323 954 351 ἀλλ’

130 369 243 401 εὐθέτως
272 369 344 407 ἔχειν
375 367 574 406 ἐμϐιϐασθῆναὶ
599 381 664 397 ποτε
694 370 731 401 εἷς
755 370 785 397 τὸ
813 369 952 396 εὐθύτατον

128 416 179 441 τῶν
211 413 240 442 δὶ
267 414 312 441 καὶ
340 414 478 445 παντελῶς
507 417 558 449 τῆς
585 415 731 452 βασιΛικῆς
761 413 952 447 ἐκκλινάντων,

127 458 170 486 καὶ
201 458 241 490 εἷς
271 458 408 490 ἀπωλείας
433 459 643 496 κατακυψάντων
675 459 821 497 βάραθρον,
844 459 881 488 ὡς
908 457 953 485 καὶ

128 503 254 540 ἐμπεσεῖν
271 503 363 531 αὐτόθι
379 503 496 536 ἑλέσθαι.
513 505 578 532 ’Ὀτε
596 504 642 531 καὶ
669 504 694 531 οἱ
722 503 769 540 μὶν
794 503 824 530 τὸ
846 504 900 530 τῶν
926 501 952 528 ἐν

125 550 165 584 τῷ
195 551 307 585 Σωτῆρι
337 549 501 587 θεανθρώπῳ
530 549 635 587 φύσεων
668 547 788 585 εὐκρινὶς
814 547 951 585 συνέχεον,

126 592 163 624 ὡς
187 591 218 619 ἂν
240 593 285 620 καὶ
311 592 390 625 λάθοι
414 603 456 624 τις
483 592 569 624 οὕτως
595 591 795 630 ἰξαμαρτάνων,
813 592 838 619 οἱ
862 590 891 618 δὲ
917 592 952 627 τῇ

125 637 275 675 ἀσυγχύτῳ
291 637 383 665 ἑνώσει
400 635 580 666 ἐπεϐούλευον
606 640 645 674 τῷ
671 635 782 668 αὐθάδει
811 638 860 664 τοῦ
888 634 952 662 δυσι-

125 683 205 717 σμοῦ.
238 682 287 708 Καὶ
316 682 350 716 ἦν
389 681 464 714 αὖθις
502 682 636 709 κάνταῦθα
665 682 679 708 ὁ
707 681 789 719 σοφὸς
825 679 951 718 βασιλεὺς

125 724 264 753 ὁδοποιῶν
292 726 344 760 τήν
373 726 412 757 είς
439 726 502 754 Θεὸν
531 723 637 763 τρίϐον,
653 726 697 753 καὶ
719 724 860 763 διανοίγων
884 727 951 762 Γρα-

127 770 252 808 (pagani
283 770 396 808 εῖσάγων
427 771 460 798 δι’
490 771 578 798 αὐτῶν
609 771 645 801 εἷς
671 771 715 798 τὸν
744 774 794 804 τῆς
823 768 952 804 ἀληθείας

125 814 300 852 παράδεισον.
317 816 371 843 Καὶ
393 816 433 846 οἷς
464 815 511 852 μὶν
539 814 641 850 ἐπῆλθε
668 815 707 851 μὴ
736 815 883 841 ὑπακοῦσαι
911 815 951 848 τῷ

125 859 163 891 si:
191 859 329 897 σωτηρίαν
357 859 497 893 καλοῦντι,
518 860 655 890 ἀπωλείας
686 859 739 886 υἳοὶ
772 858 880 893 ἐκεῖνοι,
906 857 950 885 καὶ

125 902 242 940 ὤλοντο,
269 905 421 941 πεισμονῆν
447 905 588 937 παθόντες,
660 904 703 931 καὶ
728 900 950 941 συγκατεϐλήθη-

125 958 182 976 σαν·
214 949 241 976 o't
272 947 300 976 δὲ
328 933 379 982 τῆς
410 947 556 987 βασιλικῆς
595 933 780 983 διδασκαλίας,
811 947 893 974 εἷ’πεῖν
923 933 989 974 δὲΒ

123 993 219 1020 ταύτδν
245 993 337 1021 ἐνθέου
372 994 418 1020 καὶ
458 992 654 1028 ἀποστολικῆς,
684 992 875 1030 ἐπιγνώμονες,
905 991 949 1018 καὶ

123 1038 351 1074 παρικνεύσαντες
383 1037 430 1074 μὲν
460 1037 503 1064 ἐπὶ
535 1037 624 1075 βραχὺ
653 1036 714 1064 ὅσον
743 1040 792 1071 τῆς
813 1036 851 1067 εἷς
869 1035 948 1072 ὀρθὸν

120 1081 242 1118 ὁδοῦ,ἣν
274 1083 338 1113 Θεὸς
365 1085 452 1118 ἐαυτῷ
480 1082 588 1116 οἷκειοῖ,
606 1081 655 1109 καὶ
684 1081 753 1119 πρὸς
781 1079 878 1117 ὄνομα,
895 1080 951 1107 ἐπι-

120 1126 283 1165 στραφέντες
308 1125 336 1154 δὲ
360 1126 454 1160 πάλιν,
470 1126 515 1154 καὶ
541 1127 590 1153 ἀνὰ
612 1125 688 1159 πόδα
709 1126 855 1156 ἐπαινετῶς
888 1135 949 1162 χω-

121 1172 266 1209 ρήσαντες,
301 1170 365 1199 ἀλλ’
385 1171 460 1199 αὐτοὶ
488 1171 520 1199 τὸ
550 1171 609 1207 μεθ’
623 1172 703 1208 ἡμῶν
735 1170 800 1197 εἶναι
826 1170 871 1197 καὶ
899 1171 948 1202 τῆς

120 1215 252 1251 ἀληθείας
281 1215 435 1253 ἐκέρδαναν.
453 1217 501 1244 Καὶ
532 1215 590 1243 ίδοὺ
618 1216 765 1254 γέγραπται
794 1215 838 1242 καὶ
866 1216 950 1242 ταῦτα

121 1260 148 1288 ἂν
167 1257 258 1299 βίϐλῳ
289 1259 434 1298 βασιλειῶν
465 1260 609 1298 ἑκατέρων,
622 1263 672 1294 τῆς
696 1270 726 1286 τε
749 1261 796 1287 τοῦ
812 1261 888 1294 Θεοῦ,
904 1259 949 1286 καὶ

119 1307 170 1339 τῆς
198 1304 268 1343 πρὸς
304 1304 442 1340 αἴσθησιν,
473 1305 518 1332 καὶ
552 1305 584 1332 τὸ
611 1304 798 1342 πολυγραφειν
830 1303 948 1336 ἐντεῦθεν

122 1351 191 1387 ἡμῖν
209 1349 383 1388 ιγκότιτεται.

159 1546 211 1579 λθ’.
227 1547 285 1576 Ἵνα
312 1544 340 1574 δὶ
363 1546 427 1578 τοὺς
449 1546 547 1584 λόγους
575 1545 687 1576 τούτους
713 1543 950 1584 ἐπισφραγίσωμαι

122 1591 397 1632 κεφαλαιωσάμενος,
424 1590 494 1619 οὕτω
523 1590 568 1618 καὶ
595 1591 645 1625 τὴν
675 1589 858 1627 πνευματικὴν
889 1589 948 1624 ἰξή-

121 1647 207 1672 σκητο
226 1636 410 1670 διαλεκτικὴν,
427 1637 465 1667 ὡς
493 1638 545 1674 πῦρ
575 1635 667 1673 βαλεῖν
685 1635 776 1667 ἐνθέου
807 1633 892 1669 ζήλου
921 1633 946 1660 ἐν

122 1683 157 1718 τῇ
186 1680 295 1718 καρδίᾳ,
326 1681 369 1708 καὶ
400 1681 487 1718 λέγειν
517 1679 631 1714 ἐθέλειν,
661 1679 687 1707 εἴ
719 1678 773 1714 ἤδη
814 1679 947 1717 ἐξπινήφθη

124 1727 274 1764 λαμπρῶς,
304 1725 347 1753 καὶ
385 1725 450 1763 ὑπὲρ
488 1729 538 1760 τῆς
576 1728 670 1759 κοινῆς
702 1724 821 1754 ἐνώσεως
848 1722 950 1750 ἐκκαίε-

124 1776 186 1803 σθιιι
203 1773 257 1798 τῶν
272 1769 459 1808 διερρωγότων
477 1769 502 1797 ἐν
522 1773 580 1801 τοῖς
601 1769 684 1802 θείοις
714 1767 855 1807 δόγμασιν.
873 1768 950 1796 Ἐπε-

124 1815 215 1843 ποίθςι
248 1815 295 1850 μὲν
319 1815 370 1853 γὰρ
397 1815 441 1842 καὶ
462 1817 497 1851 τῇ
523 1813 657 1852 λογαδικῇ
672 1814 756 1849 τάξει,
773 1813 822 1848 ὅση
849 1823 878 1839 τε
907 1812 953 1839 ὑπ’

126 1859 200 1895 αὖτῷ
230 1858 347 1896 ἀλείπτῃ
374 1859 402 1886 εὗ
445 1859 518 1895 μάλα
558 1859 592 1886 τὰ
634 1861 692 1890 θεῖα
727 1859 878 1893 ἠσκήσατο,
906 1857 951 1884 καὶ

123 1904 193 1938 ὅσην
210 1904 228 1937 ἡ
246 1901 420 1940 παρ’ὂίλλοις
449 1901 608 1930 διδασκαλία
635 1903 704 1939 πρὸς
734 1903 836 1939 ἀγῶνας
859 1900 952 1928 τοιού-

121 1958 190 1978 τους
221 1947 364 1984 ἐθρέψατο.
381 1947 439 1976 Οὐκ
466 1946 495 1975 ἃν
527 1947 555 1975 δέ
581 1958 622 1979 τις
648 1950 703 1975 τῶν
729 1947 816 1985 ἀγαθὰ
845 1947 951 1984 φρονεῖν

126 1991 244 2020 εἷδότων
274 1992 385 2028 ἆξιώσοι
413 1993 458 2020 τὸν
485 1992 556 2020 οὕτω
584 1992 666 2031 σοφὸν
699 1992 884 2028 αὐτοκράτορα
914 1989 952 2026 μὴ

125 2037 222 2065 ἑαυτὸν
249 2040 373 2065 τοιοῦτον
399 2035 464 2065 ὅντα
492 2036 600 2073 εἷ’δέναι,
620 2037 642 2064 εί
668 2037 706 2073 μὴ
734 2036 777 2063 καὶ
802 2035 953 2072 στρατηγὸν

125 2081 327 2116 κύδιστον,κᾰῖ
357 2080 524 2120 κυϐερνήτην
554 2081 672 2119 ἄριστον,
702 2081 747 2108 καὶ
778 2080 867 2117 ἰατρὸν
895 2079 955 2106 ἐπι-

124 2129 261 2163 στήμονα,
293 2127 339 2154 καὶ
369 2127 414 2154 τὸν
443 2126 516 2158 ὅλως
543 2126 685 2153 ἐπαινετοῦ
714 2135 788 2156 τινος
823 2123 956 2160 εἲδήμονα

123 2171 290 2208 νομοθετοῖ-η
323 2172 361 2208 μή
398 2175 447 2206 τῆς
483 2171 541 2198 καθ’
571 2171 663 2198 ἑαυτὸν
701 2169 843 2207 τυγχάνειν
878 2167 958 2204 ἕξεως

126 2216 317 2253 έπιγνώμονα,
346 2216 382 2247 ὡς
422 2215 494 2243 οὕτω
526 2214 701 2249 κινδυνεύειν,
735 2213 958 2250 ἀνεπιστημόνως

126 2262 292 2298 τεχνοῦσθαι
321 2260 354 2287 τὰ
376 2260 587 2297 Ξπιστημονικὰ,
604 2259 648 2287 καί
673 2270 732 2290 πως
760 2259 828 2286 uti
853 2259 884 2285 τὸ
911 2258 959 2285 αὖ·

1010 281 1066 309 iter
1079 283 1342 316 transgredientur,
1360 284 1410 310 sed
1442 286 1474 311 ut
1502 284 1682 320 paratissimi
1709 285 1769 312 sint
1795 286 1830 313 ad

1008 325 1232 362 ingrediendum
1251 327 1503 361 rectitudinaliter,
1520 329 1537 355 ii
1554 337 1620 356 vero
1646 329 1693 364 qui
1709 329 1829 357 omnino

1009 379 1024 398 α
1039 371 1085 398 via
1100 379 1187 406 quem
1203 372 1279 406 regis
1304 380 1410 399 nomen
1436 372 1559 400 honorat
1584 373 1782 409 decesserunt,
1798 374 1829 401 in

1008 415 1099 442 ruinae
1111 415 1282 443 barathrum
1295 425 1325 444 se
1337 417 1626 453 praecipitaruntdpsi
1641 426 1741 446 casum
1752 427 1831 446 acce-

1008 460 1137 487 lerando.
1153 461 1183 487 lli
1196 460 1314 496 quidem
1326 461 1538 489 naturarumin
1550 461 1695 490 Salvatore
1711 463 1767 490 Deo
1785 464 1829 491 in-

1007 506 1125 532 cnrnato
1136 505 1355 533 distinctionem
1365 506 1638 539 confundebant.ita
1647 509 1679 534 ut
1687 507 1778 535 nescii
1788 516 1830 535 er-

1007 549 1134 576 raverint
1146 557 1151 583 ;
1163 549 1204 576 illi
1216 558 1294 585 pura:
1304 549 1404 578 unioni
1420 550 1529 578 bellum
1541 551 1705 578 inferebant
1719 551 1829 580 dualis-

1007 601 1088 620 mum
1104 593 1325 622 introducendo.
1343 594 1397 622 Sed
1424 594 1465 622 ibi
1489 596 1577 622 etiam
1604 595 1763 631 imperator
1782 605 1830 624 sa-

1007 637 1089 673 piens
1103 639 1238 666 semitam
1255 639 1290 666 ad
1307 639 1398 666 Deum
1421 640 1574 667 ducentem
1589 641 1734 675 patefecit,
1751 641 1830 668 Scri-

1006 686 1108 718 pturas
1125 684 1268 718 aperiens,
1285 686 1313 711 et
1331 692 1380 719 per
1395 692 1444 712 eas
1465 684 1494 711 in
1512 684 1642 712 veritatis
1658 685 1828 720 paradisum

1007 727 1159 755 inducens.
1176 728 1230 761 Qui
1254 730 1352 756 autem
1378 728 1413 756 ad
1441 728 1564 756 salutem
1581 729 1694 756 vocanti
1710 729 1829 758 obedire

1007 772 1175 806 noluerunt,
1189 773 1362 807 perditionis
1382 773 1432 800 ﬁlii
1450 773 1600 809 perierunt
1615 774 1728 801 ﬁduciis
1742 775 1829 801 victi-

1007 824 1060 842 ma:
1073 819 1103 843 et
1117 817 1323 851 credulitates;
1346 818 1395 853 qui
1423 820 1520 845 autem
1552 818 1715 853 magisterii
1745 818 1829 854 regii,

1006 863 1106 896 utpote
1122 869 1137 888 a
1160 861 1218 889 Deo
1243 862 1377 897 inspirali
1402 865 1431 890 et
1458 862 1612 897 apostolici
1642 870 1730 890 sensu
1752 865 1829 891 recto

1005 905 1188 939 fruebantur,
1218 906 1370 942 paululum
1401 916 1417 934 a
1446 910 1525 934 recta
1562 907 1609 934 via
1638 907 1828 941 declinantes,

1005 958 1093 985 quam
1106 950 1182 978 Deus
1194 951 1340 986 propriam
1352 952 1406 979 sibi
1418 952 1581 985 constituit,
1596 952 1692 987 quoad
1709 960 1828 986 nomen,

1005 1003 1108 1022 rursus
1124 998 1219 1022 autem
1238 996 1367 1023 conversi
1390 998 1419 1023 et
1443 997 1546 1032 pedem
1573 997 1732 1031 prudenter
1755 997 1828 1024 refe-

1005 1041 1112 1072 rentes,
1128 1039 1168 1072 hi,
1186 1041 1364 1067 consortium
1392 1040 1543 1068 nobiscum
1562 1040 1706 1075 ineuntes,
1722 1041 1827 1068 verita-

1005 1085 1062 1110 tem
1082 1083 1182 1111 lucrati
1198 1087 1276 1112 sunt.
1293 1087 1327 1112 Et
1341 1093 1407 1113 ecce
1431 1085 1493 1113 haec
1521 1085 1550 1112 in
1575 1085 1649 1113 libro
1673 1085 1827 1120 utriusque

1005 1129 1085 1164 regni
1100 1129 1265 1165 conscripta
1279 1131 1359 1162 sunt,
1376 1129 1458 1166 regni
1473 1129 1535 1163 Dei,
1552 1130 1684 1165 inquam,
1702 1131 1730 1157 et
1745 1129 1827 1165 regni

1003 1173 1129 1201 visibilis
1141 1173 1235 1208 libro;
1252 1183 1342 1210 quare
1358 1183 1415 1203 non
1431 1174 1522 1202 multa
1536 1175 1621 1202 nobis
1636 1174 1685 1202 hic
1700 1174 1828 1202 referen-

1004 1217 1042 1244 da
1056 1221 1136 1245 sunt.

1039 1547 1083 1574 39.
1101 1546 1137 1574 Ut
1151 1545 1238 1574 verba
1258 1544 1428 1573 summatim
1448 1544 1624 1572 resumenda
1640 1543 1827 1579 concludam,

1004 1592 1032 1619 id
1050 1592 1144 1619 dicam
1157 1590 1233 1626 quod
1247 1590 1276 1617 in
1296 1589 1447 1616 dialectica
1458 1597 1539 1617 sacra
1555 1588 1597 1616 sic
1612 1589 1668 1616 fuit
1683 1589 1829 1623 eruditus,

1006 1639 1037 1665 ut
1050 1636 1110 1663 zelo
1126 1635 1223 1662 divino
1239 1635 1334 1670 ignem
1354 1634 1534 1666 accenderet,
1552 1642 1584 1661 ac
1604 1633 1633 1660 in
1650 1633 1724 1661 votis
1741 1633 1830 1661 babe-

1005 1684 1048 1710 ret
1063 1681 1121 1716 igni
1140 1679 1312 1712 consumi,si
1330 1678 1474 1706 unitatem
1490 1678 1566 1706 inter
1577 1686 1625 1705 eos
1641 1686 1715 1714 quos
1731 1678 1830 1706 divina

1005 1727 1143 1763 dogmata
1175 1724 1325 1752 sciderunt
1371 1723 1524 1751 restituere
1562 1722 1700 1758 potuerit.
1734 1722 1830 1750 Conﬁ-

1006 1772 1091 1799 debat
1108 1770 1186 1798 enim
1214 1769 1243 1796 in
1273 1767 1460 1796 institutione
1484 1767 1589 1804 logica,
1606 1775 1669 1803 quas
1699 1767 1735 1795 ab
1765 1767 1829 1803 ipso

1007 1815 1177 1843 institutore
1190 1814 1294 1850 optime
1320 1813 1519 1847 exercebatur,
1536 1816 1563 1840 et
1587 1820 1675 1847 quam
1705 1811 1830 1840 aliorum

1006 1860 1138 1888 doctrina
1153 1859 1188 1886 ad
1205 1858 1351 1894 ejusmodi
1374 1857 1510 1885 exercitia
1534 1857 1657 1884 fovebat.
1672 1856 1762 1886 Nemo
1776 1865 1832 1884 au-

1006 1908 1064 1933 tem
1081 1905 1157 1932 inter
1172 1904 1244 1931 bene
1259 1903 1393 1930 cordatos
1404 1902 1657 1938 sapientissimum
1672 1901 1832 1937 imperato-

1007 1958 1068 1977 rem
1084 1949 1161 1977 volet
1176 1956 1206 1976 se
1232 1950 1264 1975 ut
1280 1947 1368 1975 talem
1392 1946 1514 1982 nescire,
1530 1946 1587 1974 nisi
1603 1948 1631 1974 et
1645 1946 1749 1974 ducem
1764 1945 1832 1973 illu-

1008 1994 1188 2022 strissimum
1212 1994 1241 2019 et
1267 1992 1493 2027 gubernatorem
1523 1991 1679 2027 optimum,
1697 1993 1725 2018 et
1741 1991 1834 2018 medi-

1009 2046 1075 2065 cum
1097 2037 1244 2069 solertem,
1272 2044 1367 2069 nemo,
1397 2036 1531 2071 inquam,
1561 2044 1628 2063 eum
1658 2035 1708 2071 qui
1735 2035 1833 2070 aliquo

1010 2089 1115 2117 genere
1132 2081 1279 2116 perfectus
1295 2083 1349 2112 est,
1367 2080 1524 2107 constituet
1539 2079 1588 2114 qui
1619 2087 1676 2106 non
1706 2079 1836 2105 inveniat

1011 2135 1070 2154 sum
1086 2125 1191 2161 agendi
1208 2124 1330 2152 rationis
1360 2126 1537 2156 consortem,
1555 2126 1587 2150 ut
1602 2123 1644 2150 sic
1659 2125 1836 2158 exsequatur

1012 2179 1076 2206 quae.
1107 2170 1182 2198 scitu
1212 2169 1301 2205 digna
1327 2170 1406 2202 sunt,
1434 2170 1462 2195 et
1501 2168 1543 2195 sic
1577 2166 1698 2194 forsitan
1726 2168 1836 2194 rectam

1014 2215 1195 2249 ingrediatur
1209 2214 1316 2242 artium
1331 2213 1419 2241 viam.
1437 2212 1528 2248 Igitur
1543 2220 1574 2240 se
1589 2212 1662 2239 bene
1679 2211 1839 2247 imperator

1015 2269 1152 2295 magnum
1167 2260 1197 2287 in
1213 2260 1302 2287 rebus
1318 2257 1491 2294 peragendis
1514 2259 1546 2284 ut
1561 2256 1760 2292 excogitandis
1773 2263 1838 2284 esse

126 2305 247 2342 τόματον
279 2304 436 2332 εὐοδοῦσθαι
466 2305 499 2332 τὰ
525 2303 650 2342 τεχνικά.
670 2304 774 2333 Οὐκοῦν
806 2303 898 2331 ἑαυτὸν
928 2302 953 2330 εὖ

1013 2313 1186 2342 persuasum
1200 2304 1312 2332 habens
1325 2303 1393 2339 (non
1408 2302 1485 2329 enim
1503 2302 1585 2329 decet
1600 2300 1712 2328 caeteris
1728 2300 1839 2328 anima-

129 2349 208 2381 εἰδὼς
239 2350 254 2377 ὁ
285 2349 472 2388 αὐτοκράτωρ,
503 2350 592 2387 ὥσπερ
634 2349 660 2376 ἐν
699 2348 854 2386 πρακτέοις,
888 2347 959 2375 οὕτω

128 2395 173 2422 καὶ
199 2394 226 2422 ἐν
254 2394 336 2431 σοφίᾳ
363 2394 446 2432 μέγαν
467 2394 509 2431 (οὐ
525 2395 575 2432 γὰρ
592 2394 673 2429 ζώοις
697 2394 744 2430 μὶν
772 2397 831 2424 τοῖς
859 2393 959 2431 ἑτέροις

120 2438 224 2468 δοτέον
265 2437 436 2470 αἴσθάνεσθαι
475 2441 528 2466 τῶν
556 2438 582 2466 ἐν
613 2439 701 2478 σφίσιν
731 2438 823 2470 αὐτοῖς
857 2437 961 2469 καλῶν,

131 2483 196 2514 τοὺς
226 2482 256 2510 δὶ
282 2483 328 2510 καὶ
356 2482 486 2521 λογικοὺς
515 2484 560 2510 καὶ
601 2483 713 2520 λογίους
746 2481 887 2520 περητέον
913 2484 962 2509 τοῦ

132 2527 260 2556 τοιούτου
288 2527 551 2565 πλεονεκτήματος),
583 2528 681 2565 μήκαὶ
710 2527 868 2561 λεληθότως
902 2527 960 2554 tau-

132 2575 180 2598 τοῦ
203 2573 236 2600 τὸ
267 2571 426 2610 λογιστικὸν
469 2573 630 2611 στερόμενον
670 2573 707 2604 εἰς
736 2571 848 2610 ἀλογίαν
879 2581 962 2608 μετα-

133 2615 303 2651 πλάττηται,
319 2616 373 2652 ἤδη
404 2616 433 2644 δὲ
462 2618 505 2645 καὶ
534 2617 616 2656 ἀργία
635 2616 863 2654 καταψηφισθείη,
880 2615 964 2654 λόγου

135 2663 219 2699 σοφοῦ
249 2662 483 2699 παρεγγυωμένου
525 2661 667 2701 γινώσκειν
707 2661 819 2689 ἕκαστον
858 2661 962 2697 ἑαυτὸν,

135 2703 251 2743 ἰθάῤῥιι,
269 2705 360 2743 ὥσπερ
376 2706 425 2741 τὴν
443 2706 468 2734 ἐν
497 2707 576 2745 χεροῖ
609 2705 771 2744 συμπλοκὴν
797 2707 811 2733 ὁ
839 2706 889 2740 τήν
917 2705 964 2732 ἆν-

137 2747 208 2786 ὂρίαν
240 2748 413 2786 δεξιώτατος,
429 2751 501 2778 οὕτω
526 2751 570 2779 καὶ
599 2756 650 2786 τήν
677 2751 702 2779 ἐν
734 2751 921 2788 λογομαχίαις
951 2751 965 2777 ὁ

135 2796 183 2826 τῆς
197 2794 298 2832 σοφίας
310 2795 457 2834 τρόφιμος.
475 2797 524 2824 Καὶ
540 2797 608 2824 ὁπου
625 2795 705 2831 δίκην
737 2795 873 2828 ἐπεποίθει
903 2806 965 2823 συν-

138 2840 245 2876 αγαγεῖν
276 2838 309 2864 τί)
335 2843 386 2874 τῆς
424 2840 649 2876 ἐκκλησιαστικῆς
687 2841 810 2872 ἓνώσεως
840 2838 966 2878 διερῥυη-

303 2903 436 2937 ΡΑποι..
459 2906 515 2938 Gn.
537 2907 684 2939 CXXXV.

1016 2351 1093 2378 libus
1105 2350 1178 2377 bene
1188 2347 1333 2377 sentiendi
1346 2346 1511 2374 facultatem
1524 2345 1840 2380 attribuere,denegare

1017 2399 1114 2423 autem
1131 2394 1186 2422 hoc
1216 2391 1401 2430 privilegium
1430 2391 1553 2419 rationis
1581 2389 1841 2425 compotibus),ne

1016 2440 1090 2467 clam
1107 2439 1201 2474 ipsius
1217 2436 1410 2465 ratiocinandi
1426 2435 1550 2463 facultas
1565 2433 1844 2462 inirrationabilita-

1016 2487 1075 2511 tem
1092 2483 1260 2516 descendat,
1278 2484 1306 2509 et
1335 2481 1424 2508 etiam
1453 2480 1680 2512 condemnetur,
1697 2479 1746 2506 ubi
1768 2478 1843 2506 illud

1018 2530 1197 2565 praeceptum
1226 2526 1366 2554 omnibus
1395 2525 1516 2552 datum:
1547 2526 1641 2552 Nosce
1676 2526 1704 2551 te
1733 2523 1843 2560 ipsum,

1018 2573 1151 2601 animum
1167 2571 1290 2606 addidit,
1308 2570 1385 2608 sicut
1413 2569 1443 2596 in
1459 2568 1556 2597 duello
1579 2569 1624 2596 vir
1638 2576 1728 2597 manu
1749 2567 1843 2602 fortis,

1018 2618 1060 2646 sic
1076 2619 1147 2645 etin
1173 2615 1407 2652 argumentando
1437 2613 1588 2649 sapientia
1619 2613 1769 2642 alumnus.
1790 2611 1844 2640 Ubi

1019 2662 1222 2691 ecclesiastica;
1240 2659 1357 2688 unionis
1369 2661 1492 2694 ruptura
1502 2658 1619 2694 publice
1630 2665 1749 2685 causam
1761 2663 1846 2692 agere

1019 2707 1170 2740 invitabat,
1189 2714 1246 2733 non
1277 2712 1327 2740 per
1355 2704 1522 2739 superbiam
1553 2702 1679 2730 scientiae
1706 2700 1845 2736 injuriam

1020 2751 1098 2786 fecit,
1116 2750 1192 2787 quod
1212 2749 1313 2777 multis
1330 2748 1446 2780 accidit,
1462 2756 1536 2783 quos
1559 2745 1708 2782 jactantiw
1724 2744 1846 2780 spiritus

1020 2805 1111 2832 supra
1126 2798 1233 2823 terram
1250 2793 1335 2828 tollit,
1348 2793 1398 2820 sed
1412 2792 1480 2819 inde
1495 2791 1593 2819 divino
1609 2789 1694 2826 quasi
1709 2788 1805 2817 volatu
1817 2789 1847 2816 in

1021 2841 1113 2869 altum
1143 2839 1290 2874 sublatus,
1306 2840 1334 2866 et
1361 2837 1398 2865 de
1425 2845 1457 2864 se
1482 2837 1546 2873 ipso
1576 2834 1791 2872 philosopharis
1820 2835 1850 2862 et

1651 2900 1690 2931 32
