2021 3154
168 171 249 201 1003
556 164 768 199 EUSTHATH
789 163 1171 197 THESSALONICENSIS
1196 163 1488 195 METROPOLI‘I‘E
1798 164 1878 195 £00!

166 237 300 265 animum
318 235 480 264 seeundum
498 234 566 262 recti
582 233 699 271 regulas
715 233 826 261 librans
844 234 872 260 et
887 233 992 268 prazter

1054 231 1106 264 ιὸς,
1122 229 1176 268 οὐχ
1195 230 1406 268 ὑπεραιρόμενος
1420 228 1478 257 οὐδ’
1494 229 1617 264 ἐνταῦθα,
1633 229 1671 260 ὡς
1700 230 1750 264 τήν
1774 231 1879 267 γνῶσιν

167 284 288 309 caeteros
316 280 430 308 divinos
458 279 612 307 bellatores
640 287 722 314 spem
748 278 776 304 in
802 286 833 305 se
849 277 994 312 deponere

1054 274 1230 310 ἰποτελευτᾷν
1259 274 1298 306 είς
1327 274 1456 311 φυσίωσιν
1485 274 1516 301 τὸ
1544 276 1598 301 τῶν
1622 272 1737 302 πολλῶν
1778 274 1877 308 πάθος,

167 328 315 360 satagens,
331 324 357 351 si
373 325 445 351 forte
461 332 491 351 se
507 323 618 351 dederit
633 323 747 351 occasio
765 322 847 349 luctas
862 321 992 349 vocantis

1054 319 1096 351 ςιῦς
1123 319 1282 354 ἀλαζονείας
1311 321 1417 356 πνεῦμα
1443 321 1534 357 (pum-sv
1564 319 1702 356 ὑπεραίρει
1731 319 1781 352 τῆς
1811 322 1876 356 γῆς,

164 378 384 407 quemcumque
401 378 503 405 pugnae
519 378 571 405 pro
587 369 644 396 Deo
661 368 799 404 peritum.

1054 363 1111 391 ἰλλ¹
1154 364 1266 402 ὕπερθεν
1303 362 1394 399 ἄρσεσι
1435 363 1586 403 φερόμενος
1628 363 1789 399 θειοτάραις,
1831 363 1878 390 καὶ

166 414 326 453 φιλοσοφῶν
355 414 459 447 tau-rev,
489 413 534 440 καὶ
577 413 682 449 μετρῶν
722 411 830 438 κανόσιν
872 410 1032 447 ὀρθότητος,
1061 410 1106 436 καὶ
1143 409 1210 447 πρὸς
1234 411 1293 440 τοῖς
1318 408 1416 439 ἄλλοις
1443 409 1527 453 θείοις
1556 407 1682 439 ὁπλίταις
1711 407 1756 435 καὶ
1787 408 1878 444 ἑαυτῷ

165 451 344 498 προσανέχειν
373 458 510 496 ὶγνωκὼς,
541 457 567 485 εἶ’
596 467 662 485 ποτε
690 457 784 494 καιρὸς
809 455 916 490 ἐνσταίη
956 455 1058 492 ἀγῶνος
1098 452 1326 491 προκαλουμένου
1355 454 1402 481 τὸν
1432 452 1461 481 εὖ
1489 451 1580 480 εἶ’δότα
1607 452 1701 491 μάχης
1725 456 1777 488 τῆς
1807 452 1877 490 ὑπὲρ

163 507 212 532 τού
229 506 307 532 Θεοῦ·

202 623 246 651 40.
262 623 296 650 Et
306 622 349 650 sic
363 621 484 658 quidem
500 621 561 650 haec
577 629 608 649 se
629 621 748 649 habent.
767 619 910 652 Quoniam
926 626 993 647 vero

119 671 123 676 '
166 668 284 696 divinus
299 667 408 695 Paulus
424 675 481 694 non
510 665 607 694 solum
631 665 792 693 elevations
808 664 836 692 in
854 663 946 691 altum
964 671 996 690 se

166 711 312 741 celebrem
327 711 466 744 reddidit,
478 711 529 738 sed
545 710 696 738 terrestria
706 717 822 745 quoque
835 717 902 736 eum
913 708 996 735 humi

168 757 352 794 gradientem
368 759 396 783 et
419 757 507 790 caput
522 755 558 782 ad
587 754 692 781 emtum
724 761 817 788 usque
845 752 995 780 tollentem

168 801 374 833 sustinebant;
392 800 493 827 eodem
516 799 603 826 modo
628 799 788 834 imperator
802 797 996 833 quaestionum

171 844 334 873 subtilitate
359 843 451 871 altum
481 844 607 876 tenebat,
633 843 684 870 sed
710 843 746 870 ad
776 851 810 870 ea
835 850 950 877 quoque
965 849 996 868 se

169 888 372 917 conformabat
387 896 450 923 qua;
467 888 502 915 ad
516 888 672 920 terram,ad
688 886 836 914 hominem
850 888 996 921 spectant,

171 934 280 962 bonum
297 933 350 960 hoc
362 932 388 960 ei
399 932 606 968 suppeditante
617 931 771 966 sapientia.
783 930 898 958 Naturrs
916 930 995 957 enim

172 978 318 1014 profunda
347 976 535 1013 perscrutari,
553 975 680 1011 origines
705 983 802 1003 rerum
820 974 997 1009 investigare

171 1026 200 1050 et
213 1021 369 1050 crcationis
385 1021 525 1057 mysteria
554 1020 695 1055 indagare
720 1028 814 1055 neque
836 1017 995 1053 Esculapii

171 1069 341 1103 potuerunt,
359 1074 411 1095 nec
441 1065 579 1101 quisquis
608 1065 685 1093 alius
714 1065 878 1093 eruditione
899 1063 997 1091 muni-

172 1114 231 1140 tus.

212 1359 256 1387 lit.
272 1359 304 1387 In
319 1359 407 1387 rebus
431 1357 557 1386 externis
584 1361 732 1391 strenuus,
748 1357 777 1384 in
803 1357 891 1385 rebus
914 1357 997 1385 inda~

176 1403 281 1440 gaudia
295 1403 458 1439 perspicax,
477 1410 552 1430 unus
581 1401 712 1430 omnium
743 1401 866 1429 idoneus
897 1402 931 1430 ad
953 1410 998 1430 res

175 1447 356 1484 peragendae
373 1448 436 1475 fuit.
454 1449 512 1474 Nec
538 1446 567 1474 in
585 1445 759 1481 conjecturis
785 1446 891 1480 stabat,
907 1447 957 1474 sed
970 1447 998 1474 in

175 1493 298 1521 veritate
314 1492 413 1521 omnia
428 1500 493 1520 esse
508 1491 633 1525 volebat,
650 1499 702 1519 nec
717 1490 861 1519 sustinuit
876 1491 904 1518 id
921 1492 998 1526 quod

175 1537 398 1573 pronuntiatum
413 1539 483 1572 erat,
501 1537 604 1564 cudere
619 1535 744 1569 irritum,
754 1537 785 1563 ut
800 1535 997 1563 verisimilitu-

175 1584 243 1611 dine
256 1583 363 1610 ductus
388 1582 461 1610 alios
482 1581 640 1618 judicaret,
657 1589 731 1617 quos
761 1589 873 1617 graves,
891 1583 922 1608 ut
936 1581 1000 1617 ipse

1109 620 1114 628 1
1151 620 1159 626 V
1182 616 1188 625 ‘
1233 615 1246 626 υ
1431 615 1438 626 κ
1483 615 1489 624 ἴ
1596 618 1608 623 η-
1704 615 1710 625 Ι
1801 616 1807 626 ν
1869 614 1877 623 \

1088 628 1124 653 μ.
1141 620 1190 644 kat
1216 627 1288 644 ουτω
1317 615 1364 653 μὶν
1394 626 1439 644 και
1462 627 1495 643 τα
1513 615 1540 643 ἰν
1563 625 1622 647 τοις
1636 625 1784 646 τοιουτοις.
1809 618 1879 643 Επει

1051 660 1080 688 δὲ
1093 661 1138 689 καὶ
1155 662 1168 689 ὁ
1184 661 1310 699 οὐράνιος
1337 659 1446 692 Παῦλος
1472 659 1503 687 οὐ
1529 659 1611 695 μόνον
1633 661 1668 696 τῇ
1697 659 1767 696 ὑψοῦ
1796 658 1879 695 ἐσεμ-

1050 705 1142 733 νύνετο
1172 705 1257 742 ἄρσει,
1283 704 1357 733 ἀλλά
1382 705 1426 733 καὶ
1455 705 1489 732 τὰ
1516 705 1576 742 περὶ
1601 707 1652 742 γῆν
1671 714 1739 732 ποτε
1754 704 1801 731 καὶ
1830 714 1881 731 τα-

1051 750 1129 778 πεινὰ
1157 750 1228 788 εἶχεν
1255 749 1345 786 αὐτὸν,
1371 751 1445 777 κάτω
1475 749 1521 785 μὲν
1554 748 1691 787 βαίνοντα,
1717 748 1826 786 οὐρανῷ
1849 748 1879 776 δὲ

1051 795 1121 832 κάρη
1151 794 1314 832 στηρίζοντα
1344 796 1379 830 τῇ
1407 794 1476 832 πρὸς
1504 794 1550 821 τὸν
1577 795 1705 830 Ὕψιστον
1737 793 1879 831 ἐγγύτητι,

1050 839 1096 866 τὸν
1113 840 1209 876 ὅμοιον
1223 840 1324 876 τρόπον
1340 839 1385 867 καὶ
1401 839 1415 866 ὁ
1433 838 1607 876 αὐτοκράτωρ
1623 841 1680 869 τοῖς
1708 848 1738 865 τε
1770 837 1881 874 ὑψηλο-

1050 884 1141 914 τάτοις
1166 883 1277 921 ἑξήρετο
1305 883 1540 920 φιλοσοφήμασιν,
1563 881 1742 910 συνδιικνιῖτο
1773 881 1802 910 δὲ
1831 893 1878 919 με-

1015 944 1035 976 B
1050 927 1232 967 γαλοπρεπῶς
1263 927 1307 955 καὶ
1328 931 1398 960 τοῖς,
1416 927 1465 954 ὅσα
1488 927 1551 965 περὶ
1570 930 1621 964 γῆν
1636 927 1682 954 καὶ
1698 927 1757 954 κατ’
1772 926 1879 964 ἅνθρω-

1051 983 1113 1008 πον,
1141 971 1236 1011 σοφίας
1277 972 1349 1007 αὐτῷ
1375 971 1419 999 καὶ
1447 974 1528 999 τοῦτο
1556 971 1820 1008 καταπραττομὲνης
1848 972 1878 998 τὸ

1051 1016 1161 1055 ἀγαθόν.
1203 1016 1314 1048 Φύσεως
1354 1018 1418 1053 γοῦν
1459 1015 1674 1052 κατασκέψασθαι
1719 1015 1802 1053 βάθη,
1833 1016 1878 1042 καὶ

1051 1060 1241 1098 αἱτιολογήσαι
1291 1060 1404 1098 γένεσιν,
1440 1060 1485 1088 καὶ
1527 1059 1696 1097 ἀνακαλύψαι
1741 1061 1881 1097 μυστήρια

1051 1105 1191 1140 πλάσεως,
1216 1104 1272 1133 οὔτ’
1295 1105 1325 1133 ἃν
1349 1103 1560 1140 ’Δσκληπιαόὢν
1577 1104 1712 1139 λεπτότης
1739 1104 1813 1142 εἶχεν
1841 1104 1880 1135 εἷς

1053 1150 1135 1188 σαφὲς
1165 1150 1252 1181 οὕτως
1281 1150 1414 1185 ὶκθὲσθαι,
1446 1148 1508 1177 οὔτε
1545 1160 1586 1181 τις
1621 1148 1706 1183 λοιπὴ
1737 1149 1878 1186 ἐπιστήμη

1051 1195 1100 1221 τοῦ
1115 1193 1314 1232 φυσικεύεσθαι.

1091 1359 1145 1396 μα’.
1170 1359 1220 1387 Ἦν
1250 1357 1279 1386 δὲ
1305 1357 1404 1394 δεινὸς,
1434 1359 1480 1386 καὶ
1505 1361 1564 1390 τοῖς
1588 1357 1724 1392 ἐπιπολῆς
1753 1359 1800 1387 καὶ
1829 1369 1881 1387 κατ

1055 1402 1115 1441 ὄψιν
1138 1401 1334 1442 προσϐάλλων,
1349 1403 1382 1431 τὰ
1400 1403 1426 1431 ἐν
1453 1404 1529 1441 βάθει
1553 1403 1738 1438 κατοπτεύειν,
1763 1404 1810 1431 καὶ
1839 1403 1880 1440 ἑξ-

1054 1445 1231 1486 ακριϐοὖσθαι
1267 1449 1416 1487 σοφωτάτῳ
1454 1447 1558 1487 φύσεως
1597 1449 1730 1485 γνώμονι.
1762 1449 1816 1477 Καὶ
1849 1449 1882 1477 τὸ

1053 1496 1167 1530 πρᾶγμα
1194 1492 1244 1520 οὐκ
1272 1492 1305 1527 ἦν
1340 1493 1528 1530 στοχάζεσθαι,
1556 1491 1619 1520 ἀλλ’
1647 1492 1710 1520 αὐτὸ
1745 1495 1829 1521 τοῦτο
1855 1493 1883 1521 ιν

1055 1536 1169 1573 ἀληθείᾳ
1194 1536 1271 1571 εἶναι,
1295 1536 1340 1564 καὶ
1369 1537 1407 1573 μὴ
1429 1536 1594 1565 διεκπίπτειν
1624 1537 1654 1564 τὸ
1683 1536 1819 1573 λαληθὲν,
1842 1539 1882 1570 ὡς

1054 1581 1099 1608 καὶ
1129 1580 1314 1619 εθκοτολογίαν
1352 1581 1413 1609 τινὰ
1449 1581 1640 1620 συνελογίσατό
1672 1593 1733 1610 τινα
1760 1580 1882 1621 ἐμϐριθῆ

177 1630 249 1660 erat,
266 1628 316 1655 sed
333 1627 439 1664 probos
454 1635 519 1654 esse
532 1626 634 1654 voluit.
647 1626 705 1654 Nec
721 1625 796 1653 alius
812 1628 873 1653 erat
889 1629 996 1660 noster,

1057 1625 1112 1657 (καὶ
1142 1625 1175 1661 ἦν
1200 1628 1325 1657 τοιοῦτος
1347 1627 1361 1654 ὁ
1383 1626 1513 1663 νοηθεὶς),
1535 1625 1608 1654 ἀλλά
1629 1627 1727 1662 εὐήθη.
1754 1628 1805 1656 Καὶ
1833 1628 1884 1655 οὐκ

176 1672 322 1708 siquidem
338 1671 585 1700 dissimulatorem
600 1671 999 1707 perscrutabatur,hominem

176 1716 327 1753 vulgarem
344 1715 473 1752 penitius
485 1716 647 1751 judicabat,
658 1718 687 1742 et
702 1716 744 1743 sic
755 1716 892 1751 deinceps
903 1716 1000 1743 omnis

178 1761 294 1798 generis
309 1763 336 1788 et
351 1760 529 1788 conditionis
544 1760 689 1788 homines.
706 1760 786 1788 Unde
807 1760 944 1796 quisquis
960 1760 1000 1788 vi-

179 1805 264 1839 derit,
280 1812 364 1834 renes
379 1807 408 1832 et
430 1805 518 1832 corda
546 1804 699 1834 hominum
728 1813 794 1832 eum
825 1804 1001 1840 perscrutari

179 1849 293 1884 dixerit,
310 1849 395 1885 quasi
411 1851 516 1877 natura
531 1849 611 1877 intus
640 1848 754 1877 inclusa
778 1858 884 1878 arcana
905 1859 959 1878 sua
974 1850 1000 1878 ei

180 1894 315 1929 aperiret.

214 2027 255 2055 42.
267 2027 473 2063 Novitquoque
489 2027 662 2063 magistrum
674 2029 806 2056 nostrum
819 2028 848 2056 in
859 2028 997 2065 eloquen-

176 2072 218 2100 tia
235 2072 335 2100 morbo
359 2072 468 2100 latente
488 2073 623 2100 ati'ectum
649 2073 750 2106 fuisse,
766 2081 833 2101 cum
858 2073 998 2109 sopbistis

173 2120 330 2153 praesset;
347 2125 434 2153 quem
459 2117 510 2154 qui
534 2117 661 2151 videbat,
676 2126 734 2145 non
755 2117 876 2153 longum
892 2119 917 2146 ei
932 2119 996 2146 vita

172 2164 290 2199 tempus
306 2162 522 2198 praenuntiavit.
540 2162 569 2188 Id
586 2162 726 2190 indicium
745 2164 863 2190 cazteros
879 2162 996 2198 quidem

172 2206 301 2241 latebat;
318 2207 367 2235 illo
382 2209 481 2234 autem
499 2206 603 2242 majori
615 2206 765 2234 oculorum
777 2206 914 2234 acumine
926 2215 997 2242 guu-

172 2253 255 2288 dens,
271 2260 338 2280 cum
356 2254 482 2287 apertas,
494 2252 602 2287 quibus
618 2250 717 2279 anima
731 2251 815 2286 quasi
828 2251 887 2278 exit
898 2254 996 2287 portas

171 2296 470 2333 vidisset,proximam
481 2296 610 2324 hominis
622 2298 744 2322 mortem
762 2296 903 2331 praedixit.
918 2296 997 2323 Abiit

172 2341 433 2377 ille,prasdictionis
448 2341 526 2369 haud
544 2341 709 2367 immernor.
727 2340 894 2367 Morborum
911 2348 995 2367 cura-

170 2386 265 2413 tiones
278 2386 414 2414 eumdem
429 2386 562 2414 ordinem
574 2384 767 2412 scrvant.Non
783 2384 861 2412 enim
875 2384 958 2412 utilia
969 2387 997 2412 et

171 2429 301 2457 efﬁcacia
316 2430 427 2458 invenit
442 2428 614 2463 remedia,id
626 2428 703 2463 quod
719 2428 806 2456 veteri
826 2428 995 2456 Prometheo

172 2473 378 2508 attribuerunt,
394 2482 458 2509 quae
483 2473 559 2509 regia
583 2474 620 2500 ab
636 2472 790 2508 egentibus
813 2474 842 2500 et
856 2476 996 2508 sumptus

171 2517 428 2554 suppeditantibus
437 2516 888 2553 nuncupantur(suhministrant
897 2520 993 2545 autem

169 2565 307 2598 sumptus
319 2562 426 2598 publici
439 2562 566 2598 praefecti
579 2562 758 2598 pauperibus
770 2564 801 2589 ut
810 2562 920 2589 donum
932 2571 995 2598 gra-

166 2607 301 2643 tuitum);
313 2607 363 2634 sed
377 2610 478 2642 prater
489 2605 784 2634 adinventiunesillas
795 2609 926 2635 recentes
938 2615 994 2636 non

167 2652 335 2690 negligebat
349 2651 540 2687 antiquiores.
557 2651 577 2679 Ii
594 2654 777 2686 wgrotantes,
794 2652 829 2678 ad
851 2660 924 2686 quos
940 2652 995 2679 im-

168 2697 312 2735 peratoris
338 2704 422 2724 sacra
446 2704 571 2732 persona
596 2696 732 2723 accedere
757 2703 813 2722 non
836 2697 949 2731 poterat
965 2698 996 2724 ut

167 2743 262 2771 morbi
274 2745 411 2770 naturam
428 2741 626 2776 induguret,et
642 2740 753 2768 malum
770 2741 930 2768 secundum
948 2749 993 2769 ar-

166 2787 204 2814 tis
218 2786 335 2823 regulas
350 2786 518 2822 expelleret,
535 2785 571 2813 de
595 2785 697 2813 morbo
714 2793 766 2813 suo
782 2785 818 2812 ad
836 2785 994 2821 imperato-

168 2837 229 2858 rem
245 2831 343 2858 referri
361 2831 516 2864 curabant,
533 2830 594 2866 qui,
610 2838 645 2858 ex
674 2829 784 2863 relatis,
800 2829 836 2857 de
855 2829 993 2858 remediis

1055 1672 1088 1705 ἦν
1118 1671 1237 1709 ἑτεροῖος
1267 1672 1280 1698 ὁ
1307 1671 1521 1708 γνωματευθείς·
1550 1670 1681 1699 διώπτευε
1709 1672 1756 1699 τὸν
1783 1673 1882 1709 κρυψί-

1055 1726 1128 1752 νουν,
1157 1718 1196 1752 τῷ
1225 1716 1305 1743 παντὶ
1341 1715 1426 1744 πλέον
1458 1715 1504 1743 τὸν
1531 1715 1703 1751 ἐπιπόλαιον,
1734 1717 1801 1748 τοὺς
1827 1720 1882 1745 τῶν

1056 1760 1160 1788 λοιπῶν
1190 1761 1265 1796 ἠθῶν
1295 1761 1409 1797 ὁμοίως.
1441 1760 1490 1788 Καὶ
1521 1761 1590 1788 εἶπεν
1616 1762 1645 1788 ἃν
1675 1761 1790 1794 ἐνταῦθα
1815 1761 1882 1790 ἲδὼν

1056 1805 1124 1836 ἅπας
1141 1805 1265 1833 ὁστισοῦν
1280 1804 1403 1843 καρδίαις
1427 1805 1509 1833 αὐτὸν
1533 1802 1691 1842 ὶμϐαθεύειν
1717 1806 1882 1844 ἀνθρώπων,

1055 1850 1092 1881 ὡς
1115 1850 1165 1884 τὴν
1191 1849 1268 1888 φύσιν
1292 1848 1397 1878 ἔνδοθὲν
1422 1851 1502 1878 ποθεν
1518 1849 1591 1886 αὑτῷ
1605 1849 1731 1878 ἑκλαλεῖν
1761 1851 1798 1879 τὰ
1824 1852 1883 1879 καθ’

1054 1894 1151 1929 ὶαιιτήν
1166 1894 1317 1932 ἀπόῤῥητα.

1091 2028 1146 2065 μιβῖ
1163 2026 1227 2057 Οἴδᾶ
1254 2038 1320 2056 ποτε
1344 2027 1390 2055 καὶ
1411 2027 1457 2055 τὸν
1482 2027 1548 2064 ἐμὸν
1569 2027 1594 2055 ἰν
1609 2027 1704 2063 λόγοις
1719 2030 1879 2067 καθηγητὴν

1053 2072 1173 2100 ὕπουλόν
1201 2083 1260 2100 τινα
1288 2071 1366 2099 νόσον
1391 2073 1532 2112 τρέφοντα,
1547 2073 1592 2100 δτι
1619 2075 1673 2100 τῶν
1702 2075 1880 2111 σοφιστευόν-

1052 2127 1106 2144 των
1135 2115 1303 2153 προήδρευε·
1332 2116 1378 2144 καὶ
1406 2118 1424 2151 ἡ
1455 2115 1516 2154 ὄψις
1554 2116 1669 2153 ἂμήνυιν
1704 2117 1736 2145 οὖ
1776 2119 1881 2156 μακρὰν

1054 2162 1128 2196 ζωὴν
1153 2163 1194 2197 τῷ
1222 2159 1308 2198 ἀνδρί.
1340 2161 1387 2188 Καὶ
1415 2164 1476 2192 τοῖς
1519 2161 1566 2199 μὲν
1597 2161 1695 2195 ἄλλοις
1723 2163 1880 2201 ἀπρόοπτον

1052 2205 1085 2239 ἦν
1110 2205 1141 2232 τὸ
1167 2202 1368 2242 σημαινόμενον
1385 2215 1392 2221 ⁸
1423 2205 1438 2233 ὁ
1463 2203 1492 2233 δὲ
1521 2206 1700 2243 νοερωτέραις
1735 2205 1882 2239 επιϐολαῖς

1052 2248 1139 2286 ὅψεως
1168 2252 1401 2287 παρανοιγομὲνας
1435 2251 1493 2277 οἷον
1528 2249 1639 2287 θυρίδας
1675 2250 1818 2288 ἑωρακὼς,
1846 2251 1880 2279 δι’

1051 2294 1088 2320 ὧν
1128 2293 1184 2321 οἶδε
1219 2295 1296 2331 ψυχὴ
1332 2294 1509 2332 ἀπέρχεσθαι,
1538 2295 1646 2332 προὲφη
1670 2296 1722 2329 τὴν
1750 2295 1782 2323 οὐ
1815 2297 1880 2332 μετὰ

1053 2339 1155 2376 μακρὸν
1171 2337 1260 2373 ἔξοδον
1285 2341 1334 2366 τοῦ
1359 2337 1465 2376 ἀνδρός.
1488 2339 1535 2366 Καὶ
1566 2338 1688 2374 ἀπῆλθεν
1711 2339 1830 2374 ἐκεῖνος,
1851 2340 1880 2367 οὐ

1051 2384 1319 2421 παραπροθεσμήσας
1334 2384 1383 2418 τὴν
1411 2383 1575 2420 πρόγνωσιν.
1592 2382 1686 2411 Νόσων
1715 2383 1746 2412 δὲ
1775 2385 1880 2416 ἀκέσεις

1049 2431 1100 2462 τῆς
1118 2427 1202 2461 αὐτῆς
1216 2428 1259 2455 καὶ
1288 2427 1367 2455 αὐταὶ
1395 2431 1484 2465 σειρᾶς
1501 2427 1622 2466 ἔχονται.
1639 2429 1679 2457 Οὐ
1695 2429 1748 2466 γὰρ
1777 2430 1882 2468 χρησιὸ

1053 2472 1135 2509 μόνον
1155 2472 1242 2509 ἰξεῦρε
1266 2473 1310 2499 καὶ
1334 2472 1415 2500 πιστὰ
1438 2473 1577 2510 φάρμακα,
1594 2473 1608 2500 ὃ
1625 2471 1657 2508 δή
1673 2484 1715 2504 τις
1736 2473 1879 2513 ἐπιγράφει

1050 2519 1089 2553 τῷ
1104 2515 1216 2552 παλαιῷ
1233 2518 1376 2554 Προμηθεῖ
1391 2517 1600 2554 σεμνολόγημα,
1613 2519 1654 2548 οἷς
1670 2516 1704 2552 δὴ
1723 2518 1880 2555 βασιλικοῖς

1050 2561 1120 2589 ἐστιν
1151 2560 1320 2599 ιπιλὲγεσθαι
1346 2562 1415 2599 πρός
1434 2572 1463 2589 τε
1486 2563 1540 2589 τῶν
1566 2562 1733 2600 χρωμένων,
1757 2563 1828 2600 πρός
1851 2572 1879 2589 τε

1049 2608 1101 2634 τῶν
1138 2606 1332 2644 χορηγούντων
1363 2608 1526 2644 (χορηγοῦσι
1557 2605 1586 2634 δὶ
1614 2605 1746 2643 δημόσιοι
1782 2607 1878 2643 ταμίαι

1050 2649 1124 2678 δόσιν
1141 2649 1256 2688 ἄφθονον
1273 2651 1342 2678 αὑτὰ
1356 2651 1401 2678 καὶ
1427 2651 1464 2682 εἰς
1489 2650 1591 2689 δωρεὰν
1619 2654 1679 2683 τοῖς
1701 2651 1877 2689 χρῄζουσιν)”

1049 2694 1122 2723 ἀλλὰ
1149 2695 1218 2733 πρὸς
1247 2698 1305 2725 τοῖς
1338 2698 1444 2727 καινοῖς
1483 2696 1618 2734 εὑρήμασι
1643 2695 1754 2728 τούτοις
1781 2696 1826 2724 καὶ
1848 2695 1879 2722 τὰ

1049 2739 1134 2768 πάλαι
1172 2740 1394 2778 προϋποκείμενα
1436 2741 1658 2778 θαυμασιώτερον
1697 2740 1876 2778 ἐξειργάζετο.

1049 2785 1098 2817 Οἷς
1124 2785 1175 2822 γὰρ
1207 2785 1258 2812 οὐκ
1286 2783 1376 2812 ὶδίὸου
1404 2786 1435 2813 τὸ
1463 2789 1513 2820 τῆς
1537 2784 1674 2822 βασιλείας
1690 2785 1766 2812 ὅσιον
1797 2785 1876 2813 αὑτὸν

1047 2833 1171 2867 παρεῖναι
1185 2830 1232 2857 τὸν
1248 2830 1415 2868 θεραπευτὴν
1438 2829 1638 2867 αὐτοκράτορα,
1655 2830 1693 2861 ὡς
1717 2830 1765 2856 καί
1798 2829 1877 2867 πείρᾳ
