2026 3156
119 191 198 222 £003

545 186 748 219 MANUELIS
769 184 947 216 COMNENI
969 183 1168 216 LAUDA’I‘lO
1189 181 1397 215 FUNEBRIS.

1738 179 1820 211 1006

115 259 216 296 γνῶναι
255 257 304 291 τήν
350 254 513 293 κακουργίαν
553 255 602 281 τοῦ
637 251 860 291 ἀῤῥωστήματος,
896 250 941 278 καὶ

1000 250 1173 279 adhibendis
1193 249 1349 278 consilium
1372 247 1461 276 dedit.
1478 248 1518 276 De
1533 247 1665 275 minimis
1680 246 1759 275 enim
1771 245 1818 274 in-

115 303 150 339 τῇ
189 299 339 336 δυστροπίᾳ
373 303 423 334 τῆς
460 298 539 326 νόσου
570 298 739 335 τεχνηέντως
769 296 940 333 ἐπεξαγαγεῖν

116 346 221 379 ἑαυτὸν,
251 345 315 374 ἀλλ’
343 344 455 375 ἐνταῦθα
482 343 612 380 ὑπούργιι
643 341 689 378 μὶν
720 341 800 376 ἀκοὴ,
825 341 889 372 νοῦς
913 339 941 367 δὲ

115 390 299 428 γνωματεῦων
336 390 386 424 τὴν
419 387 560 425 θεραπείαν
594 385 770 422 ἐξάστελλεν.
808 384 939 413 Ἑλεπτο-

116 435 194 473 λόγει
211 433 247 461 δι’
274 434 445 471 ἐρωτήσεως,
460 432 493 459 τὰ
508 433 556 459 τοῦ
570 431 697 468 κειμένου
719 429 860 467 ἐμάνθανε,
886 428 940 456 διε-

115 479 257 517 γίνωσκεν,
274 478 411 514 ἐπίταττε,
431 477 476 504 καὶ
493 475 674 511 ἐπηκολούθει
698 476 732 503 τὰ
754 478 804 507 τῆς
833 474 938 506 ἰασεως·

113 523 149 551 τὰ
163 522 256 551 πολλὰ
271 521 300 550 δὲ
314 522 359 550 καὶ
373 521 442 560 πρὸς
457 520 548 552 αὐτοῖς
563 520 687 551 θανάτοις
702 530 731 547 τε
745 519 789 547 καὶ
804 519 835 553 ἦν
854 519 938 546 εἰπεῖν

115 568 265 607 προσφυὶς,
281 568 319 599 ὡς
335 568 434 605 μικροῦ
449 565 616 604 ἐρωτῶν,καὶ
630 567 683 592 ποῦ
697 564 834 599 θάπτεται,
847 562 940 591 ἀνίστα

114 616 165 648 τῆς
181 610 370 651 θανατηφόρου
385 611 466 639 νόσου
479 611 525 638 τὸν
541 610 690 647 κάμνοντα.

154 711 207 749 μγ’.
235 712 268 737 "0
297 708 326 737 δὶ
359 709 404 737 καὶ
443 709 523 736 εἰσέτι
561 707 644 736 πλέον
679 707 825 744 θαυμάζειν
853 707 939 743 ἄξιον.

115 756 304 793 κατιιργάζετο
343 754 390 791 μὲν
430 754 511 781 αὐτὸν
550 754 567 788 ἡ
606 752 745 791 χείριστος
776 750 864 787 νόσος,
894 753 940 780 τὸν

115 800 248 837 κοσμικὸν
286 798 412 836 θεμέλιον
453 797 668 835 ὑπονομεῦουσα.
708 797 758 826 Καὶ
793 797 860 832 αὐτὴ
892 798 940 834 μὲν

117 843 189 872 δεινὰ
213 843 309 879 ἐποίει,
332 844 535 876 καθυποσπῶσα
565 843 615 876 τὴν
639 842 729 881 φύσιν,
755 842 798 870 καὶ
824 843 870 870 τὸν
895 841 939 870 ἐκ·

115 890 162 921 τὸς
196 888 353 917 ἅνθὸωπον’
370 887 538 926 βλάπτουσα·
569 887 583 914 ὁ
611 886 639 914 δὲ
668 887 741 919 ἐντὸς
765 886 940 925 αὐτοκράτωρ

116 934 283 970 σωζόμενος,
312 932 352 965 εἴς
381 931 537 969 ὀλόκληρον
566 934 623 962 τοῖς
650 942 679 959 τε
708 931 805 963 ἄλλοις
836 931 940 969 ἐξήρκει

115 978 224 1009 καλοῖς.
241 977 292 1006 Καί
305 987 365 1004 τινα
392 976 501 1015 βλέπων
515 978 582 1011 τῶν,
611 976 670 1004 ὅσοι
700 976 767 1013 πρὸς
799 976 944 1014 βασιλικήν

117 1022 268 1059 ἐξικνοῦντο
298 1022 370 1055 θέαν,
400 1021 492 1057 ὁμοίῳ
521 1021 600 1048 πάθει
629 1021 843 1058 προστετηκότα,
861 1022 942 1058 μεθό-

117 1066 175 1097 δοις
194 1066 273 1103 ἐνῆγε
299 1066 504 1103 θεραπευτικαῖς
532 1066 753 1103 προμηθέστατα.
780 1065 828 1093 Καὶ
857 1065 943 1102 ἐμέμ-

117 1121 182 1150 φετο
211 1112 258 1147 μὶν
286 1110 332 1137 τὸν
358 1108 522 1147 ἄνθρωπον,
552 1111 593 1140 οἷς
619 1110 713 1137 ἑαυτοῦ
753 1109 859 1147 ἀμελὴς
888 1110 942 1147 ἐξὲ-

116 1165 207 1184 πιπτε·
237 1156 382 1193 κατήρτιζε
407 1153 433 1181 at
456 1154 523 1191 πρὸς
548 1154 658 1192 ὑγίειαν.
684 1154 716 1184 Εἰ
744 1153 773 1182 8‘s
797 1155 868 1182 οὕτω
895 1156 942 1192 μὶν

117 1201 243 1228 ἀπώνατο
269 1199 314 1227 καὶ
341 1199 473 1236 περίεστι,
506 1199 520 1226 ὁ
545 1197 574 1226 δὲ
603 1199 765 1236 καθηγεμὼν
789 1200 871 1228 αὐτοῦ
895 1203 944 1228 τοῦ

116 1245 218 1282 ἀγαθοῦ
231 1243 413 1279 ἀπελήλυθεν,
437 1243 529 1281 ἓτερος
545 1243 574 1270 ἄν
598 1253 640 1274 τις
666 1243 836 1280 θαυμάσειεν.
862 1245 942 1280 Ἡμῖν

115 1289 166 1327 γὰρ
180 1289 234 1326 οὐχ
262 1287 332 1316 οὕτω
357 1286 449 1314 δοτέον
475 1288 626 1322 μαίνεσθαι,
657 1287 694 1318 ὡς
716 1290 830 1315 τοιαῦτα
859 1291 941 1316 νοεῖν.

117 1331 281 1370 Ἀνδρίζεταί
315 1342 357 1363 τις
378 1333 520 1368 ὴρωϊκῶς,
549 1331 593 1358 καὶ
622 1331 740 1369 συχνοὺς
770 1332 858 1370 ῥίπτει
888 1335 942 1360 τῶν

116 1377 269 1414 πολεμίων,
297 1376 389 1403 πίπτει
419 1374 448 1402 δὲ
474 1386 540 1403 ποτε
565 1375 610 1403 καὶ
640 1376 731 1408 αὐτός.
748 1377 797 1404 Κοιί
814 1377 864 1405 οὐκ
886 1377 940 1413 Δἤδη

115 1423 147 1450 τὸ
176 1420 298 1459 ἀνδρεῖον
333 1418 506 1457 περιᾴδεσθαι
546 1422 789 1459 συγκαταπέπτωκε
827 1425 866 1458 τῷ
895 1423 943 1450 ἀν-

117 1466 170 1505 δρί.
203 1465 301 1503 Μακρά
336 1475 378 1495 τις
413 1461 592 1502 κυϐερνήσας,
629 1466 673 1492 καὶ
715 1466 828 1504 μυρίους
865 1466 943 1498 ὅσους

115 1511 346 1550 περισωσάμενος,
386 1509 441 1536 εἶτα
482 1509 636 1546 βαψάμενος
675 1509 702 1541 ἐς
738 1510 860 1548 ἁλμυρὸν
899 1512 944 1549 βυ-

115 1556 175 1590 θὸν,
203 1552 371 1592 ἐξαπόλωλε.
403 1554 453 1581 Καὶ
485 1553 516 1581 οὐ
532 1553 679 1591 συγκατέδυ
703 1555 742 1591 τῷ
763 1555 898 1593 ἀνθρώπῳ
912 1557 943 1584 τὸ

112 1602 162 1628 τοῦ
191 1598 279 1635 δεξιοῦ
307 1595 475 1635 κυϐερνήτου
502 1596 608 1635 ὄνομα.
637 1598 846 1634 ’Λσκληπιάδης
876 1601 944 1628 κατὰ

996 294 1174 330 terrogabat,
1187 293 1286 330 aegroti
1310 292 1423 320 vivendi
1447 300 1539 328 genus
1554 293 1756 328 perscrutatus
1771 291 1819 318 di-

996 339 1164 375 gnoscebat,
1190 337 1383 374 praecipiebat,
1401 336 1494 364 morbi
1516 336 1636 364 curandi
1653 343 1774 363 cursum
1790 337 1819 363 et

995 384 1126 420 regimen
1138 382 1319 410 observabat.
1331 381 1520 409 Moribundos
1532 380 1649 416 parcius
1660 380 1818 415 interroga-

995 428 1047 456 bat
1071 428 1106 455 de
1134 426 1296 459 doloribus,
1326 426 1361 453 de
1388 424 1551 461 sepultura,
1568 432 1626 460 qua
1654 431 1684 451 re
1706 424 1816 452 factum

994 474 1039 500 est
1054 474 1086 499 ut
1102 471 1202 499 morbo
1217 469 1318 498 lethali
1333 469 1534 498 laborantibus
1549 468 1668 504 aliquod
1683 467 1814 496 solamen

994 517 1120 544 atl'erret.

1031 712 1075 740 43.
1097 711 1179 743 Quod
1209 711 1307 738 autem
1335 709 1500 738 mirabilius
1527 711 1572 738 est
1599 709 1733 737 narrabo.
1749 709 1820 738 Cum

995 757 1100 785 acerba
1115 755 1236 784 morbus
1251 763 1318 783 eum
1343 755 1470 789 vexaret,
1487 754 1617 790 corporis
1636 753 1821 782 constitutio-

996 810 1063 830 nem
1093 808 1280 833 consumens,
1298 802 1326 827 et
1349 799 1424 827 vires
1449 798 1628 827 corrodendo
1653 798 1821 826 interiorem

996 844 1179 873 interimeret
1193 843 1355 876 hominem,
1372 851 1456 870 mens
1479 845 1577 871 tamen
1593 850 1665 870 sana
1684 842 1822 871 omnibus

996 889 1099 918 ofﬁciis
1125 896 1226 916 vacare
1252 889 1373 924 poterat.
1397 887 1443 915 Sic
1468 886 1596 923 aliquem
1612 886 1714 915 videns
1730 887 1820 915 simili

998 934 1099 962 morbo
1122 933 1316 968 laborantem,
1330 932 1511 960 curationem
1529 931 1655 959 maxime
1670 940 1736 959 cum
1754 931 1821 959 dili-

997 978 1096 1015 gentia
1113 977 1251 1010 instituit,
1267 979 1295 1005 et
1320 983 1408 1012 quem
1433 978 1581 1004 mortuum
1603 984 1673 1004 sane
1687 976 1821 1012 luxisset,

998 1025 1031 1051 ad
1050 1022 1207 1050 sanitatem
1224 1021 1349 1050 reduxit.
1365 1020 1418 1052 Qui
1434 1020 1458 1048 si
1484 1029 1562 1048 nunc
1577 1023 1727 1057 superstes
1740 1021 1822 1056 vivit,

998 1068 1072 1096 alter
1087 1069 1197 1100 autem,
1212 1066 1257 1094 cui
1284 1065 1440 1094 sanitatem
1456 1065 1580 1093 debebat
1594 1066 1750 1094 defunctus
1765 1068 1820 1101 est,

998 1121 1056 1140 non
1083 1111 1181 1139 minus
1205 1110 1313 1138 mirum
1335 1110 1470 1144 videtur;
1494 1118 1553 1138 non
1578 1110 1649 1138 item
1665 1110 1761 1146 nobis,
1774 1111 1824 1147 qui

999 1167 1059 1186 rem
1076 1157 1191 1185 meliori
1210 1158 1307 1184 mente
1332 1155 1576 1192 contemplemur.
1592 1156 1716 1184 Fortiter
1729 1164 1760 1184 se
1775 1165 1825 1193 ge-

998 1203 1089 1230 rendo
1104 1201 1213 1238 aliquis
1230 1201 1258 1229 in
1274 1209 1374 1236 pugna
1389 1200 1498 1228 multos
1511 1200 1594 1228 cszdit
1608 1201 1755 1236 hostes,at
1770 1209 1824 1237 po-

998 1250 1108 1275 stremo
1123 1247 1186 1282 ipse
1202 1254 1317 1281 quoque
1332 1245 1420 1278 cadit,
1438 1253 1490 1273 nec
1515 1245 1588 1273 forte
1603 1245 1698 1273 adhuc
1715 1246 1826 1274 invenit

997 1300 1064 1319 eum
1082 1291 1130 1326 qui
1147 1291 1212 1326 ejus
1228 1289 1363 1326 praeclare
1388 1289 1463 1318 facta
1485 1289 1602 1326 hymnis
1626 1290 1761 1318 celebret.
1778 1290 1825 1318 Sic

999 1336 1047 1363 diu
1064 1335 1172 1371 aliquis
1187 1343 1288 1362 navem
1305 1333 1606 1370 gubernavit,multos
1621 1334 1824 1368 salvavit,tan-

999 1380 1064 1408 dem
1081 1380 1111 1407 in
1127 1387 1207 1407 mare
1224 1379 1402 1415 profundum
1417 1377 1519 1414 lapsus
1544 1378 1639 1414 periit,
1657 1386 1709 1407 nec
1724 1382 1822 1408 tamen

997 1424 1066 1452 boni
1084 1424 1188 1452 navita!
1203 1423 1326 1460 gloriam
1343 1423 1480 1459 perdidit.
1497 1423 1544 1451 Sic
1559 1424 1744 1460 Esculapius
1759 1424 1822 1460 ipse

998 1477 1032 1497 ex
1058 1471 1101 1496 tot
1129 1468 1239 1496 morbis
1265 1467 1414 1502 liberator,
1439 1468 1525 1494 toties
1549 1470 1706 1496 coronatus
1721 1468 1750 1496 in
1767 1469 1822 1497 hoc

997 1513 1124 1540 victoriae
1139 1519 1254 1548 genere,
1267 1519 1447 1546 nequaquam
1460 1511 1545 1538 morti
1557 1519 1614 1538 non
1632 1512 1822 1540 succumbere

1001 1558 1113 1593 potest;
1130 1564 1182 1584 nec
1198 1558 1295 1584 tamen
1311 1555 1365 1582 viri
1391 1563 1513 1582 coronas
1529 1555 1591 1583 sine
1607 1555 1754 1590 injustitia
1770 1564 1822 1584 au-

998 1602 1079 1636 feret,
1097 1609 1148 1637 per
1163 1608 1250 1628 omne
1264 1602 1382 1636 tempus
1397 1599 1517 1627 victoris
1531 1607 1637 1627 nomen
1653 1600 1793 1629 habituri.

110 1645 197 1672 νόσων
237 1643 456 1682 παγκρατιάζων,
484 1643 530 1671 καὶ
560 1644 647 1681 συχνὰ
676 1645 926 1683 στεφανωσάμενος,
953 1645 1001 1674 οὐκ
1030 1644 1084 1677 ἔσθ’
1114 1646 1190 1676 ὅπως
1217 1644 1247 1672 οὐ
1278 1646 1398 1671 πεσεῖται
1428 1643 1542 1679 θανάτῳ,
1572 1643 1620 1670 Καὶ
1647 1643 1698 1671 οὐκ
1725 1643 1755 1671 ἄν
1779 1655 1821 1677 τις

113 1688 226 1720 δικαίως
263 1689 329 1720 τοὺς
367 1689 512 1727 στεφάνους
542 1687 681 1727 ἀφελεῖται
695 1691 745 1716 τοῦ
775 1687 889 1727 ἀνδρὸς,
927 1689 1000 1718 ἀλλὰ
1025 1690 1231 1728 κληρονομήσει
1260 1691 1310 1724 τῆς
1336 1691 1480 1723 νικητικῆς
1504 1686 1549 1715 διὰ
1575 1689 1694 1723 παντὸς,
1723 1688 1822 1722 ἐκεῖνος

112 1733 248 1770 κλήσεως.

154 1868 208 1906 με’.
237 1868 316 1898 Οὕτω
344 1868 377 1904 δὴ
404 1869 450 1896 καὶ
474 1869 488 1896 ὁ
509 1868 691 1905 ὐμνούμενος,
725 1869 751 1896 ἐν
790 1871 832 1900 οἷς
861 1869 942 1902 αὐτὸς

1032 1871 1076 1898 44.
1093 1871 1139 1899 Sic
1161 1869 1357 1903 Andronicus,
1378 1877 1466 1905 quem
1495 1869 1666 1898 defunctum
1691 1871 1819 1900 celebra-

117 1914 239 1953 ἔπασχε,
281 1917 339 1946 τοῖς
380 1915 587 1952 πειραζομένοις
631 1916 740 1953 βοηθεῖν
782 1914 941 1952 δυνάμενος,

118 1959 195 1996 ὅμως
220 1959 389 1996 καλούμενος
410 1959 479 1995 πρὸς
506 1962 555 1987 τοῦ
576 1960 738 1997 κρείττονος,
758 1959 941 1995 ἀπελήλυθεν,

118 2002 191 2042 ἔχων
221 2004 397 2041 σεμνύνεσθαι
426 2005 462 2039 τῇ
498 2003 542 2031 καὶ
576 2006 630 2031 τῶν
669 2005 858 2042 σμικροτάτων
887 2005 944 2032 ἐπι-

117 2051 222 2088 στροφῇ
257 2048 302 2076 διᾶι
334 2048 398 2076 τοὺς
432 2048 550 2075 ἑκάστων
577 2048 720 2086 ἀγγέλους,
751 2048 777 2076 οἵ
806 2059 943 2086 παραστα-

117 2095 193 2121 τοῦσι
210 2095 281 2129 Θεῷ.
301 2094 348 2124 Οἷς
366 2093 413 2129 μὲν
427 2093 473 2120 οὖν
487 2092 518 2119 τὸ
532 2095 608 2120 Θεῖον
626 2092 863 2130 σμικρολογεῖται,
882 2093 945 2121 ἀλλ’

119 2137 231 2168 ἰκείνοις
265 2138 455 2175 εὐαρεστεῖται,
495 2137 577 2174 μεχρι
616 2137 659 2164 καὶ
700 2137 737 2168 εἷς
772 2136 889 2172 σελήνην
920 2137 944 2174 ἐξ

123 2182 240 2219 ὑψίστων
265 2183 401 2220 χαλᾶσθαι
425 2182 475 2216 τήν
494 2184 544 2216 τῆς
570 2181 703 2218 Προνοίας
727 2182 826 2219 σειράν·
853 2182 897 2209 ἐπὶ
919 2181 947 2210 δέ

120 2237 150 2264 γε
164 2229 223 2257 τοῖς
248 2226 346 2258 ίκιῖθεν
372 2226 417 2254 καὶ
442 2226 504 2264 περὶ
531 2227 606 2262 ἡμᾶς
630 2226 668 2262 μὴ
698 2227 727 2253 ἂν
758 2226 857 2255 ἐθέλειν
883 2227 948 2264 γλι-

122 2271 281 2309 σχρεύεσθαι
327 2271 377 2305 τὴν
424 2271 550 2305 θειότητα
592 2270 947 2309 συγκατακέρματιζομὲνην

121 2319 178 2346 τοῖς
205 2314 276 2343 οὕτω
305 2314 498 2352 πολυσχιδὲσι,
533 2314 577 2342 καὶ
604 2314 814 2353 ἀπασχολοῦσαν
840 2316 949 2350 ἑαυτὴν,

122 2360 184 2388 ἔνθα
211 2360 242 2387 τὸ
269 2359 471 2397 σμικροπρεπὲς
497 2358 669 2396 ἐπιλέγεται.
696 2360 761 2391 Θεὸς
789 2359 817 2388 δὲ
839 2361 882 2388 καὶ
911 2360 949 2387 ἐν-

121 2406 205 2436 ταῦθα
224 2402 302 2441 ἕτερα
328 2403 466 2440 βούλεται·
494 2403 537 2430 καὶ
561 2403 592 2430 οὐ
617 2401 690 2442 φέρει
716 2405 780 2442 παρ’
795 2405 862 2440 ἡμῖν
889 2404 949 2432 ἀτε-

123 2459 197 2486 χνως
224 2447 411 2484 σεμνύνεσθαι,
447 2447 491 2475 καὶ
525 2449 704 2485 προσχήματι
741 2447 952 2485 μεγαλειότητος

123 2491 280 2529 ιόμεθόδως
307 2492 592 2528 κατασμικρύνεσθαι.
624 2493 659 2520 Ἦ
683 2493 734 2530 γὰρ
769 2493 800 2520 οὐ
828 2503 950 2531 τυραννει

123 2537 189 2565 Θεὸν
215 2535 342 2573 ἄντικρυς
375 2536 389 2563 ὁ
413 2539 471 2567 τοῖς
507 2537 554 2572 μὲν
590 2536 658 2573 ἱ)ψοῦ
687 2536 842 2576 ἐπιπρέπειν
872 2537 952 2565 αὐτὸν

124 2580 226 2618 ἀφιεὶς,
251 2582 306 2607 τῶν
332 2579 361 2607 δὲ
380 2581 441 2617 περὶ
467 2581 540 2616 ἡμᾶς
555 2579 602 2607 οὖν
620 2580 694 2612 ἐντὸς
711 2581 777 2609 εἶναι
794 2582 950 2620 σοφιστευὸ-

127 2635 217 2660 μενος⁷
234 2624 276 2651 καὶ
301 2623 334 2651 τὰ
360 2624 418 2651 κατ’
442 2622 596 2660 ἄνθρωπον,
626 2624 655 2656 ὃς
669 2623 703 2660 δὴ
730 2625 882 2663 βασιλεύειν
897 2629 950 2654 τῶν

125 2668 169 2696 ἐπὶ
184 2672 235 2707 γῆς
263 2668 426 2702 πέπλασται,
454 2668 565 2706 ἀπάγων
581 2671 666 2704 Θεοῦ;
697 2669 734 2700 ὡς
758 2669 788 2697 ἃν
817 2670 888 2698 οὕτω
903 2673 952 2698 τοῦ

125 2713 171 2740 καὶ
206 2710 384 2750 παμϐασιλεα
419 2712 521 2740 ἐκεῖνον
559 2713 625 2740 εἶναι
665 2714 793 2746 ὑπούλως
822 2715 952 2754 ἀφέλοιτο

125 2757 169 2784 καὶ
202 2758 255 2794 μήν
286 2760 356 2790 θεῖον
382 2757 493 2793 ἀληθῶς
526 2759 543 2792 ἡ
573 2757 598 2785 ἐν
628 2759 743 2796 προνοίᾳ
772 2759 951 2796 λεπτοτομία,

127 2801 173 2829 καὶ
198 2802 228 2829 τὸ
254 2802 280 2829 ἐν
301 2805 361 2834 τοῖς
386 2801 542 2840 ἁὸριιτέροις
558 2802 726 2831 ἀνελικτικόν
758 2814 787 2832 τε
813 2805 857 2832 καὶ
888 2805 953 2832 ἀνα-

129 2846 252 2874 λυτικόν’
287 2846 318 2874 οὗ
347 2846 381 2882 δὴ
409 2847 464 2886 πρὸ
489 2848 598 2876 πάντων
628 2848 730 2886 ἀνάγκη
762 2850 884 2888 μετάχειν
906 2850 952 2878 τὸν

997 1916 1108 1949 mus,in
1123 1915 1232 1951 quibus
1242 1915 1305 1950 ipse
1315 1922 1419 1950 passus
1428 1917 1588 1947 est,contra
1595 1923 1629 1942 ea
1640 1915 1821 1951 patientibus

997 1959 1159 1996 opitulatns
1174 1962 1228 1993 est,
1253 1961 1396 1995 quantum
1421 1961 1529 1994 posset,
1546 1959 1610 1995 ipse
1624 1959 1660 1988 ab
1680 1961 1823 1997 Omnipo-

998 2007 1077 2032 tents
1093 2003 1256 2040 appellatus
1267 2003 1392 2031 excessit
1402 2003 1587 2032 venerandus
1601 2004 1689 2032 etiam
1705 2013 1824 2034 conver-

999 2049 1112 2077 satione
1125 2057 1191 2076 cum
1210 2048 1404 2083 singulorum,
1421 2048 1471 2083 qui
1495 2047 1553 2075 Deo
1578 2050 1687 2082 astant,
1703 2050 1826 2086 angelis.

999 2093 1074 2120 Dum
1092 2092 1170 2119 enim
1184 2091 1234 2119 alii
1251 2092 1352 2119 tenuia
1367 2091 1402 2119 de
1418 2092 1505 2119 rebus
1521 2091 1629 2120 divinis
1645 2093 1768 2128 agitant,
1785 2093 1831 2121 illi

1001 2137 1100 2173 magni
1119 2136 1241 2171 iaciunt,
1258 2135 1449 2162 Providentiae
1461 2137 1594 2163 catenam
1611 2144 1645 2163 ex
1660 2137 1719 2164 alto
1735 2138 1772 2165 ad
1787 2138 1831 2165 lu-

1001 2190 1069 2209 nam
1098 2189 1190 2216 usque
1217 2180 1439 2216 promittentes:
1456 2187 1509 2207 nos
1536 2182 1632 2208 autem
1654 2180 1732 2209 haud
1748 2181 1832 2211 decet

1002 2226 1187 2254 divinitatem
1205 2227 1368 2258 attenuare,
1385 2224 1414 2252 in
1431 2224 1530 2260 plures
1546 2227 1644 2261 partes
1659 2225 1831 2263 scindendo,

1003 2274 1031 2298 et
1047 2270 1193 2306 dignitate
1209 2279 1262 2297 sua
1277 2269 1501 2297 exuendo.Deus
1517 2272 1615 2297 autem
1631 2270 1686 2298 hoc
1701 2271 1764 2299 loco
1773 2271 1832 2299 alia

1003 2315 1130 2349 vult,nec
1148 2323 1164 2342 a
1180 2314 1264 2342 nobis
1280 2313 1408 2341 tenuiter
1423 2314 1476 2341 coli
1494 2317 1522 2341 et
1537 2314 1592 2341 sub
1609 2313 1831 2350 gloriﬁcationis

1005 2362 1144 2396 praetextu
1163 2359 1288 2395 maligne
1314 2358 1439 2394 deprimi
1465 2358 1586 2394 patitur.
1607 2359 1710 2387 Nonne
1730 2362 1830 2395 tyran~

1006 2404 1071 2432 nica
1086 2404 1237 2440 impietate
1253 2406 1353 2432 contra
1369 2403 1460 2431 Deum
1474 2411 1505 2430 se
1520 2403 1605 2439 gerit,
1623 2404 1673 2439 qui
1689 2412 1756 2432 eum
1775 2413 1831 2432 cce-

1006 2449 1076 2476 litus
1105 2451 1274 2484 regnantem
1303 2447 1432 2475 admittit
1461 2447 1591 2483 quidem,
1619 2449 1707 2476 rebus
1734 2451 1833 2477 autem

979 2511 983 2514 ~
1007 2494 1116 2521 nostris
1141 2501 1198 2520 non
1224 2493 1366 2520 interesse
1391 2491 1552 2527 sophistica
1575 2491 1697 2520 elencbo
1717 2493 1834 2526 asserit,

1007 2538 1156 2566 hominem
1170 2540 1279 2573 autem,
1296 2536 1346 2573 qui
1373 2544 1462 2572 supra
1489 2536 1589 2564 omnia
1617 2538 1769 2566 terrestria
1782 2538 1835 2566 do-

1008 2583 1114 2610 minari
1131 2585 1252 2610 vocatus
1267 2585 1322 2615 cst,
1349 2590 1366 2610 a
1391 2583 1448 2609 Deo
1472 2580 1602 2610 alienat?
1615 2582 1663 2610 Sic
1679 2582 1757 2610 enim
1774 2583 1832 2610 Deo

1007 2629 1161 2663 majestate
1172 2636 1226 2655 sua
1235 2629 1319 2654 exuto
1332 2626 1459 2654 universi
1468 2625 1686 2662 gubernatio,in
1696 2627 1835 2655 omnibus

1007 2673 1050 2700 vel
1067 2672 1200 2699 minimis
1215 2671 1397 2707 providentia
1420 2673 1450 2698 et
1465 2670 1544 2698 circa
1559 2671 1705 2699 mundum
1723 2679 1794 2699 cura
1808 2673 1839 2699 et

1008 2716 1176 2744 sollicitudo
1205 2715 1420 2748 detraheretur,
1434 2723 1499 2750 quas
1528 2716 1628 2743 omnia
1651 2718 1750 2743 tamen
1767 2717 1839 2750 Deo,

1008 2764 1110 2797 utpote
1125 2760 1180 2788 soli
1196 2759 1321 2796 sapienti
1348 2762 1528 2795 competunt,
1545 2760 1594 2795 qui
1610 2768 1666 2787 non
1682 2759 1778 2787 solum
1795 2760 1832 2788 ad

1008 2814 1061 2834 nos
1078 2813 1171 2841 usque
1185 2804 1360 2832 descendere
1379 2813 1436 2832 non
1458 2804 1616 2839 recusavit,
1632 2805 1683 2833 sed
1700 2804 1836 2833 humani-

1007 2853 1098 2879 tatem
1115 2849 1188 2878 mire
1213 2849 1320 2885 induit,
1346 2851 1385 2884 et,
1410 2853 1442 2879 ut
1462 2858 1527 2886 nos,
1545 2848 1575 2878 in
1593 2857 1680 2879 carne
1694 2849 1773 2884 vivit,
1789 2858 1836 2879 se-
