2026 3156
145 197 221 227 1009

571 198 771 230 MANUELIS
794 199 971 230 COMNENI
992 200 1192 232 LAUDATIO
1213 202 1420 233 FUNEBRIS.

1771 204 1849 234 iOlO

181 266 236 298 μη’.
265 262 315 291 Καὶ
342 262 444 298 ταύτης
483 262 512 291 δὲ
540 267 590 298 τῆς
630 263 774 302 βασιλικῆς
813 265 910 303 ἀρετῆς
936 266 965 292 τὰ

1062 267 1106 295 48.
1123 267 1218 304 Regius
1235 268 1351 297 virtutis
1367 269 1545 298 mentionem
1560 270 1736 306 peeuliarem
1750 270 1846 298 facere

142 307 202 338 καθ’
240 305 350 335 ἕκαστον
393 308 421 335 αἱ
464 308 617 347 συγγραφαὶ
658 309 846 338 λαλείτωσαν.
875 311 972 346 ¹Ημεῖς

142 351 193 389 γὰρ
230 351 279 379 οὐκ
317 352 355 384 εἷς
393 352 539 390 ἀπέραντον
579 353 716 391 ἐξαγαγεῖν
753 355 785 382 τὰ
813 356 862 382 τοῦ
886 352 972 392 λόγου

143 396 384 434 προτεθυμήμιθαι,
415 397 455 428 οἷς
485 407 517 435 γε
544 397 589 425 καὶ
618 397 722 436 βραχέα
751 397 845 426 λαλεῖν
867 397 929 426 οὕτε
944 398 970 426 ἐν

142 440 220 476 καλῷ
254 443 349 478 καιροῦ
381 444 478 475 κεῖται,
513 442 582 470 ὅπου
605 445 664 473 τοῖς
687 443 897 480 παθαινομὲνοις
922 443 972 471 οὐκ

142 484 258 523 εὔπορος
280 487 297 520 ἡ
321 486 401 521 ἀκοὴ,
427 486 489 515 οἵτε
512 487 537 514 ἰν
556 487 673 525 εὐχερεῖ.
702 487 746 515 διὰ
769 488 800 516 τὸ
828 488 873 516 καὶ
899 488 970 516 οὕτω

139 529 321 565 ποΛυπληθὶς
343 533 397 558 τῶν
429 533 542 568 μνήμης
567 531 659 567 ἀξίων·
679 531 706 560 ιν
722 534 765 563 οἷς
789 533 833 560 καὶ
851 532 889 563 ὡς
905 533 969 570 ἀγα-

141 576 195 606 θῶν
227 574 416 613 ὗτιορῥεόντων
447 576 480 610 ἧν
506 577 659 611 καινιστής,
690 577 797 613 ἀταξίας
828 578 970 614 ἁρμοστής

138 623 276 655 καιρικῆς,
307 619 502 655 ἐπιπευαστής
529 623 582 648 τῶν
613 621 651 651 εἰς
677 621 775 658 ἀρετὴν
815 622 970 660 ἀφωρισμέ-

140 674 194 690 νων
218 662 419 699 ἐνδιαιτήσεων,
445 665 549 702 χρόνου
565 669 668 704 φθορᾶς
683 665 843 696 ἀντίπαλος.
867 667 898 694 Ὀ
920 666 967 702 μὲν

139 708 190 745 γὰρ
216 709 302 736 πάντα
328 707 456 745 δαμάζειν
487 709 602 744 ἐθέλων,
631 710 697 747 βαθὺ
725 709 825 748 ἕχασκε
849 711 917 738 κατὰ
939 721 968 738 τε

141 752 220 784 θείων
235 755 317 780 ναῶν·
334 754 377 781 καὶ
408 754 470 781 ὅσον
499 754 591 786 αὐτοῖς
621 754 674 782 εἴτε
703 755 824 790 σύνναον,
842 754 896 783 εἷίεε
922 755 968 783 καὶ

142 796 236 828 ἄλλως
266 797 462 834 οἰκειούμενον,
494 798 507 826 ὀ
533 797 561 826 Si
584 799 758 838 αὐτοκράτωρ
780 799 817 831 εἰς
840 800 927 834 κενὸν,
953 801 967 828 ὃ

141 852 216 881 φασι,
240 842 344 880 χαίνειν
370 843 450 870 αὐτὸν
476 844 565 880 ἀφιεὶς
589 843 775 879 ἐπεσκεύαζεν,
801 844 965 879 ἆπεποιεῖτο,

140 885 260 924 ἐξήγειρε
271 887 306 914 τὰ
319 888 560 921 καταπεπτωκότα,
578 888 636 916 ῐᾶτο
651 888 684 916 τὰ
698 889 882 924 πεπονηκότα,
899 889 966 916 πάν-

137 941 172 983 τρι
188 931 284 983 ἐποίει,
301 931 350 959 ὅσα
363 934 486 969 χρονικῷ
496 932 647 960 ἀντιπίπτει
664 933 778 970 στόματι
795 933 966 971 ἅνοιγομένῳ
983 951 1004 983 Β

139 974 177 1006 εῐς
194 975 295 1013 φθορὰν
309 978 362 1003 τῶν
377 976 427 1003 ὅσα
443 977 481 1013 μὴ
497 977 588 1014 χρεὼν
605 977 767 1017 φθείρεσθαι.

176 1101 229 1137 μθ’.
271 1101 383 1138 Σεισμοί
421 1112 487 1130 ποτε
524 1102 751 1139 ἆναταράττοντες
789 1104 823 1131 τὲ
855 1106 967 1132 τοιαῦται

139 1146 183 1172 καὶ
201 1144 381 1183 ἑκμοχλεύειν
410 1144 530 1185 ἔχοντες,
556 1148 600 1175 καὶ
627 1149 645 1183 ἡ
667 1151 702 1185 γῆ
729 1147 792 1179 τοὺς
821 1147 966 1184 θεμελίους

141 1190 263 1218 ἀνέπτυε·
302 1190 346 1218 καὶ
385 1192 402 1225 ἡ
437 1191 566 1228 βασιλική
606 1193 670 1230 ’χεὶρ
707 1192 799 1220 ἀνίστα
833 1193 866 1220 τὰ
908 1193 968 1230 ἰερὰ

141 1235 285 1270 πτώματα.
308 1235 338 1263 Εἰ
361 1234 390 1262 δὶ
417 1236 454 1272 μή
477 1235 614 1272 θεμελίοις
637 1233 800 1264 ἐπεϐούλευε
819 1237 849 1264 τὸ
872 1237 966 1274 κακὸν,

141 1278 286 1306 ἆλλ“αὖτὰ
303 1279 350 1316 μὶν
376 1279 448 1318 ἀφίει
481 1283 684 1318 κατευμεγεθεῖν
711 1283 760 1308 τοῦ
789 1279 966 1318 βλάπτεσθαι,

139 1325 189 1350 τοῦ
218 1322 241 1350 δ’
271 1323 505 1362 ὑπερφαινομένου
540 1325 740 1362 κατεπιχείρει,
778 1324 890 1353 ἐνταῦθα
921 1337 966 1362 μι-

140 1368 205 1406 κρὸν
243 1366 330 1395 ἐδόκει
367 1370 401 1404 τῇ
438 1368 566 1406 βασιλικῇ
600 1368 794 1407 μεγαλοδωρεᾷ
821 1371 852 1397 τὸ
877 1369 965 1398 ἐνδέον

141 1411 338 1450 ἀναπληρῶσαι
366 1416 416 1448 τῆς
447 1411 608 1450 οἴκοδομῆς,
639 1413 664 1441 εἲ
691 1414 729 1450 μή
759 1414 803 1442 καὶ
831 1414 864 1442 τὰ
892 1414 967 1447 ἐντὸς

140 1456 323 1495 ἆγαοοχυσῖας
351 1456 489 1494 ἰμπλήσει
516 1460 576 1488 τοῖς
615 1457 640 1485 ἐν
671 1457 841 1495 ἀναθήμασιν
869 1459 965 1497 ἱεροῖς.

139 1500 232 1538 Καιροί
256 1512 336 1536 τινες,
361 1502 406 1529 καὶ
432 1501 538 1540 ἀνήφθη
563 1504 628 1539 πῦρ,
654 1502 671 1536 ἦ
694 1502 857 1539 αὐτόματον,
883 1503 901 1538 ἢ
920 1504 964 1531 καὶ

138 1545 231 1578 ἄλλως
256 1545 286 1573 ἐκ
308 1547 434 1584 μηχανῆς
460 1543 619 1581 ἐπίϐουλον,
641 1547 687 1574 καὶ
709 1547 743 1574 τὰ
767 1547 863 1575 ἑαυτοῦ
887 1548 965 1582 ἠναι-

138 1589 260 1625 δεύσατο,
288 1591 357 1627 μήτε
382 1593 435 1618 τῶν
465 1593 562 1618 κοινῶν
584 1590 744 1630 φειδόμενον
759 1615 766 1626 ,
793 1590 964 1628 καταϐοσκη-

1027 314 1179 340 auctorum
1192 316 1246 340 est.
1262 314 1350 342 Nobis
1365 314 1443 342 enim
1462 318 1602 350 perpetuo
1618 316 1654 343 de
1667 315 1722 342 hac
1745 323 1776 342 re
1805 314 1849 342 lo-

1026 356 1073 390 qui
1092 365 1149 384 non
1165 359 1209 384 est
1222 359 1415 393 propositum,
1433 359 1542 394 quibus
1554 367 1604 387 nec
1635 359 1760 387 breviter
1785 367 1846 387 ser-

1027 401 1166 428 mocinari
1178 401 1259 430 lubet
1274 403 1309 430 ad
1326 403 1476 431 auditores
1493 411 1550 431 non
1581 403 1666 439 plane
1695 407 1822 432 attentos
1839 415 1847 435 ς

1026 453 1079 473 nec
1095 446 1124 473 in
1142 450 1278 482 promptu
1296 449 1341 474 est
1357 447 1385 475 in
1403 450 1486 476 tanta
1502 456 1599 476 rerum
1612 448 1847 476 memorabilium

1026 491 1223 520 multitudine.
1242 492 1307 519 Fuit
1320 495 1417 520 autem
1434 493 1482 520 ille
1498 496 1592 522 statue
1614 493 1731 529 pristini
1761 502 1847 521 reno-

1024 538 1117 568 vator,
1139 536 1219 571 regni
1250 536 1357 564 turbati
1382 539 1572 570 restaurator,
1597 537 1721 565 luxuriei
1739 544 1803 572 qua:
1831 545 1848 564 a

1023 582 1130 608 virtute
1159 580 1267 608 alienat
1295 581 1446 614 coercitor,
1473 581 1614 617 temporis
1648 589 1764 617 parcus.
1793 581 1848 613 Qui

1023 625 1100 652 enim
1116 624 1214 652 omnia
1228 625 1346 652 domare
1362 625 1462 659 voluit,
1479 625 1610 654 ecclesiis
1625 626 1732 653 divinis
1748 625 1848 653 iubis-

1025 671 1071 696 bat
1087 672 1137 696 aut
1151 669 1175 696 si
1192 678 1254 704 quas
1271 670 1328 697 alia
1344 670 1466 697 aedilicia
1483 670 1567 698 obvia
1582 673 1666 697 erant
1683 679 1690 703 ;
1719 670 1846 705 impera-

1024 717 1070 741 tor
1084 717 1180 741 autem
1197 722 1279 749 spem
1297 714 1376 742 illius
1397 715 1554 742 frustratus
1571 714 1716 747 excitavit.
1746 714 1848 742 ruinas

1024 758 1208 790 restauravit.
1230 759 1349 786 morbos
1372 758 1495 793 curavit,
1527 759 1628 786 omnia
1656 759 1724 786 fecit
1753 760 1785 786 ut
1813 766 1846 786 os

1022 802 1121 830 seaculi
1150 803 1226 838 quod
1256 806 1363 830 cuncta
1391 805 1495 831 contra
1510 803 1554 831 fas
1582 803 1720 831 devorare
1747 802 1846 838 gestit,

1021 847 1180 875 clauderet.

1057 1103 1101 1131 49.
1117 1104 1211 1132 Terra:
1227 1104 1321 1130 motus
1333 1102 1402 1131 olim
1418 1102 1742 1139 grassabantur,omnia
1756 1102 1845 1132 eloco

1024 1150 1215 1181 moventes,et
1226 1147 1322 1176 solum
1333 1149 1525 1177 fundamenta
1539 1148 1729 1185 rejecit,regis
1744 1150 1845 1176 autem

1022 1193 1140 1220 dextera
1155 1201 1218 1228 quae
1234 1192 1317 1228 lapsa
1331 1195 1414 1220 erant
1429 1193 1539 1228 tempta
1550 1192 1764 1220 restauravit.Si
1778 1192 1842 1220 fun-

1022 1237 1168 1265 damentis
1180 1237 1289 1265 malum
1299 1245 1356 1264 non
1367 1237 1502 1265 incubuit
1511 1240 1540 1265 et
1549 1238 1648 1265 omnia
1659 1237 1847 1265 restauratio-

1023 1290 1088 1309 nem
1104 1282 1322 1317 exspectabant,
1352 1281 1511 1316 imperator
1539 1281 1615 1309 intra
1637 1281 1844 1309 liberalitatem

1022 1327 1104 1354 duxit
1119 1335 1202 1354 suam
1219 1326 1333 1354 aedificii
1348 1327 1457 1354 damna
1477 1335 1638 1362 reparasse,
1668 1326 1726 1354 nisi
1751 1325 1843 1355 sacris

1022 1370 1221 1399 oblationibus
1238 1372 1317 1398 intus
1332 1379 1448 1407 quoque
1459 1371 1614 1399 thesauros
1629 1379 1699 1399 suos
1714 1371 1847 1407 aperuis-

1022 1418 1075 1443 set.
1090 1415 1219 1447 Quodam
1232 1418 1363 1451 tempore
1379 1415 1454 1451 ignis
1469 1418 1520 1443 aut
1535 1418 1639 1452 sponte
1653 1417 1705 1444 aut
1728 1415 1843 1444 malitia

1021 1468 1173 1493 accensus,
1203 1460 1431 1487 destructionem
1452 1460 1555 1487 afferre
1584 1460 1700 1496 sategit,
1727 1459 1844 1488 ediﬁcii

1022 1503 1128 1531 molem
1143 1512 1330 1537 consumens,
1347 1505 1376 1531 et
1392 1503 1520 1540 plurima
1535 1504 1696 1539 depascens
1712 1503 1845 1531 multitu-

1021 1547 1081 1574 dini
1098 1547 1240 1576 inucessa.
1258 1547 1312 1575 Sed
1329 1550 1391 1575 tum
1421 1556 1536 1583 quoque
1559 1556 1629 1575 cura
1658 1547 1844 1583 imperatoris

1020 1592 1228 1619 canonicorum
1259 1591 1488 1619 sollicitudinem
1520 1591 1678 1627 praecessit,
1709 1593 1737 1619 et
1765 1592 1844 1627 quod

138 1635 180 1662 θὶν
192 1633 220 1662 δὲ
230 1635 273 1662 καὶ
291 1634 393 1669 πολλὰ,
410 1635 446 1662 ὢν
460 1635 493 1670 ἧν
503 1636 534 1663 τὸ
549 1634 668 1666 πολλοῖς
684 1633 794 1664 ἄϐατον.
812 1637 862 1664 Καὶ
879 1637 962 1664 πάλιν

1022 1638 1227 1672 consumptum
1244 1636 1339 1663 fuerat
1367 1635 1522 1671 templum,
1552 1635 1759 1663 reaediﬁcatum
1788 1638 1843 1664 est.

137 1679 272 1712 κάνταῦθα
303 1679 334 1706 τὸ
358 1679 498 1717 βασιλικὸν
522 1680 664 1716 προμηθὲς
694 1680 884 1718 ἀντεπεξήγετο
908 1683 966 1712 τοῖς

138 1726 300 1758 κανονικοῖς,
325 1726 370 1751 καί
395 1724 426 1751 τὸ
443 1723 561 1752 ἀπελθὸν
575 1724 659 1752 καλὸν
684 1725 890 1753 ἀποκαθίπατο.
915 1725 965 1753 Καὶ

138 1769 189 1796 οὐκ
213 1767 243 1796 ἃν
273 1767 334 1806 ἔχοι
363 1779 404 1800 τις
434 1768 518 1796 εἰπεῖν
554 1769 637 1796 κακὸν
676 1769 747 1797 οὕτω
777 1770 966 1808 φιλονεικηθὲν

138 1812 361 1852 ἐκκορυφωθῆναι
391 1813 430 1844 εἰς
460 1814 613 1850 μήκιστον,
647 1814 662 1842 ὃ
692 1814 730 1851 μὴ
763 1813 835 1852 ταχὺ
864 1813 965 1853 ἐξηφά-

136 1867 220 1885 νιστο.

172 1972 203 2000 ν’.
229 1972 280 2000 Καὶ
310 1971 340 2000 οὖ
380 1973 575 2012 περιεγράφετο
615 1972 640 2000 ἰν
678 1972 772 2010 μόνοις
807 1975 874 2010 ἡμῖν
901 1973 964 2002 οὐδὲ

135 2016 212 2044 ταυτὶ
234 2017 268 2044 τὰ
293 2017 399 2054 ἀγαθά·
421 2018 455 2044 τὰ
476 2016 564 2044 πλείω
591 2016 620 2044 δὲ
644 2017 670 2044 οἱ
693 2021 743 2052 τῆς
771 2017 840 2054 ἑῴας
860 2018 965 2054 λήξεως

137 2060 325 2097 ἱκληροῦντο,
355 2062 399 2089 καὶ
424 2062 457 2089 τὸ
493 2060 654 2099 Εὖρωπαῖον
678 2060 793 2097 πλάτος,
818 2063 862 2090 καί
885 2066 963 2098 νῆσοι

136 2104 350 2144 ἐγκαινιζόμεναι
374 2106 417 2134 καὶ
445 2105 517 2134 οὕτω
541 2108 730 2145 προφητικῶς,
751 2107 791 2138 οἷς
815 2106 844 2134 ἐκ
867 2111 963 2143 καινῆς

134 2150 166 2177 τὸ
188 2149 374 2188 ἀποιχόμενον
400 2149 425 2177 ἐν
450 2151 534 2186 ἱεροῖς
555 2149 660 2181 κάλλος
684 2150 887 2187 ἀνεκομίζοντο.
914 2152 963 2179 Καὶ

135 2194 149 2221 ’ὁ
175 2193 289 2222 ἐνταῦθα
324 2194 485 2231 κενούμενος
522 2194 642 2226 πλοῦτος
679 2193 764 2230 δόξειε
797 2196 846 2232 μὲν
874 2195 904 2224 ἂν
935 2196 964 2224 ἐκ

137 2239 236 2276 μέρους
272 2238 436 2277 ἐστοχάσθαι
468 2241 517 2267 τοῦ
551 2239 712 2278 εὐεργετεῖν,
754 2241 795 2271 οἷς
824 2240 964 2279 ἐκιρματί-

135 2285 203 2318 ζετο·
235 2283 267 2311 τὸ
300 2282 408 2319 πλῆθος
445 2282 474 2312 δέ
506 2294 548 2315 τις
573 2283 721 2321 καταλέξας
747 2287 802 2313 τῶν
832 2284 962 2321 ἰπιποιη-

133 2327 230 2356 θέντων
254 2328 300 2356 καὶ
325 2328 454 2365 σεμνείων
478 2329 522 2356 καὶ
550 2328 629 2356 θείων
651 2331 729 2365 ναῶν,
759 2328 828 2357 πάνυ
853 2330 960 2363 πολλὰς

133 2371 267 2408 ὀλότητας
301 2373 346 2400 καὶ
384 2373 511 2411 μεγίστας
546 2372 667 2409 δαπάνης
696 2373 894 2414 ἐκκορυφώσειε
921 2378 961 2412 τῷ

133 2415 273 2455 ἁδροτάτῳ
293 2421 344 2453 τῆς
369 2417 515 2456 ἰκχύσεως.
545 2418 598 2447 Καὶ
623 2419 649 2446 οἱ
676 2419 725 2455 μὶν
741 2420 885 2458 φθάσαντες
907 2423 962 2448 τῶν

134 2461 160 2489 ἕν
186 2463 253 2498 ἡμῖν
278 2461 486 2501 αὐτοκρατόρων
523 2462 586 2499 μίαν
604 2461 749 2499 δήπουθεν,
780 2463 797 2499 ἢ
825 2465 871 2492 καὶ
900 2463 962 2493 δευ-

133 2505 210 2544 τέραν
244 2506 382 2541 καλλονήν
423 2506 494 2539 θείαν
533 2507 604 2546 φωτὶ
642 2507 784 2544 δείξαντες,
821 2510 961 2544 νεοτήσιον

135 2551 232 2587 σεμνὸν
251 2551 296 2578 καὶ
327 2551 395 2590 μᾶγα
419 2562 445 2579 τι
462 2555 576 2587 ποιῆσαι
601 2551 749 2590 κᾶκρινται,
777 2553 822 2581 καὶ
850 2552 962 2589 ἀληθῶς

133 2596 334 2630 πεποιήκασιν·
374 2596 388 2624 ὁ
427 2595 455 2623 δὲ
494 2596 711 2634 συννοησάμενος
745 2600 866 2636 κρεῖττον
896 2598 963 2626 εἶναι

135 2638 250 2679 φυλάξαι
279 2639 310 2667 τὸ
326 2640 393 2668 εἶναι
419 2643 478 2672 τοῖς
495 2639 554 2668 οὖσι
584 2641 645 2678 μὶν,
674 2640 799 2670 κίνδυνον
816 2641 845 2670 δὲ
861 2643 964 2680 ὑπομέ-

136 2694 225 2712 νουσιν
242 2683 360 2719 ἀπιὶναι,
383 2685 451 2723 πρὸς
478 2687 518 2721 τῷ
532 2683 606 2723 ἔργῳ
633 2686 724 2723 τούτῳ
754 2687 812 2725 εἶχε
839 2687 871 2715 τὸ
898 2690 963 2722 πᾶν,

138 2728 373 2767 φιλοτιμούμενος
390 2728 475 2766 μηδὲν
501 2740 529 2757 τι
556 2732 609 2758 τῶν
638 2730 720 2767 ἰερῶν
748 2730 836 2770 ἔργων
864 2733 965 2770 ἀπογε-

139 2773 237 2810 νέσθαι,
277 2773 349 2802 ἀλλὰ
386 2774 417 2802 τὸ
445 2773 531 2802 πάλαι
554 2775 717 2813 κτητορικὸν
751 2777 844 2808 αὐτοῖς
870 2777 964 2805 ἐναπο-

143 2819 230 2854 μεῖναι
255 2818 338 2857 μέχρι
362 2819 458 2851 τέλους
488 2818 639 2859 ὶκφώνημα
671 2821 739 2859 πρὸς
770 2822 881 2859 μνήμην
907 2824 967 2854 τοῖς

141 2860 318 2900 ἅνεγείρασιν.
333 2862 537 2900 Ἐπηκολούθει
564 2862 593 2892 δὶ
616 2862 668 2902 ἄρα
694 2867 734 2902 τῷ
756 2864 864 2904 βασιλεῖ
887 2865 966 2895 αὖτο-

1020 1684 1078 1709 Nec
1093 1681 1185 1717 aliud,
1200 1682 1235 1708 de
1250 1689 1307 1717 quo
1323 1682 1518 1709 construendo
1542 1683 1585 1709 tot
1609 1680 1738 1709 aemulati
1763 1683 1844 1716 sunt,

1020 1728 1052 1753 ut
1065 1725 1185 1763 longum
1201 1726 1330 1759 duraret,
1346 1727 1406 1753 tam
1423 1728 1556 1762 prompte
1571 1725 1690 1754 interiit.

1053 1977 1098 2005 50.
1110 1976 1167 2004 Nec
1182 1976 1219 2004 ad
1235 1984 1288 2004 nos
1304 1975 1382 2004 solos
1410 1975 1472 2003 hac
1485 1975 1640 2003 commoda
1650 1975 1840 2012 spectabant;

1018 2021 1158 2057 pleraque
1174 2020 1252 2048 enim
1279 2020 1422 2056 regiones.
1444 2020 1571 2047 Orientis
1592 2020 1699 2047 sortitis
1715 2021 1794 2052 sunt,
1813 2021 1842 2047 et

1018 2065 1170 2093 continens
1184 2065 1300 2098 Europa
1315 2067 1344 2092 et
1358 2063 1460 2092 insula;
1491 2063 1660 2099 prophetico
1686 2064 1840 2095 renovataa.

1018 2110 1054 2137 ad
1071 2117 1144 2145 quas
1160 2109 1256 2136 denuo
1273 2107 1385 2136 cultum
1401 2108 1534 2135 divinum
1546 2107 1694 2135 labantem
1719 2107 1842 2135 reduxe-

1019 2156 1097 2182 runt.
1114 2153 1165 2181 Hic
1175 2153 1280 2180 divitiis
1296 2153 1458 2188 absumptae
1474 2160 1509 2179 ex
1525 2154 1605 2187 parte
1622 2151 1658 2179 ab
1671 2151 1707 2179 iis
1723 2150 1773 2187 qui
1790 2159 1840 2179 eas

1018 2198 1112 2226 sortiti
1128 2197 1292 2230 fuerant,ad
1304 2197 1409 2232 stipem
1419 2198 1595 2232 erogandam
1611 2195 1751 2223 adhibitae
1760 2197 1840 2223 sunt.

1018 2242 1205 2270 Multitudine
1220 2249 1285 2269 vero
1300 2243 1470 2268 enumerata
1481 2239 1737 2273 monasteriorum,
1750 2239 1841 2267 eccle-

1017 2287 1188 2323 siarumque
1200 2294 1334 2314 summas
1345 2284 1470 2322 pecunia
1478 2284 1622 2313 maximas
1635 2284 1703 2320 quis
1714 2283 1842 2320 largitio-

1016 2333 1062 2360 nis
1076 2331 1139 2360 loco
1152 2331 1288 2368 profusas
1310 2329 1565 2358 inveniet.Priores
1593 2329 1729 2365 equidem
1745 2328 1841 2364 impe-

1015 2379 1126 2404 ratores
1142 2375 1234 2404 nostri
1248 2383 1338 2403 unam
1368 2376 1420 2402 aut
1442 2373 1563 2402 alteram
1590 2372 1840 2409 pulchritudinem

1016 2421 1047 2449 in
1061 2421 1157 2449 lucem
1173 2420 1291 2448 edentes
1303 2428 1364 2447 rem
1389 2418 1530 2455 grandem
1557 2417 1662 2446 fecisse
1691 2417 1838 2453 videntur,

1016 2468 1044 2493 et
1058 2465 1154 2501 reipsa
1168 2465 1310 2493 fecerunt.
1327 2463 1380 2495 Qui
1396 2471 1461 2490 vero
1477 2462 1672 2490 consideravit
1685 2461 1763 2498 quod
1779 2469 1840 2490 me-

1016 2510 1074 2538 lius
1080 2512 1158 2538 esset
1164 2509 1360 2537 conditionem
1372 2515 1504 2536 servasse
1512 2506 1670 2534 exsistendi
1677 2505 1714 2534 iis
1721 2506 1840 2542 quidem

1018 2555 1068 2590 qui
1083 2556 1162 2587 sunt,
1180 2562 1196 2581 a
1211 2552 1422 2589 superstitibus
1433 2559 1500 2578 vero
1515 2551 1678 2586 periculum
1703 2550 1839 2586 ejecisse;

1018 2602 1046 2628 et
1061 2601 1164 2635 praeter
1178 2607 1251 2634 opus
1268 2597 1341 2625 illud
1358 2597 1526 2624 universum
1543 2605 1608 2624 esse
1619 2595 1733 2624 habuit.
1759 2593 1840 2623 omni

1018 2653 1072 2680 ope
1087 2652 1215 2679 curaque
1230 2642 1357 2676 enitens,
1378 2639 1497 2668 utnibil
1523 2641 1559 2668 de
1584 2640 1676 2668 sacris
1703 2639 1842 2676 operibus

1019 2689 1164 2721 deﬁceret,
1181 2687 1231 2715 sed
1243 2686 1321 2722 quod
1338 2685 1503 2721 antiquitus
1518 2684 1672 2713 Dominica
1700 2692 1747 2711 res
1781 2683 1843 2710 erat

1019 2733 1092 2769 ipsis
1106 2733 1268 2760 remaneret
1276 2738 1368 2766 usque
1376 2730 1411 2758 ad
1424 2729 1758 2763 ﬁnem,adhortationem
1770 2726 1843 2754 illud

1020 2777 1131 2805 habens
1146 2777 1181 2804 ad
1200 2774 1368 2804 memoriam
1380 2773 1440 2801 illis
1449 2773 1497 2809 qui
1507 2773 1678 2801 memoriam
1687 2772 1842 2801 suscitant.

1021 2822 1092 2858 Regi
1106 2821 1209 2850 exinde
1224 2821 1300 2848 hanc
1320 2818 1482 2856 praesertim
1506 2818 1693 2846 hereditasse
1717 2816 1842 2854 gratiam

1021 2875 1073 2903 pro
1084 2874 1114 2894 re
1130 2865 1379 2895 natainharebat.
1396 2865 1428 2891 ει
1447 2862 1537 2900 priori
1565 2862 1684 2899 quidem
1709 2862 1758 2900 qui
1773 2870 1844 2899 pos-
