2021 3154
198 201 273 231 1011

199 266 275 294 sedit
289 264 493 294 codicillorum
516 264 730 293 memorialium
757 264 878 292 nomina
897 266 926 292 et
955 264 1023 292 titu-

1084 265 1156 303 φυῶς
1185 262 1303 291 ἐντεῦθεν
1320 284 1328 297 ,

197 311 242 339 los
257 312 286 338 et
302 318 365 346 qua)
381 310 416 338 ad
432 310 516 338 illum
536 309 732 346 pertinebant,
750 311 868 344 tempus
896 308 1023 344 delevit;

199 355 348 383 secundus
374 363 442 382 vero
470 356 600 391 tempore
628 354 749 383 veniens
785 361 844 387 rex,
874 353 947 382 illud
976 354 1024 382 de-

200 407 259 427 nuo
275 400 311 427 ad
327 399 499 427 memoriam
511 398 673 434 inscripsit,
687 398 821 433 priorem,
838 401 867 426 et
882 407 913 426 se
927 398 1025 434 ipsum

200 443 363 479 inscripsit,
379 443 449 479 quia
473 451 531 471 non
553 445 598 471 est
623 450 676 470 cur
701 442 790 470 lateat
817 450 918 470 recens
947 442 1025 478 quod

197 488 336 524 juventus
353 487 482 523 fuerit,et
493 487 660 516 celebritaie
667 489 868 515 antecessores
884 487 984 515 vicerit
998 489 1026 515 et

202 532 350 560 memoriis
372 533 532 560 secundam
570 531 660 560 fuerit
701 531 827 567 gloriam
860 535 1026 567 assecutus,

201 576 251 604 ubi
260 576 415 613 antiquum
431 585 489 605 non
500 576 669 605 ﬁrmitatem
681 575 917 613 habuit,quando
926 576 1028 612 junior

201 621 335 650 nondum
350 624 438 650 natus
453 625 527 650 erat.

239 814 409 846 51.0uando
423 822 490 842 vero
506 813 590 842 bonis
607 814 797 849 absumptum
811 811 1027 840 imitationibus

205 860 235 885 et
249 860 283 886 ad
299 859 520 895 perpetuitatem
537 859 714 892 tendentem,
737 858 898 894 perfectum
925 856 1028 884 exinde

207 903 359 938 oportebat
379 903 584 939 complementi
600 904 629 931 in
649 903 760 931 talibus
769 910 834 930 esse
843 901 1026 938 participem,

583 198 793 230 EUSTHATll
816 197 1203 229 THESSALUNICENSIS
1225 196 1518 229 METROPOLITJE

1828 193 1910 225 1012

1367 261 1552 299 κληρονομεῖν
1591 259 1670 288 αὖτὸν
1712 258 1833 297 μάλιστα
1860 262 1912 294 τῆς

1079 306 1188 344 τοιᾷσδε
1215 307 1356 343 κλήσεως.
1386 305 1436 334 Καὶ
1463 307 1503 342 τῷ
1534 305 1582 343 μὲν
1611 305 1714 342 πρώτῳ
1743 303 1911 340 κτησαμένῳ

1079 351 1134 388 ἤδη
1164 351 1316 391 ἕπαλείφων
1346 352 1379 387 ἧν
1407 352 1421 378 ὁ
1442 351 1544 388 χρόνος
1566 348 1689 387 τοῦνομα
1702 353 1751 384 τῆς
1770 359 1909 386 μνημονι-

1079 401 1130 432 κῆς
1147 396 1259 433 δὲλπου,
1285 397 1319 425 τά
1342 407 1374 434 γε
1389 396 1426 427 εἰς
1447 395 1526 423 αὐτὸν
1547 394 1659 430 ἥκοντα*
1677 395 1691 422 ὁ
1721 392 1750 421 δὶ
1780 392 1911 432 βασιλεὺς

1081 442 1205 481 δεύτερος
1233 443 1309 478 ἥκων
1333 445 1373 480 τῷ
1399 441 1504 480 χρόνῳ,
1518 441 1619 469 ἐκεῖνόν
1636 451 1665 468 τε
1680 441 1755 472 αὖθις
1771 440 1810 470 εἰς
1841 439 1911 476 μνή-

1083 499 1136 525 μην
1154 488 1279 527 ἑνέγραφε
1293 489 1344 523 τήν
1368 486 1514 525 προτέραν,
1538 486 1583 514 καὶ
1613 486 1707 513 ἑαυτὸν
1732 483 1914 523 προσενέγρα-

1081 544 1138 572 pw-
1156 534 1197 561 ὅτι
1215 531 1286 569 μηδὲ
1300 532 1355 560 ἐστι
1370 532 1402 559 τὸ
1414 531 1505 566 νεάζον
1522 530 1626 566 λαθεῖν,
1641 530 1686 558 καὶ
1701 527 1912 567 παρευδοκιμη-

1082 581 1161 613 θῆναι
1175 580 1216 614 τῷ
1231 578 1373 617 φθάσαντι,
1393 576 1438 604 καὶ
1463 575 1495 603 τὸ
1518 579 1568 610 τῆς
1596 573 1773 612 μνημοσύνης
1799 572 1917 609 ἀπενεγ-

1080 623 1175 651 κασθαι
1192 621 1352 660 δευτερεῖον,
1368 619 1428 649 ἔνθα
1441 621 1473 648 τὸ
1488 619 1604 648 παλαιὸν
1619 619 1670 647 οὐκ
1685 617 1715 646 ἂν
1738 617 1916 652 συνεστήκοι,

1083 668 1122 704 μή
1137 669 1185 695 τοῦ
1201 670 1340 701 νιαζοντος
1357 665 1558 703 ἐπιγεγονότος,

1117 813 1166 838 να’.
1191 810 1266 837 Έπεί
1291 808 1319 837 δὲ
1343 809 1388 836 τὸν
1414 808 1528 846 ἀγαθαῖς
1555 809 1700 845 μιμήσεσιν
1717 805 1920 844 ἐντηκόμινον,

1081 855 1125 882 καὶ
1150 855 1188 886 εἷς
1214 855 1245 882 τὸ
1267 854 1308 881 ἀεὶ
1330 851 1523 892 προϐαίνοντα,
1545 853 1649 881 τέλειον
1670 852 1755 891 ἐχρῆν
1778 852 1918 884 κάνταῦθα

1081 902 1130 934 τῆς
1155 898 1180 926 ἐν
1200 899 1337 929 τοιούτοις
1361 898 1405 926 καὶ
1423 897 1504 925 αὐτὸν
1530 896 1665 933 ὁλότητος
1690 897 1758 925 εἶναι
1776 896 1914 935 μέτοχον,

208 955 266 974 non
277 947 413 975 sufﬁcere
427 947 552 975 aestimat
564 947 650 976 talem
667 947 739 975 actis
761 946 951 978 additionem,
976 945 1026 972 sed

1086 944 1134 972 οὒκ
1164 944 1262 982 ἀρκοῦν
1287 945 1394 981 ἡγεῖται
1413 944 1463 977 τὴν
1485 942 1614 978 τοιαύτην
1643 942 1813 977 ὲπιποίησιν,
1842 940 1919 969 ἀλλὰ

209 999 282 1027 opus
298 991 425 1028 eomplet
439 992 680 1027 divinum,necad
691 991 833 1019 vanumin
841 993 1029 1026 conspectum

209 1035 346 1064 veniendi
363 1044 493 1064 amorem
509 1038 539 1064 et
564 1038 748 1072 arrogantem
776 1038 921 1063 tumorem
951 1033 1030 1070 quod

209 1080 366 1109 mirabitur
381 1081 430 1117 qui
443 1081 591 1109 ferocitate
606 1083 705 1109 motus
720 1080 836 1115 cogitat;
852 1082 879 1107 et
895 1080 955 1107 viro
962 1078 1030 1106 soli-

208 1126 313 1154 tariam
327 1126 417 1154 vitam
434 1127 746 1163 fastidiendiplacendi
777 1126 929 1154 studiosus
954 1126 1032 1160 (cum

208 1171 320 1198 talibus
333 1171 413 1199 enim
425 1171 480 1199 sibi
497 1171 707 1208 complacebat,
724 1171 819 1207 magis
835 1179 922 1206 quam
939 1169 1032 1204 quivis

209 1214 296 1249 alius)
331 1215 543 1242 monasterium
586 1216 740 1248 construit,
779 1215 863 1250 cujus
899 1222 1033 1242 secessus

209 1259 326 1293 quidem
343 1259 371 1286 in
388 1260 502 1287 deserto
517 1260 677 1288 solitariam
701 1260 816 1292 cellam.
847 1259 1033 1295 pulchritudo

212 1310 280 1330 vero
295 1303 419 1331 adornat
434 1304 579 1332 sermonis
596 1304 712 1340 fulgens
727 1304 866 1340 elogium.
883 1303 1034 1332 Guberna-

213 1346 303 1374 tionis
318 1346 348 1374 in
364 1355 398 1375 eo
427 1356 531 1376 norma
553 1348 636 1376 valde
659 1348 865 1376 convenienter
890 1348 1036 1375 diceretur

215 1390 329 1426 angelis
344 1391 443 1428 digna.
472 1392 549 1420 Viris
573 1400 652 1420 nunc
676 1393 804 1428 repletur
827 1392 939 1428 optima
968 1393 1036 1419 nota

216 1435 352 1471 signatis,
380 1436 438 1464 fere
462 1437 573 1473 absque
606 1445 725 1473 corpore
766 1436 942 1470 viventibus,
986 1435 1037 1472 qui

217 1479 293 1508 lucis
319 1481 457 1517 angelum
482 1489 571 1518 prope
582 1490 613 1510 se
636 1481 744 1510 habere
773 1484 801 1509 et
829 1481 986 1509 traduntur
1009 1481 1038 1508 et

217 1525 421 1558 creduntur,et
435 1526 491 1561 ipsi
507 1526 614 1560 sciunt,
627 1528 656 1554 et
670 1525 839 1562 divulgatur
854 1524 1038 1552 sermoillius

218 1570 329 1603 creber,
345 1571 415 1606 quia
429 1571 614 1599 vehementer
622 1571 799 1600 desideravit
814 1573 933 1598 sanctos
944 1569 1038 1605 ipsius

216 1614 268 1642 hos
282 1615 360 1643 viros
376 1623 478 1644 omnes
493 1616 583 1644 simili
600 1616 712 1644 ratione
735 1616 862 1643 viventes
885 1622 1035 1650 superare.

214 1658 248 1686 Et
274 1659 451 1688 desiderium
478 1661 612 1688 eﬂ‘ectum
642 1660 755 1688 habuit.
786 1660 851 1695 Ipse
866 1659 944 1687 enim
971 1658 1035 1685 nul-

209 1702 268 1730 lius
283 1706 498 1732 antecessorum
510 1705 630 1732 inferior
644 1705 746 1738 evasit,
758 1706 902 1740 quotquot
924 1703 1033 1730 talibus

208 1748 295 1776 bonis
310 1748 457 1784 splendidi
469 1749 596 1785 fuerunt,
607 1752 635 1777 et
650 1749 701 1785 qui
716 1749 853 1777 desiderii
869 1748 1031 1776 secundum

208 1792 317 1828 ipsum,
334 1793 457 1821 dixerim
474 1796 502 1821 et
518 1794 681 1821 secundum
698 1793 802 1827 Deum,
825 1793 879 1821 viri
914 1792 1031 1826 fuerint,

207 1838 256 1873 qui
273 1838 419 1866 debebant
435 1838 508 1866 alios
524 1846 628 1865 omnes
640 1846 789 1874 superare.
802 1838 894 1874 Igitur
908 1846 938 1865 se
949 1841 1030 1865 tanto

207 1881 283 1908 bono
299 1881 380 1914 dant,
394 1882 423 1909 in
439 1884 584 1918 quantum
601 1883 720 1918 energia
735 1883 858 1911 deiicere
878 1891 935 1910 non
951 1882 1028 1916 licet,

209 1927 237 1952 et
248 1925 397 1952 decertant
421 1925 451 1953 in
475 1926 592 1954 virtutis
622 1927 716 1955 stadio
744 1927 868 1961 vincere,
896 1927 979 1963 quasi
1002 1929 1031 1954 et

208 1971 310 1997 contra
323 1969 448 1998 athletas
464 1971 514 2007 qui
530 1974 609 1999 stare
631 1980 689 2000 non
717 1972 883 2008 praevalent.
908 1972 943 2000 Et
971 1980 1029 2000 non

207 2017 252 2042 est
267 2015 408 2043 renuendi
423 2015 504 2044 locus
520 2017 608 2052 quod,
634 2019 691 2046 Deo
721 2017 864 2046 auxilium
889 2017 1028 2053 suppedi-

204 2061 297 2095 tante,
308 2068 366 2088 non
383 2060 516 2089 excident
531 2069 547 2089 a
562 2061 638 2090 bono
653 2062 811 2098 proposito.

236 2250 282 2278 52.
298 2250 528 2287 Audite,quzeso,
538 2251 746 2280 illudeustate
757 2253 785 2280 et
800 2252 1025 2288 videte,quando

201 2295 324 2323 dulcedo
336 2296 434 2324 divina
449 2297 613 2324 volentibus
629 2299 747 2332 gustare
772 2297 902 2325 oll‘ertur.
932 2297 1026 2325 Simul

1086 989 1240 1026 ὀλοκληροῖ
1253 988 1298 1016 καὶ
1314 988 1393 1016 αὐτὸς
1422 991 1493 1020 θεῖον
1518 986 1605 1026 ἔργον,
1631 987 1676 1015 καὶ
1700 987 1767 1015 αὐτὸ
1792 986 1824 1014 οὗ
1845 987 1919 1024 πρὸς

1085 1034 1161 1061 κενὸν
1187 1033 1373 1072 φανητιασμὸν
1395 1033 1440 1060 καὶ
1464 1030 1580 1070 σοϐαρὸν
1601 1030 1728 1069 ὅγκωμα,
1758 1031 1796 1062 ὡς
1826 1031 1856 1058 ἂν
1889 1029 1920 1058 δὶ

1085 1079 1245 1116 θαυμάσειεν
1276 1080 1290 1107 ὁ
1325 1078 1430 1118 φρονῶν
1457 1079 1494 1110 είς
1522 1078 1728 1117 στρυφνότητα’
1757 1077 1804 1105 καὶ
1833 1087 1921 1114 χαρι-

1087 1125 1202 1160 σάμενος
1246 1122 1321 1160 ἀνδρὶ
1367 1122 1484 1160 μονάδος
1524 1123 1585 1161 βίου
1623 1122 1782 1159 κατακόρως
1822 1121 1920 1159 ἔχοντι

1084 1166 1192 1207 (ἔχαιρε
1216 1168 1266 1206 γὰρ
1290 1170 1348 1198 τοῖς
1373 1167 1520 1203 τοιούτοις,
1536 1166 1610 1205 εἷ’περ
1634 1166 1688 1194 τινὶ
1712 1169 1765 1193 τῶν
1792 1166 1920 1203 ἑτέρων),

1087 1213 1181 1247 ἀνιστᾷ
1220 1213 1438 1250 φροντιστήριον,
1475 1211 1506 1239 οὗ
1545 1212 1576 1239 τὸ
1616 1211 1664 1247 μὲν
1703 1211 1923 1248 ἀνακεχωρηκὸς

1088 1256 1192 1295 ἰρήμου
1213 1256 1323 1293 τμῆμα,
1351 1257 1382 1284 τὸ
1410 1255 1438 1283 δὲ
1466 1256 1570 1286 καλλος
1599 1255 1737 1294 ἐξαρτύσοι
1767 1255 1798 1282 ἃν
1827 1254 1922 1292 λόγου

1089 1301 1217 1339 λαμπρὰν
1234 1303 1395 1339 πανήγυριν.
1426 1302 1458 1329 Ἥ
1487 1300 1516 1328 δὶ
1542 1302 1592 1335 τῆς
1621 1300 1648 1328 ὲν
1678 1300 1750 1336 αὐτῷ
1773 1299 1922 1330 πολιτείας

1090 1346 1207 1382 διάταξις
1238 1346 1389 1374 οἰκειότατα
1404 1347 1516 1384 λεχθείη
1547 1345 1576 1373 ἃν
1606 1345 1734 1384 ἀγγάλοις
1762 1345 1920 1383 πρέπουσα.

1091 1394 1140 1422 Καὶ
1174 1395 1218 1420 νῦν
1248 1393 1386 1428 πέπληθεν
1414 1392 1518 1430 ἀνδρῶν
1549 1392 1634 1420 ὲκεῖνο
1663 1391 1839 1428 ἀσκουμένων
1870 1402 1921 1430 φε-

1091 1437 1225 1475 ρωνύμως
1260 1438 1295 1473 τῇ
1327 1436 1479 1472 ἐηικλήσει,
1508 1437 1553 1464 καὶ
1581 1437 1613 1464 τὸ
1644 1438 1744 1473 μικροῦ
1771 1436 1923 1471 ἀσώματον

1094 1482 1261 1521 βιαζομένων
1299 1483 1338 1513 οἷς
1375 1482 1491 1519 ἄγγελον
1519 1482 1609 1521 φωτὸς
1637 1481 1795 1520 ἐφίστασθαι
1825 1479 1924 1511 αὐτοῖς

1091 1528 1136 1555 καὶ
1166 1527 1348 1563 ὀνομάζονται
1376 1527 1421 1554 καὶ
1447 1525 1629 1560 πιστεύονται,
1650 1525 1694 1553 καὶ
1723 1525 1801 1552 αὐτοὶ
1818 1523 1923 1559 οἳδασι,

1092 1573 1137 1600 καὶ
1152 1571 1306 1610 περιᾳδεται
1335 1571 1416 1610 λόγος
1432 1571 1534 1600 ἐκείνου
1561 1571 1693 1608 ὑμνητὸς,
1722 1571 1761 1602 ὡς
1788 1570 1831 1597 ’ὁτι
1862 1569 1924 1597 ἐπι-

1094 1617 1178 1654 θυμίᾳ
1208 1616 1362 1654 ἐπεθύμησε
1393 1616 1456 1647 τοὺς
1489 1617 1584 1644 ἑαυτοῦ
1610 1615 1700 1651 ἱεροὺς
1726 1614 1843 1646 τούτους
1874 1614 1922 1642 ἄν·

1094 1660 1158 1698 δρας
1190 1661 1296 1697 πάντῳν
1328 1661 1462 1698 ὑπερεῖναι
1489 1662 1543 1687 τῶν
1574 1657 1735 1696 ὁμοιοϐίων.
1761 1658 1813 1687 Καὶ
1843 1659 1875 1692 ἦν
1902 1660 1920 1692 ἡ

1088 1705 1217 1742 ἐπιθυμία
1243 1706 1281 1736 εἰς
1309 1705 1452 1744 ἀνάλογον.
1484 1705 1570 1736 Αὐτός
1594 1715 1623 1732 τε
1651 1705 1701 1742 γὰρ
1722 1702 1833 1734 οὐδενὸς
1862 1705 1920 1730 τῶν

1087 1750 1243 1788 φθασάντων
1274 1749 1396 1786 ἐξέπιπτε
1431 1748 1571 1788 δεύτερος,
1601 1749 1659 1777 ὅσοι
1689 1749 1828 1780 τοιούτοις
1858 1748 1920 1784 ἐνη-

1086 1794 1255 1833 γλαίσθησαν
1276 1796 1396 1834 ἀγαθοῖς,
1424 1795 1469 1823 καὶ
1494 1797 1520 1823 οἱ
1546 1799 1596 1830 τῆς
1623 1795 1680 1823 κατ’
1708 1794 1803 1828 αὐτὸν,
1830 1794 1917 1822 εἰπεῖν

1086 1839 1114 1868 δὲ
1129 1841 1173 1868 καὶ
1196 1844 1247 1876 τῆς
1275 1841 1342 1868 κατὰ
1366 1841 1431 1868 θεὸν
1461 1840 1606 1877 ἐπιθυμίας
1635 1839 1740 1878 ἄνδρες,
1772 1839 1918 1878 ὀςσειλὲται

1084 1887 1192 1915 πάντων
1233 1887 1413 1925 περιέμμεναι
1459 1885 1564 1915 ἄλλων.
1598 1886 1647 1914 Καὶ
1676 1886 1767 1913 τοίνυν
1793 1885 1917 1923 γίνονται

1083 1933 1132 1958 τοῦ
1146 1930 1272 1959 τοιούτου
1300 1930 1398 1966 καλοῦ,
1421 1931 1458 1962 εἷς
1473 1932 1535 1959 ὅσον
1558 1931 1607 1959 οὐκ
1627 1929 1696 1958 ἔστιν
1722 1929 1852 1958 ἐλλιπεῖν
1869 1929 1918 1958 δυ-

1083 1975 1198 2012 νάμεως,
1230 1976 1275 2004 καὶ
1310 1975 1483 2013 ἁμιλλῶνται
1519 1976 1552 2004 τὸ
1589 1979 1640 2011 τῆς
1675 1975 1775 2013 ἀρετῆς
1804 1978 1916 2013 κρατεῖν

1083 2019 1202 2055 στάδιον,
1242 2021 1306 2048 ὡσεὶ
1344 2021 1389 2048 καὶ
1429 2021 1468 2053 είς
1501 2019 1714 2059 ἁπαραμίλλους
1743 2023 1915 2054 καταστῆναι

1082 2065 1310 2103 παγκρατιαστάς.
1351 2065 1401 2092 Καὶ
1440 2065 1491 2093 οὐκ
1531 2063 1601 2092 ἔστιν
1641 2063 1831 2099 ἀπείπασθαι,
1877 2063 1917 2096 ὣς

1082 2111 1149 2137 Θεοῦ
1189 2109 1383 2149 ἐπαλείφοντος
1421 2109 1471 2138 οὐκ
1505 2109 1680 2138 ἐκπεσοῦνται
1716 2110 1769 2144 τῆς
1809 2109 1915 2146 ἀγαθῆς

1080 2153 1245 2191 προθέσεως.

1116 2254 1167 2292 νβ’.
1198 2252 1284 2282 Ἀλλὰ
1319 2254 1369 2292 γὰρ
1402 2254 1457 2281 οἷον
1491 2254 1522 2281 τὸ
1551 2253 1674 2289 ἀκοῦσαι,
1704 2252 1839 2280 Γεύσασθε
1866 2251 1911 2278 καὶ

1082 2295 1162 2332 ἴδετε,
1190 2299 1235 2325 ὅτε
1258 2297 1396 2336 γλυκύτης
1413 2299 1469 2331 θεία
1482 2301 1542 2330 τοῖς
1559 2296 1741 2336 βουλομένοις
1759 2294 1911 2334 ἔμϐρωμα-

203 2339 369 2368 divinorum
385 2342 510 2377 cupidus
526 2330 651 2374 audivit,
666 2344 694 2368 et
716 2340 803 2369 simul
829 2341 1026 2377 manducavit,

1084 2330 1198 2377 τίζεσθαι
1223 2330 1377 2378 «pexa-rat:
1414 2330 1488 2380 ’Ἅμα
1516 2343 1531 2370 ὁ
1559 2330 1593 2370 τὰ
1620 2330 1680 2370 θεῖα
1709 2330 1912 2379 λιχνίευύμενος

203 2383 312 2411 etbibit
321 2384 422 2412 vinum
431 2385 643 2419 mistum,sicut
652 2385 899 2413 novitSalomonis
911 2386 1027 2422 sapien-

202 2425 244 2454 tia
259 2428 360 2463 epulas
375 2438 497 2465 parare;
513 2432 542 2458 et
555 2430 714 2466 insumptis
731 2430 775 2457 bis
792 2438 854 2466 quae
875 2430 1026 2458 recondita

202 2470 337 2507 habebat,
354 2475 389 2502 ad
407 2476 517 2511 majora
532 2475 676 2503 desideria
694 2477 837 2510 provocat,
849 2483 901 2503 nec
917 2475 1024 2504 divinis

202 2516 315 2546 dellciis
343 2521 469 2548 saturari
494 2523 598 2556 potest.
629 2520 709 2548 Talis
738 2520 799 2556 ille,
830 2521 926 2556 reipsa
956 2521 1022 2548 bea-

198 2563 248 2591 tus
264 2565 293 2591 et
308 2565 406 2601 magni
424 2566 587 2594 invitatoris
603 2566 722 2593 conviva
735 2566 869 2600 dilectus,
882 2567 1024 2602 comperit

195 2607 356 2645 pulchrum
371 2618 435 2638 esse
445 2611 591 2646 ejusmodi
608 2611 782 2644 laborem;et
797 2611 900 2638 anima:
914 2611 943 2638 in
960 2612 1022 2648 ipso

195 2652 292 2682 virilis
307 2654 437 2683 conditio
453 2664 509 2682 non
527 2658 678 2684 lucernam
704 2655 851 2688 exstinxit,
871 2656 956 2691 cujus
986 2658 1021 2685 ad

195 2698 291 2727 lucem
310 2699 420 2728 incedit
434 2700 532 2736 quivis
548 2701 576 2728 in
606 2700 674 2728 talis
703 2701 768 2728 vitae
793 2703 869 2728 recta
892 2701 1021 2735 semita;

197 2746 330 2773 accendit
344 2754 409 2774 vero
432 2745 560 2782 amplius
579 2745 677 2773 divino
701 2745 812 2781 Spiritu
838 2745 968 2774 refovens
993 2748 1022 2774 et

199 2788 300 2818 anima
314 2790 350 2818 ad
366 2791 458 2819 Deum
479 2790 632 2827 aspirans;
653 2789 730 2817 unde
759 2798 932 2826 progressus
958 2790 1021 2818 effi-

200 2831 281 2860 ciens
295 2842 326 2862 se
341 2837 493 2864 exercebat
514 2838 543 2864 et
567 2834 678 2863 ceteris
708 2833 857 2862 similibus
884 2834 1021 2863 studebat

201 2876 346 2910 operibus.
360 2880 393 2907 Et
407 2880 470 2909 loca
493 2880 523 2908 in
553 2882 620 2916 apto
648 2879 752 2913 electa,
783 2886 817 2906 ex
839 2878 962 2914 judicio,
992 2881 1021 2908 et

1082 2386 1191 2422 ἤκουσε,
1220 2387 1265 2415 καὶ
1294 2387 1351 2425 ἅμα
1375 2387 1466 2427 ἔφαγε,
1490 2388 1535 2415 καὶ
1559 2387 1618 2415 ἔπιε
1642 2387 1674 2414 τὸ
1701 2386 1844 2424 κερασθὲν,
1874 2385 1910 2415 ὡς

1096 2431 1122 2443 VH
1334 2433 1340 2443 ν
1595 2443 1605 2449 μ
1639 2434 1652 2440 an
1748 2430 1783 2450 I.
1837 2431 1845 2440 ς

1081 2442 1151 2460 οιοεν
1180 2433 1198 2467 ἡ
1224 2432 1433 2469 Σολομωντειος
1460 2431 1664 2470 δαιταλουργειν
1692 2441 1773 2470 cepa
1800 2441 1846 2458 και
1863 2429 1908 2458 δα-

1079 2478 1202 2512 πανήσας
1225 2477 1256 2504 τὸ
1284 2478 1432 2514 παρατεθὲν
1449 2501 1456 2513 ,
1490 2477 1635 2515 ἐρεθίζεται
1665 2476 1702 2507 εἷς
1730 2475 1822 2503 πλείω
1850 2475 1908 2502 ἑπι-

1079 2521 1189 2556 θυιιίαν,
1214 2522 1259 2549 καὶ
1282 2526 1334 2557 τῆς
1350 2521 1422 2554 θείας
1446 2522 1498 2550 οὐκ
1512 2520 1570 2560 ἔχει
1598 2523 1703 2560 τρυφῆς
1718 2521 1906 2559 κορὲννυσθαι.

1078 2567 1212 2598 Τοιοῦτος
1239 2566 1284 2594 καὶ
1313 2567 1433 2603 ἐκεῖνος,
1461 2567 1475 2594 ὁ
1502 2569 1542 2603 τῷ
1566 2564 1623 2594 ὄντι
1654 2564 1833 2603 μακαριστὰ,
1863 2563 1907 2591 καὶ

1075 2613 1124 2638 τοῦ
1142 2610 1261 2649 μεγάλου
1284 2610 1515 2650 δειπνοκλήτορος
1539 2610 1677 2648 δαιτυμὼν
1698 2609 1802 2649 φίλιος.
1818 2608 1909 2646 Ἐγώ-

1077 2666 1152 2691 σατο,
1177 2655 1261 2684 καλὸν
1287 2656 1354 2684 εἶναι
1379 2655 1466 2687 οὕτως
1495 2656 1658 2695 ἑργάζεσθαν
1689 2655 1765 2690 καὶὴ
1782 2654 1809 2681 ιν
1832 2654 1908 2688 αὑτῷ

1075 2704 1125 2735 τῆς
1159 2702 1252 2738 ψυχῆς
1284 2699 1393 2739 ἀνδρεία
1420 2700 1580 2732 κατάστασις
1618 2700 1669 2728 οὐκ
1705 2696 1828 2727 ἐσϐέννυε
1856 2698 1906 2731 τήν

1077 2743 1201 2783 λυχνίαν,
1227 2744 1262 2772 δι’
1290 2745 1325 2780 ἧς
1351 2744 1512 2784 ποδηγεῖταί
1536 2756 1579 2778 τις
1605 2745 1642 2776 εἷς
1657 2744 1788 2779 τοιαύτην
1819 2743 1906 2781 ὀρθὴν

1078 2790 1139 2828 βίου
1175 2788 1290 2828 τρίϐον
1324 2790 1455 2827 ἑξανῆπτε
1484 2789 1513 2818 δὲ
1541 2790 1579 2822 είς
1607 2789 1692 2818 πλέον
1719 2787 1906 2827 ἀναρριπίζων

1075 2834 1139 2871 θείῳ
1160 2834 1306 2872 Πνιύματι,
1331 2834 1376 2862 καί
1397 2834 1535 2868 ἐπιποθῶν
1564 2836 1598 2872 τῇ
1622 2835 1700 2872 ψυχῇ
1728 2833 1798 2870 πρὸς
1828 2831 1903 2866 Θεὸν.

1065 2878 1134 2907 ’ὅθεν
1150 2877 1405 2918 προσϐιϐαζόμενος
1435 2878 1560 2917 ἒμὲλὲτα,
1585 2879 1631 2907 καὶ
1659 2878 1763 2917 ὶτᾶροις
1790 2877 1901 2915 ὁμοίοις
