2021 3154
121 202 199 232 1013

549 200 749 231 MANUELlS
773 199 947 231 COMNENI
970 201 1169 233 LAUDATIO
1191 201 1400 233 FUNEBRIS.

1753 204 1833 234 1οη

117 264 278 294 ίπιϐαλλειν
303 266 455 303 πράγμασι.
472 266 523 294 Καὶ
550 266 575 292 οἱ
603 266 684 292 τόποι
703 266 729 293 tv
754 265 868 302 ἑτοίμῳ,
886 265 945 293 ἑπι-

1005 267 1167 296 muterielia
1183 268 1413 296 conﬁciebantur
1422 269 1450 295 et
1468 268 1561 296 tribus
1587 268 1700 296 artibus
1728 268 1830 296 valens

119 310 240 348 λεγὲντες
272 310 298 345 ἇξ
327 309 500 347 ἐπικρίσεως,
531 310 575 337 καὶ
615 310 648 338 τὰ
673 313 722 344 τῆς
751 309 820 345 ὕλης
848 310 947 348 ηὐτρὲ-

121 366 212 389 πιστο,
243 355 288 382 καὶ
317 355 348 382 τὸ
375 355 501 392 τεχνικὸν
532 353 616 393 φῦλον
646 354 866 390 προκατείληπτο
889 357 947 386 τοῖς

125 402 247 437 μισθοῖς,
272 400 304 428 τό
333 410 362 427 τε
387 399 597 437 ἀρχιτεκτονοῦν
626 399 671 426 καὶ
711 400 742 426 τὸ
771 400 946 436 ὑπουργικόν·

121 445 165 473 χαί
188 444 294 472 τούτων
323 445 349 471 οἱ
378 444 425 480 μὲν
454 447 512 475 τοῖς
540 443 696 481 Ναζιραίοις
725 443 814 475 Θὲσθαι
842 444 948 479 σκηνώ-

123 500 203 526 ματα,
221 489 303 527 ἐγγὺς
318 487 348 516 δὲ
363 487 418 516 ἔστι
433 489 514 528 φάναι
536 489 580 516 καὶ
611 491 679 524 Θεῷ,
696 487 740 516 διά
763 499 792 516 τε
816 489 848 516 τὸ
877 492 947 521 θεῖον

120 536 168 562 τοῦ
197 535 393 570 σκευάσματος,
409 533 454 561 καὶ
485 531 527 561 ὅτι
552 536 611 564 τοῖς
636 532 662 561 ἐν
684 533 757 569 αὐτῷ
772 533 948 570 καθαρεύουσι

121 579 185 609 Θεὸς
226 578 371 613 ἐνσκηνοῦν
415 576 471 605 οἶδε
512 578 557 606 καὶ
600 578 797 615 ἐμπεριπατεῖν
814 586 821 594 ·
852 578 879 604 o't
921 576 950 606 δὲ

121 623 248 651 σκευάσαι
291 622 377 658 ξένοις
407 621 576 656 ἀνάπαυλαν,
605 622 649 650 καὶ
690 621 787 653 αὐτοῖς
827 632 949 660 τραυμα-

118 668 200 701 τίαις,
217 668 235 701 ἢ
260 668 305 695 καὶ
333 667 432 705 ὲτὲρως
455 667 546 698 νόσοις
563 665 763 702 ινολισθήσασι.
781 666 831 695 Καὶ
855 667 869 694 ὁ
900 667 947 704 μὲν

121 712 194 739 οὕτω
233 713 268 748 τῇ
306 711 363 747 θείᾳ
398 711 530 748 ἱπιθυμίᾳ
569 710 770 749 ὶκθερμανθεὶς,
799 710 947 747 καιομένην

121 757 179 794 εἶχε
193 757 244 791 τὴν
271 755 382 794 καρδίαν
408 755 434 783 ἐν
467 756 564 792 ἑαυτῷ,
581 754 608 783 εἷ’
633 766 692 788 πως
720 753 774 784 ίίδοι
802 756 833 784 τὸ
856 755 948 788 ἐπιθυ-

121 801 224 838 μητόν.
254 801 298 831 Ὠς
333 799 362 828 δὶ
392 801 423 828 τὸ
452 802 541 838 χρεὼν
571 799 693 836 ἤπειγεν,
719 799 836 836 ἀπῆλθε,
861 810 947 836 προσ-

119 844 191 883 άγων
223 847 282 882 Θιῷ
307 846 357 880 τὴν
387 842 473 884 ἔφεσιν
503 845 548 872 καὶ
571 846 620 879 τὴν
647 845 684 876 εἰς
704 845 820 883 τάγαθὸν
849 845 947 882 πρόθε-

119 900 172 926 σιν,
187 889 254 917 ὡσεὶ
277 890 321 917 καιὶ
347 886 424 928 ἔργον
450 888 504 925 ἤδη
529 889 644 924 τέλειον,
667 889 800 929 ἀφέμενος
828 891 868 926 τῷ
896 890 948 926 υἱῷ

122 934 231 972 βασιλεῖ
256 933 453 972 τελεσφορῆσαι
491 933 522 962 τὸ
554 933 703 971 ἔλλειμμα,
734 935 778 961 καὶ
817 934 866 968 τήν
899 935 945 971 μὲν

118 979 209 1017 ἀρχὴν
233 977 328 1010 ἐνδοὺς
351 979 430 1011 αὐτὸς
453 978 498 1006 καὶ
519 977 599 1006 τοῦδε
625 981 673 1006 τοῦ
688 978 798 1016 ἀγαθοῦ,
814 978 900 1007 ἐκεῖνο
917 978 946 1007 δὲ

119 1023 375 1062 φιλοτιμησάμενος
388 1024 418 1052 τὸ
432 1023 600 1052 παντελειον.

153 1129 204 1157 νγ.
221 1119 272 1147 Ἢν
298 1117 327 1146 δὶ
350 1120 400 1152 τῆς
418 1118 502 1153 αὐτῆς
527 1118 672 1153 ἐπισκευῆς
701 1118 745 1146 καὶ
773 1119 789 1153 ὴ
812 1120 866 1146 τῶν
896 1118 945 1146 πό-

117 1163 186 1192 λεων
217 1165 264 1192 καί
292 1164 509 1203 φρουρίων.τῶν
541 1165 588 1201 μὶν
613 1164 717 1203 ἕγερσις
733 1165 763 1192 ἐκ
778 1167 826 1192 τοῦ
859 1165 943 1192 πάλαι

116 1211 233 1243 κεῖσθαι,
260 1211 314 1236 τῶν
345 1207 375 1236 δὶ
403 1208 522 1243 ποίησις,
551 1209 596 1236 καὶ
635 1209 719 1236 εἰπεῖν
756 1209 943 1247 καιριώτερον,

115 1253 207 1284 ⁴ιιτίσις
232 1253 325 1288 καινή.
356 1252 407 1281 Καὶ
437 1247 557 1289 Τιϐερίῳ
598 1253 644 1289 μὶν
671 1253 800 1290 προνοίας
828 1263 946 1290 προσμε-

116 1298 292 1335 μαρτύρηται
332 1297 443 1334 ἀγαθὸν,
473 1296 514 1325 ὅτι
557 1296 664 1329 πολλὰς
693 1296 788 1328 πόλεις
821 1308 944 1326 κατασει-

118 1342 230 1374 σθείσας
256 1344 315 1373 ταῖς
339 1341 503 1380 εὐεργεσίαις
526 1339 664 1369 ἀνέλαϐεν.
680 1343 711 1371 Ὀ
738 1341 766 1369 δὲ
791 1342 836 1370 καὶ
864 1345 945 1370 τοῦτο

119 1387 166 1423 μὲν
184 1386 230 1414 ἐπὶ
244 1389 386 1420 τοσοῦτον,
403 1386 441 1418 είς
456 1386 517 1414 ὅσον
543 1386 592 1414 οὐκ
619 1387 703 1414 εἰπεῖν
732 1388 800 1423 ἡμῖν
830 1387 945 1424 εὐμαρὲς

117 1431 144 1460 ἐν
179 1442 211 1470 γε
237 1433 277 1466 τῷ
305 1431 429 1468 παρόντι,
461 1431 499 1468 μὴ
528 1431 573 1458 καὶ
606 1432 657 1466 τὴν
687 1430 943 1468 ἕπιμεμετρημάνην

118 1475 191 1513 ὤραν
217 1478 344 1507 τοπικοῖς
375 1475 487 1512 ὀνόμασι
516 1474 787 1512 προσδαπὰνήσωμεν
804 1485 810 1492 ’
827 1475 890 1506 ὅσας
917 1473 946 1502 Si

116 1519 162 1547 καὶ
200 1519 329 1554 ἐκκαινῆς
366 1519 392 1548 ἐν
431 1519 583 1558 ἆπικαίροις
637 1520 751 1557 χωρίοις
790 1519 944 1555 ἀνέστησεν,

114 1565 235 1602 ἀριθμὸς
273 1563 365 1597 ἕτερος
400 1565 488 1598 αὗται,
514 1564 567 1602 οὐχ
596 1565 654 1596 οἷος
689 1565 726 1600 μὴ
759 1563 944 1599 ἐπεξισοῦσθαι

114 1612 176 1640 ταῖς
206 1609 329 1640 λοιπαῖς⁴
358 1609 398 1637 Οὐ
426 1609 476 1646 γὰρ
507 1610 545 1639 εἷς
584 1609 678 1636 ἑκατὸν
706 1607 786 1643 ἅπαξ,
816 1607 878 1635 ούδὶ
907 1607 945 1639 εἷς

1003 311 1103 346 pretiis
1118 312 1227 346 primas
1243 312 1374 339 tenuerai
1386 314 1414 339 et
1448 313 1680 340 constructiones
1711 313 1824 341 faciens

1002 359 1031 384 et
1045 357 1250 391 adjumentum
1267 356 1536 392 praetunsl‘lorum
1547 366 1595 384 eos
1607 357 1726 392 quidem
1742 358 1824 385 Nazi-

1003 400 1068 427 rzeis
1083 401 1272 428 constituisse
1283 401 1482 433 tabernacula,
1497 402 1662 437 proximum
1673 404 1771 429 autem
1783 403 1827 428 est

1004 446 1060 471 Deo
1076 445 1277 480 colloqui,lum
1293 446 1329 473 ob
1346 448 1520 481 apparatum
1537 446 1745 478 divinum,tum
1757 445 1827 481 quia

1004 489 1062 516 illis
1078 489 1168 525 quiin
1185 490 1281 517 divino
1293 493 1433 525 apparatu
1447 499 1477 518 se
1494 491 1638 518 mundant
1653 493 1729 517 Deus
1745 491 1828 518 inha-

1004 533 1097 561 bitare
1122 533 1184 560 vult
1202 536 1230 561 et
1258 534 1426 567 ambulare;
1458 534 1510 562 hos
1539 543 1604 562 vero
1633 534 1753 562 advenis
1775 534 1828 562 ho-

1004 577 1124 613 spitium
1138 578 1306 613 prazbuisse,
1330 581 1359 606 et
1374 578 1536 606 vulneratis
1559 581 1610 606 aut
1625 578 1691 606 aliis
1718 578 1828 606 morbis

1003 622 1216 650 laborantibus.
1233 623 1286 655 Qui
1303 623 1421 658 quidem
1436 623 1478 650 sic
1494 622 1592 650 divino
1608 622 1753 650 desiderio
1771 623 1828 650 fer-

1003 667 1086 696 vidus
1101 668 1165 702 l'uit,
1183 669 1288 696 ardens
1304 669 1333 696 in
1348 677 1380 696 se
1391 677 1440 696 cor
1454 668 1558 696 habuit
1573 669 1598 696 si
1614 668 1686 696 forte
1712 667 1827 696 deside-

1004 715 1099 740 ratum
1115 713 1229 741 viderit.
1247 715 1318 741 Cum
1335 721 1401 741 vero
1417 713 1565 741 festinavit
1584 721 1674 748 more,
1690 712 1826 745 decessit,

1004 757 1060 785 Deo
1075 757 1201 785 aitarens
1233 757 1412 785 desiderium
1429 761 1455 785 et
1471 757 1586 785 virtutis
1602 765 1742 790 amorem,
1758 758 1825 784 ten-

1002 801 1251 836 quamopusjam
1281 803 1453 837 pet-lectum,
1484 801 1654 836 relinquens
1675 800 1734 828 (ilio
1763 799 1824 835 regi

1002 846 1036 872 ad
1054 846 1163 873 bonum
1175 846 1264 873 ﬁnem
1281 846 1444 881 perducens
1457 854 1521 881 quas
1536 846 1636 873 relicta
1647 847 1726 880 sunt,
1741 844 1822 880 prin-

1001 890 1112 925 cipium
1127 890 1245 925 quidem
1258 890 1368 918 faciens
1379 890 1592 925 boni,illudque
1602 889 1683 918 omni
1700 897 1823 917 numero

1001 937 1239 963 consummatum
1255 935 1451 963 simulationis
1460 935 1603 963 rationem
1619 934 1751 970 prwbene
1761 955 1767 961 .

1035 1113 1080 1142 53.
1093 1113 1230 1148 Ejusdem
1246 1111 1471 1142 restaurationis
1499 1113 1561 1140 erat
1580 1110 1698 1139 urbium
1724 1111 1753 1138 et
1775 1118 1825 1138 ar-

998 1158 1077 1185 cium
1093 1157 1218 1186 aliarum
1235 1157 1353 1193 quidem
1371 1158 1509 1185 renovata
1520 1156 1557 1184 ab
1572 1155 1694 1191 antiquo
1710 1153 1822 1183 excidio

998 1202 1161 1236 aedificatio,
1172 1202 1296 1230 aliarum
1312 1206 1407 1230 antem
1423 1201 1614 1234 constructio,
1629 1203 1658 1228 et
1673 1201 1706 1227 ut
1719 1206 1824 1235 oppor-

999 1247 1100 1275 tunius
1124 1247 1308 1282 dicam,nova
1323 1246 1485 1274 creatio.De
1499 1245 1613 1274 Tiberio
1625 1244 1744 1280 quidem
1760 1251 1824 1279 pro-

999 1294 1133 1322 videntis:
1144 1294 1254 1322 bonum
1270 1293 1418 1321 testiﬁcati
1430 1295 1500 1321 sunt
1514 1292 1591 1328 quod
1608 1291 1718 1319 multas
1734 1290 1823 1318 urbes

1000 1339 1157 1366 subversas
1175 1337 1401 1366 liberalitatibus
1417 1336 1601 1365 restauravit.
1618 1335 1669 1363 Ille
1684 1343 1750 1362 vero
1769 1334 1824 1362 hoc

1000 1384 1110 1420 peregit
1137 1384 1168 1412 in
1199 1386 1343 1420 quantum
1370 1392 1426 1411 non
1443 1383 1527 1411 nobis
1544 1382 1571 1409 in
1590 1381 1726 1418 praesenti
1742 1380 1823 1407 dictu

1000 1428 1094 1462 facile,
1112 1428 1168 1456 nisi
1184 1428 1335 1456 deﬁnitam
1365 1428 1467 1456 horam
1498 1429 1628 1455 locorum
1654 1424 1824 1454 nominibus

1000 1480 1231 1506 consumumus;
1248 1474 1320 1507 quot
1343 1480 1409 1500 vero
1425 1474 1454 1500 et
1482 1472 1577 1499 denuo
1597 1471 1626 1498 in
1651 1468 1824 1506 opportunis

999 1516 1072 1544 locis
1083 1516 1244 1550 constituit,
1261 1524 1403 1543 numerus
1419 1515 1495 1543 alius
1510 1514 1576 1554 illae,
1594 1522 1646 1542 nec
1675 1513 1726 1549 qui
1756 1511 1824 1540 reli-

1000 1560 1193 1594 quisinferior
1205 1563 1293 1596 queat
1308 1559 1548 1595 comparari.Non
1563 1558 1641 1586 enim
1656 1558 1685 1585 in
1700 1559 1821 1584 centum

1000 1605 1102 1640 semel,
1119 1613 1172 1632 nec
1198 1605 1228 1632 in
1257 1604 1405 1640 duplicem
1416 1604 1494 1631 hunc
1522 1610 1691 1636 numerum,
1720 1601 1771 1629 sed
1795 1602 1824 1628 et

115 1654 234 1683 διπλοῦν
265 1657 357 1687 τοῦτο,
386 1641 466 1682 ἀλλὰ.
489 1654 534 1682 καὶ
573 1653 730 1691 ὑπερέκεινα
753 1641 944 1692 κορυφούμενα

1001 1658 1090 1685 supra
1105 1649 1165 1677 haec
1181 1651 1333 1677 exstructa:
1347 1648 1541 1684 sunt,quibus
1556 1647 1693 1675 muniens
1707 1645 1822 1673 hostem

113 1697 398 1735 ὗπερανίστανται,δι¹
428 1697 464 1725 ὧν
494 1698 675 1736 ἀποτειχίζων
701 1698 765 1729 τοὺς
788 1697 942 1734 πολεμίους

113 1744 187 1782 εἶργε
209 1745 261 1776 τῆς
287 1742 434 1780 ἐκδρομῆς,
457 1742 576 1780 ἐχόμενα
589 1740 686 1780 τρίϐου
711 1741 847 1770 σκάνδαλα
869 1743 941 1774 τιθὲ-

114 1798 195 1825 μενος
211 1787 317 1822 αὐτοῖς,
333 1787 377 1815 καὶ
402 1786 565 1824 προοδεῦσαι
584 1787 630 1823 μὶν
660 1785 787 1821 κωλύων,
812 1787 941 1825 βιασαμὲ-

112 1843 170 1863 νοις
196 1831 226 1860 δὶ
252 1833 302 1867 τὴν
331 1831 392 1860 ὁδὸν
422 1829 510 1871 φόϐον
536 1831 650 1859 θανάτου
676 1831 800 1859 ἐπισείων
831 1831 861 1859 ἑκ
887 1833 941 1859 τῶν

113 1875 219 1911 ὄπισθε,
249 1877 296 1904 καὶ
333 1877 421 1913 μὶνειν
451 1876 538 1908 οὕτως
561 1875 631 1904 οἿκοι
662 1877 833 1914 βιαζόμενος,
849 1878 895 1904 καί

110 1922 159 1949 τὸν
186 1921 273 1958 Θυμὸν
302 1921 419 1957 πέττειν,
445 1920 464 1955 ἢ
492 1922 560 1948 κατὰ
588 1924 656 1960 σφᾶς
693 1920 790 1952 αὐτοὺς
819 1926 944 1958 θυμομα-

112 1968 231 2004 χοῦντας
248 1965 407 2004 ῥήγνυσθαι.

149 2062 199 2094 VS’.
216 2063 279 2102 Οὗχ
297 2065 379 2099 ἧττον
407 2062 436 2092 δὲ
462 2074 489 2091 τι
517 2063 562 2092 καὶ
592 2063 676 2092 ὕκεῖνο
699 2063 799 2097 κεινὸν,
815 2062 856 2091 ὅτι
885 2065 942 2094 τοῖς

112 2108 226 2137 πλείοσι
251 2110 306 2136 τῶν
332 2107 463 2136 τοιούτων
493 2105 579 2147 ἔργων
607 2108 700 2136 ἑαυτὸν
740 2108 941 2146 ἀρχιτεκτονεῖν

113 2153 222 2193 ἐφίει-τα,
252 2152 298 2181 καὶ
325 2152 484 2192 διευκρινιῖν
511 2152 555 2189 τὰ,
586 2151 619 2182 δι’
639 2151 675 2180 ὦν
705 2151 833 2192 ἀσφαλῶς
863 2151 942 2188 ἐστή-

114 2199 218 2235 ξονται,
234 2197 268 2226 τὰ
295 2196 390 2226 πολλὰ
418 2197 448 2225 δὲ
471 2198 515 2226 καὶ
541 2196 674 2226 διακονεῖν
702 2197 747 2225 καὶ
771 2199 942 2235 χειρουργεῖν

114 2245 172 2274 τοῖς
212 2241 372 2278 πολίζουσι,
400 2242 445 2270 καὶ
483 2244 651 2280 παραφορεῖν
691 2241 753 2270 ὅσον
791 2242 941 2280 χρήσιμον.

115 2287 168 2316 Καὶ
202 2287 269 2325 χθὲς
299 2287 348 2324 μὶν
385 2287 433 2318 τὰς
461 2286 603 2325 βασιλικὰς
630 2284 736 2324 ἔτριϐον
766 2289 871 2325 χεῖρας,
898 2286 942 2314 καὶ

112 2331 254 2370 ,εἰσαύριον
281 2329 310 2359 δὶ
332 2331 486 2370 τρίψουσιν,
502 2330 520 2366 ἢ
544 2331 632 2367 σπάθη
652 2331 823 2370 βαρυνομένη
848 2330 948 2368 πολλῷ

114 2378 154 2414 τῷ
181 2377 303 2415 σιδήρῳ,
318 2377 364 2405 καὶ
394 2378 455 2406 ὅσον
477 2375 543 2415 δίχα
571 2387 604 2415 γε
630 2379 679 2405 τοῦ
704 2378 810 2414 τέμνειν
841 2378 892 2406 οὐκ
916 2377 945 2405 ἃν

119 2421 178 2450 οὐδ’
208 2421 305 2453 ἄλλως
333 2421 409 2461 φέροι
445 2421 639 2460 κατενεχθέντα
676 2421 811 2459 πολέμιος
836 2421 946 2459 ὅμιλος,

117 2466 191 2495 ἀλλὰ
219 2467 322 2505 συχνὸς
348 2469 396 2494 τοῦ
428 2466 488 2505 βίου
523 2466 739 2504 ὶκθεριζόμενος,
767 2465 947 2505 ὃραγμεύοιτο

115 2511 145 2540 ἂν
173 2511 214 2543 εἷς
241 2509 362 2544 στοι6άς·
380 2511 398 2546 ἢ
429 2511 530 2550 κορύνη
561 2510 686 2550 σιδηρᾶα,
717 2511 836 2550 χάλκεον
863 2511 946 2540 ὕπνον

116 2559 170 2585 τῶν
197 2555 398 2593 πληττομένων
429 2556 626 2594 καταφέρουσα,
643 2556 662 2592 ἢ
692 2556 771 2594 βριθὺ
801 2554 877 2594 δόρυ,
901 2556 946 2584 καὶ

118 2600 184 2639 ὅπερ
201 2598 307 2628 εἴκασεν
320 2600 350 2629 ἂν
373 2601 505 2637 ποιητικὴ
528 2599 721 2640 μεγαλοφωνία
748 2601 786 2633 ὡς
813 2601 851 2633 είς
880 2601 946 2637 νηὸς

116 2646 190 2674 ἱστὸν
217 2645 397 2683 ἐεικοσόροιο.
412 2648 540 2674 Τοιοῦτον
569 2646 621 2684 γὰρ
637 2647 655 2682 ἡ
673 2644 805 2685 βασιλικὴ
829 2645 946 2683 παλάμῃ

117 2690 211 2728 ἀνεῖχε.
238 2700 269 2718 τε
295 2690 339 2718 καὶ
368 2690 479 2729 ἐχώρει.
495 2691 545 2719 Καὶ
573 2693 657 2719 ταῦτα
685 2691 732 2728 μὶν
752 2690 818 2729 χθίς
843 2702 873 2719 τε
901 2690 947 2719 καὶ

118 2734 255 2774 εἰσαύριον
292 2733 358 2773 ἔργα
395 2738 547 2772 τηνικαῦτα
573 2738 613 2773 τῷ
643 2736 766 2774 βασιλεῖ’
792 2736 890 2773 μεταξῦ
920 2735 948 2764 δι

117 2778 233 2818 χάλικες
261 2779 288 2807 tv
307 2781 400 2818 χερσὶν
429 2779 507 2820 ἁδροὶ
525 2781 571 2809 καὶ
586 2780 745 2819 ἀδραχθεῖς,
762 2780 835 2809 λίθοι
863 2791 948 2819 προσ-

117 2824 263 2862 κόμματος
300 2824 345 2852 xui
381 2825 458 2854 αὐτοὶ
486 2828 544 2858 τοῖς
571 2825 681 2864 ἐχθροῖς
709 2828 758 2854 τοῦ
793 2828 870 2855 Θεοῦ.
897 2825 948 2854 Καὶ

117 2869 208 2906 δήπου
234 2868 429 2906 ἂγαπητὸν,εἱ
451 2869 537 2911 μέχρι
560 2869 663 2900 τούτων
685 2870 699 2898 ὁ
713 2871 847 2908 κάματος.
863 2871 894 2901 Ὁ
919 2870 948 2901 ἃ

996 1702 1143 1730 quemque
1159 1693 1266 1730 repulit
1282 1693 1467 1721 excursiones
1483 1692 1664 1727 molientem,
1681 1689 1821 1719 continua.

997 1739 1110 1767 viarum
1127 1739 1346 1774 propugnacula
1367 1741 1500 1766 statuens
1516 1737 1658 1765 adversus
1674 1736 1819 1767 bostes,et

996 1783 1052 1811 iter
1067 1783 1186 1819 quidem
1201 1791 1319 1819 pergere
1334 1781 1583 1818 prohibens,viam
1594 1789 1660 1808 vero
1676 1779 1818 1808 violenter

997 1828 1164 1856 tenentibus
1190 1827 1292 1856 mortis
1318 1829 1430 1855 metum
1459 1827 1607 1855 incutiens
1631 1834 1683 1862 per
1705 1833 1740 1853 ea
1755 1832 1818 1861 quae

997 1876 1073 1901 retro
1084 1873 1212 1906 stabant,
1238 1872 1280 1901 sic
1306 1872 1385 1900 domi
1409 1879 1561 1900 remanere
1588 1879 1694 1907 cogens
1705 1873 1735 1898 et
1759 1869 1819 1897 sive

997 1918 1176 1946 ferocitatem
1189 1917 1332 1952 minuere,
1349 1917 1410 1945 sive
1421 1920 1523 1945 contra
1552 1916 1675 1945 invicem
1701 1914 1820 1943 saevien-

997 1964 1040 1991 tes
1056 1962 1163 1998 frangi.

1031 2061 1076 2088 54.
1092 2062 1155 2088 Non
1171 2060 1270 2088 minus
1285 2060 1358 2088 illud
1370 2060 1478 2088 mirum
1494 2060 1569 2095 quod
1583 2059 1687 2087 talium
1703 2065 1824 2094 operum

996 2106 1151 2142 plerasque
1165 2105 1296 2142 seipsum
1308 2105 1500 2134 architectum
1510 2104 1658 2133 statuebat
1671 2105 1698 2131 et
1713 2103 1822 2131 discre-

996 2150 1037 2179 vit
1066 2158 1130 2187 qute
1159 2150 1267 2178 tutiora
1295 2149 1428 2183 stabunt,
1455 2148 1548 2177 multa
1573 2156 1640 2177 vero
1668 2147 1824 2175 ministra-

997 2195 1037 2224 vit
1052 2195 1189 2224 manibus
1206 2197 1342 2231 praestare
1352 2192 1716 2227 eadiﬁcantium,etvehere
1731 2200 1823 2227 quen-

997 2243 1059 2268 tum
1076 2239 1147 2268 utile
1162 2243 1234 2268 erat.
1250 2240 1317 2268 Heri
1332 2239 1452 2276 quidem
1466 2239 1559 2274 regias
1576 2237 1735 2274 fatigabant
1759 2244 1823 2263 meo

998 2293 1064 2320 nus,
1081 2293 1146 2313 crus
1157 2293 1224 2313 voro
1246 2284 1467 2321 fatigabunteut
1481 2284 1714 2311 instrumentum
1731 2280 1824 2308 multo

963 2325 987 2359 D
1003 2332 1077 2360 ferro
1087 2333 1253 2366 oneratum,
1278 2333 1307 2359 et
1320 2332 1465 2367 quantum
1482 2331 1585 2366 prater
1599 2328 1717 2357 secandi
1742 2329 1825 2356 natu-

1002 2386 1065 2406 ram
1076 2386 1134 2405 non
1150 2377 1221 2405 alias
1236 2379 1364 2413 gestaret
1372 2384 1460 2404 ruens
1467 2375 1584 2403 hostilis
1595 2373 1716 2403 turbain
1732 2373 1826 2401 fasces

1002 2425 1052 2451 aut
1067 2423 1148 2450 clava
1163 2423 1254 2450 ferrea
1265 2429 1371 2450 meum
1384 2428 1521 2449 somnum
1534 2426 1742 2456 percussorum
1758 2426 1828 2454 pra:-

1002 2467 1120 2503 cipitem
1136 2475 1235 2503 agens,
1251 2469 1302 2494 aut
1317 2466 1482 2502 ponderosa
1496 2464 1591 2498 hasta,
1615 2471 1704 2500 quam
1717 2470 1822 2499 reprae-

1002 2512 1128 2541 sentavit
1153 2512 1265 2548 poetica
1285 2510 1536 2547 magniloquentia
1565 2508 1651 2546 quasi
1678 2508 1761 2536 navis
1784 2507 1829 2535 vi-

1002 2557 1075 2592 ginti
1090 2557 1181 2584 remis
1197 2555 1317 2584 malum.
1335 2557 1394 2583 Hoc
1409 2555 1487 2591 regia
1499 2563 1607 2582 manus
1623 2553 1791 2582 sustinebat
1800 2553 1828 2580 el:

1002 2601 1212 2638 porlebat;hsec
1227 2601 1344 2637 quidem
1358 2599 1420 2627 heri
1437 2602 1465 2627 et
1480 2608 1543 2627 cras
1553 2600 1630 2636 regis
1642 2601 1712 2627 tunc
1728 2604 1828 2633 opera,

1002 2648 1114 2676 interea
1126 2656 1194 2676 vero
1204 2647 1317 2683 lapides
1333 2647 1361 2674 in
1377 2646 1515 2674 manibus
1527 2645 1612 2674 multi
1625 2647 1654 2673 et
1664 2643 1766 2680 quales
1781 2650 1828 2670 ve-

1001 2692 1070 2720 here
1082 2694 1177 2728 potest
1185 2691 1400 2727 homo,lapides
1411 2691 1543 2720 scandali
1554 2699 1605 2727 pro
1613 2690 1664 2718 Dei
1679 2687 1808 2717 inimicis
1821 2694 1828 2720 ;

1001 2736 1158 2773 optimum,
1173 2736 1198 2764 si
1214 2737 1366 2771 hucusque
1389 2735 1473 2763 labor
1486 2735 1585 2763 cessit.
1603 2734 1646 2761 Ad
1660 2732 1747 2769 plura
1760 2738 1828 2759 vero

1003 2782 1182 2818 providebat,
1197 2781 1326 2810 interdiu
1341 2781 1460 2817 quidem
1473 2780 1534 2808 haec
1544 2781 1638 2811 erant;
1649 2779 1765 2806 noctem
1780 2784 1828 2804 ve-

1003 2835 1035 2855 ro
1050 2826 1173 2855 bellicis.
1186 2827 1220 2855 Et
1234 2826 1392 2863 imperator
1407 2825 1557 2853 laboribus
1573 2823 1662 2851 dabat
1677 2824 1705 2850 et
1720 2821 1828 2859 quietie

1003 2871 1105 2900 horam
1122 2871 1157 2900 ad
1173 2871 1286 2900 incensi
1301 2870 1392 2899 animi
1414 2869 1502 2898 talem
1530 2868 1663 2897 ardorem
1688 2868 1829 2904 opportu-
