2021 3154
142 199 215 230 101⁵1

566 199 769 232 MANUELIS
791 200 967 232 CUMNENI
990 202 1188 233 LAUDATIO
1210 202 1416 234 FUNEBRIS.

1762 202 1840 234 1018

173 265 224 300 νη¹.
240 263 332 302 Ὕδωρ
361 265 408 302 μὶν
435 266 509 302 αὐτῷ
532 265 613 306 φίλον
638 277 733 302 ποτον,
758 265 962 303 δελεαζόμενον,

1055 268 1099 296 58.
1116 269 1199 304 Aqua
1212 269 1269 305 ipsi
1281 272 1382 305 gratus
1398 271 1493 305 potus,
1505 269 1647 297 seducens
1662 269 1731 305 quia
1742 268 1772 296 in
1787 269 1838 297 de-

138 311 179 337 δτι
194 312 296 348 τρυφᾷν
311 309 365 338 δέει
389 310 457 349 πρός
481 321 539 338 τινα
564 311 711 349 σκευωρίαν
736 310 840 346 ἡδονῆς
856 311 964 350 σώφρο-

138 365 180 388 να,
198 355 236 386 εἰς
249 355 279 389 ἢν
306 355 351 383 καὶ
376 356 391 383 ὁ
413 355 514 393 γλυκὺς
540 353 684 393 συμϐολήν
706 367 767 384 τινα
781 356 964 394 παραμίγνυσι

137 399 274 436 κάλαμοςο
305 397 344 427 ἔτι
369 410 402 437 γε
429 401 483 436 μὴν
510 400 555 428 καὶ
576 401 590 428 ὁ
615 401 722 440 στὺφων
747 401 844 438 χυλός·
870 398 964 429 ἔστιδ’

140 443 209 471 ὅπου
235 443 281 471 καὶ
310 445 402 481 ἤρεμα
427 444 487 480 ὀξὺς
516 446 530 473 ὁ
558 445 689 483 κρίθινος.
716 446 748 474 Εἰ
778 445 807 474 δὲ
826 446 870 473 καὶ
897 445 965 482 οῗ¹νῳ

140 487 306 526 προσδεήσει
325 489 477 527 χρήσασθαι
495 511 503 524 ,
524 490 588 518 ἀλλ’
613 490 713 521 ἱκεῖνος
742 490 890 528 ἆγλευκής’
919 491 965 518 καὶ

139 531 232 567 ὀξίνης
255 532 390 570 ἐκίρνατο,
419 534 463 561 κσὶ
487 537 545 565 τοῖς
573 534 695 562 πλείοσιν
727 535 884 572 ἀπρόσιτος.
916 535 965 562 Καὶ

139 577 174 611 ἦν
194 579 277 605 τοῦτο
305 578 449 616 βασιλικοῦ
474 583 610 617 κρατῆρος
634 579 780 616 ἐπίσημον,
811 580 865 618 οὐχ
894 580 965 608 οὕτω

138 621 287 660 χαίροντος
300 624 347 650 τοῦ
363 622 499 660 βασιλέως
513 626 552 660 τῷ
566 623 670 660 πόματι
687 624 730 661 (οὐ
746 625 797 662 γὰρ
819 623 871 659 ἡδὺ
885 625 916 652 τὸ
931 625 965 661 τῇ

135 666 226 703 γεῦσει
255 667 292 703 μὴ
319 668 475 705 προσηνὲς),
502 669 563 696 {nov
589 670 666 706 οἶμαι
692 670 965 708 καταμηχανωμὲνου

137 714 188 744 τῆς
217 709 284 748 ἄγαν
309 711 431 748 ὀρέξεως,
462 713 509 740 Καὶ
540 712 599 740 οῖδα
628 714 696 747 πρὸς
720 711 858 751 ἀκρίϐειαν
882 714 966 748 ἀσκη-

137 756 184 785 τὶς
199 754 298 792 ἄνδρας
313 759 437 784 τοιοῦτον
454 758 559 788 ἑαυτοῖς
576 758 769 795 ο’νοχοοῦντας
785 759 917 796 κέρασμα,
930 759 966 790 ὡς

138 799 167 827 ἃν
183 802 404 838 κατευμιγεθῶσι
419 802 463 829 καὶ
478 802 554 830 αὐτοὶ
570 805 618 830 τοῦ
634 802 708 830 ἔνδον
729 803 840 841 ἐχθροῦ.

173 854 221 882 νϐ’.
240 853 338 881 Στάσιν
362 853 390 882 δὶ
420 854 523 891 ὀρθίαν,
548 856 562 883 ὂ
587 855 620 891 δὴ
646 857 690 884 καὶ
705 856 811 894 ἐρᾆέθη,
829 857 892 884 ὡσεὶ
921 856 965 884 καὶ

140 897 205 925 κίων
236 898 457 936 ἑκπονησάμενος
483 898 619 938 ἀστραϐὴς
645 901 690 928 καὶ
720 901 878 936 ἀναστηλῶν
909 901 967 929 ἐαυ-

139 943 184 970 τὸν
201 943 248 970 καὶ
271 943 343 970 οὕτω
371 944 439 982 πρὸς
467 943 601 979 εὔκλειαν,
632 946 672 976 οἷς
704 946 810 984 ἀνεῖχεν
841 945 908 983 trp»:
936 947 969 974 τὰ

139 988 270 1024 ἡμέτερα,
296 988 396 1025 γόνατα
419 989 551 1025 κάμπτειν
584 989 658 1021 αὖθις
683 991 741 1027 Θεῷ
767 991 852 1028 εὐχῆς
880 991 967 1028 λόγῳ,

144 1031 187 1059 καὶ
218 1031 291 1059 οὕτω
320 1032 480 1070 πρεπόντως
508 1034 684 1072 ἀφοσιοῦσθαι
720 1035 750 1062 τὸ
779 1034 967 1072 γουνάζεσθαι,

146 1076 292 1114 ἆρχετύπῳ
308 1076 483 1114 παράμιλλος
498 1079 532 1112 ἦν
547 1081 586 1114 τῷ
603 1079 716 1116 μεγάλῳ
740 1079 832 1116 ἐκείνῳ
858 1078 967 1116 δικαίῳ,

146 1121 226 1157 οὗπερ
257 1121 283 1148 οἱ
311 1124 366 1148 τῶν
395 1122 512 1160 γονάτων
542 1122 622 1150 τύλοι
649 1123 681 1150 τὸ
710 1124 797 1161 συχνὰ
824 1125 968 1161 γονυπετὶς

143 1165 285 1202 ἠγόρευον.
315 1166 363 1193 Καὶ
391 1166 462 1194 οὕτω
489 1167 520 1195 τὸ
546 1167 572 1194 ἐν
604 1168 794 1206 ἀριστιύμασιν
826 1169 968 1205 ἀνάστημα

142 1210 381 1247 πεπραγμάτευτο.
398 1210 468 1239 Οὐδὲ
486 1212 538 1249 γὰρ
562 1212 646 1250 ἐχρῆν
672 1212 718 1240 τὸν
741 1213 779 1245 εἰς
800 1213 863 1240 Θεὸν
886 1223 968 1240 κατι-

143 1253 253 1281 νιύοντα
280 1255 318 1291 μὴ
343 1256 575 1292 κατεξανίστασθαι
597 1259 650 1284 τῶν
676 1257 790 1295 ἐχθρῶν,
821 1256 891 1294 μηδὶ
915 1260 968 1284 τῶν

142 1297 166 1334 ἰξ
193 1298 280 1335 ὕψους
306 1299 378 1327 οὕτω
405 1303 509 1338 μακροῦ
533 1301 625 1329 ἑαυτὸν
650 1304 826 1329 ταπεινοῦντα
852 1303 889 1339 μὴ
906 1302 968 1330 θεό-

142 1349 184 1374 θεν
212 1343 355 1380 ὑψοῦσθαι,
382 1344 427 1371 καὶ
450 1347 498 1372 τοῦ
526 1345 609 1383 μέχρι
633 1347 679 1373 καὶ
704 1346 742 1376 εἰς
769 1350 821 1384 γῆν
841 1357 969 1374 ταπεινο-

141 1390 222 1415 ποιοῦ
235 1386 445 1425 ἀντιλαμϐάνειν
460 1389 561 1427 ὕψωμα
576 1389 697 1422 εὐκλείας
710 1391 846 1428 οὐράνιον.

177 1524 206 1559 ξ’.
223 1523 264 1552 Τὸ
290 1521 319 1551 δὶ
347 1521 502 1561 βαδιστικὸν
523 1523 639 1552 ἐντεῦθεν
666 1523 873 1562 διαδεχόμενον,
897 1523 969 1552 ἀλλᾶ

141 1568 185 1595 καὶ
211 1567 276 1595 αὐτὸ
304 1569 463 1606 καρτὲρημα
491 1569 535 1603 ἦν.
552 1569 588 1597 Οὐ
616 1570 665 1608 γὰρ
695 1569 810 1597 ἀνέπαυε
835 1569 967 1606 λιπαροὺς

1022 312 1100 340 liciis
1115 313 1212 342 vivere
1229 316 1343 350 oportet
1355 314 1390 341 ad
1407 316 1563 349 quamdam
1581 314 1738 350 voluptatis
1765 314 1837 349 vigi-

1020 357 1142 386 lantiam
1159 359 1403 394 sepientem,cum
1415 367 1474 394 qua
1488 358 1582 386 dulcis
1597 359 1838 394 compositionem

1021 403 1178 437 quamdam
1195 404 1299 431 miscet
1312 403 1467 436 calamus;
1493 403 1589 430 adhuc
1617 405 1646 430 et
1672 403 1838 438 astringens

1020 450 1066 474 est
1080 455 1204 481 succus;
1221 447 1380 483 aliquando
1395 446 1496 475 leviter
1511 447 1626 474 acidum
1643 447 1795 474 hordeum.
1810 447 1840 474 Si

1021 498 1087 519 vero
1103 491 1169 519 vino
1181 492 1223 519 uti
1240 492 1354 528 egebat,
1376 492 1449 519 illud
1480 492 1618 519 acerbum
1643 491 1772 526 sumpsit
1789 503 1796 524 ς
1813 494 1842 519 et

1021 543 1158 563 acescens
1173 537 1295 563 mistum
1309 536 1403 563 fuerat
1417 536 1594 572 etplerisque
1619 535 1728 563 idcirco
1753 543 1841 571 repu-

1021 588 1125 616 gnans.
1143 580 1221 616 Regii
1234 583 1331 608 autem
1348 580 1420 607 illud
1437 579 1532 615 poculi
1548 580 1662 616 insigne
1680 581 1754 612 erat,
1783 587 1841 607 non

1020 628 1078 653 tam
1088 625 1242 659 gaudentis
1250 626 1327 661 regis
1339 626 1478 661 potu(uon
1490 625 1567 652 enim
1576 627 1619 652 est
1633 627 1751 660 gratum
1762 625 1840 660 quod

1021 669 1118 704 palato
1135 669 1340 704 injucundum)
1369 677 1468 705 quam,
1499 670 1612 704 opinor,
1642 670 1842 703 temperante;-

1022 713 1206 749 disponenlis
1223 714 1347 741 nimium
1365 713 1539 749 appetitum.
1556 712 1625 740 Novi
1642 713 1677 740 ad
1701 713 1840 740 severita-

1021 759 1079 785 tem
1093 766 1124 786 se
1140 761 1307 785 exercentes
1315 758 1391 785 viros
1402 758 1490 785 talem
1501 757 1558 784 sibi
1572 756 1726 784 infundere
1737 756 1841 784 mistu-

1021 810 1097 836 ram,
1118 810 1178 838 qua
1192 802 1221 830 in
1237 802 1404 830 inferiorem
1422 802 1534 830 hostem
1554 801 1697 829 dominari
1718 801 1842 837 possint.

1056 856 1101 883 59.
1118 857 1217 884 Stundi
1229 865 1297 884 vero
1314 857 1434 884 modum
1451 858 1607 892 arrectum,
1623 856 1701 892 quod
1729 856 1842 883 dictum

1022 902 1076 935 est,
1094 901 1170 928 sicut
1185 900 1322 928 columna
1335 901 1464 928 retinens
1480 900 1599 935 directa,
1630 900 1672 927 sic
1701 900 1737 927 ad
1762 899 1844 927 nobi-

1023 944 1078 972 lem
1096 945 1230 972 habitum
1249 953 1279 973 se
1294 953 1472 980 componens
1488 945 1516 972 in
1533 947 1675 980 quantum
1691 944 1720 972 in
1751 943 1844 971 altum

1024 992 1124 1017 nostra
1140 989 1293 1025 sustinuit,
1309 990 1414 1018 deinde
1429 997 1525 1024 genua
1540 989 1597 1017 Deo
1609 989 1723 1016 ﬂectere
1745 996 1845 1024 precs-

1022 1034 1134 1062 tionum
1148 1034 1251 1070 gratia,
1269 1036 1297 1062 et
1312 1034 1354 1062 sic
1366 1034 1502 1062 decenter
1527 1033 1693 1062 consecrari
1723 1033 1843 1060 modum

1023 1078 1194 1115 suppliciter
1207 1087 1300 1114 genua
1313 1079 1456 1106 flectendo
1472 1078 1587 1111 orandi,
1603 1078 1760 1114 archetypo
1775 1086 1845 1113 prae-

1023 1123 1131 1151 cellens
1146 1126 1208 1151 erat
1223 1131 1328 1159 magno
1345 1123 1394 1150 illo
1407 1123 1500 1158 justo.
1516 1123 1602 1158 cujus
1624 1130 1752 1159 genuum
1777 1121 1845 1149 calli

1023 1168 1256 1196 testiﬁcabantur
1266 1168 1344 1203 quod
1363 1168 1529 1203 frequenter
1543 1175 1639 1204 genua
1651 1167 1843 1195 ﬂectebat.Sic

1022 1212 1051 1240 in
1068 1213 1178 1248 optime
1193 1213 1283 1248 gestis
1295 1212 1488 1240 elevationem
1505 1220 1620 1240 servare
1636 1211 1845 1248 placebat.Non

1023 1257 1101 1284 enim
1115 1257 1266 1293 oportebat
1281 1265 1349 1284 eum
1360 1257 1407 1292 qui
1427 1265 1457 1284 se
1473 1259 1541 1284 ante
1551 1256 1642 1284 Deum
1669 1255 1845 1283 humiliabat

1024 1310 1080 1329 non
1094 1302 1245 1338 insurgere
1259 1301 1288 1328 in
1305 1301 1416 1334 hostes,
1436 1309 1488 1328 nec
1513 1309 1580 1328 eum
1611 1300 1661 1336 qui
1689 1303 1757 1336 post
1781 1303 1846 1327 tan-

1024 1348 1084 1373 tam
1100 1345 1291 1373 elevationem
1309 1345 1553 1373 humiliatusnon
1569 1344 1604 1371 ad
1621 1344 1713 1372 Deum
1736 1343 1845 1371 exalta-

1023 1393 1082 1424 tur,
1099 1393 1127 1419 et
1142 1399 1194 1427 pro
1213 1391 1320 1418 virtute
1337 1399 1396 1427 qua
1415 1399 1446 1418 se
1456 1399 1550 1426 usque
1578 1391 1613 1417 ad
1639 1392 1745 1417 terram
1771 1389 1846 1424 abji-

1024 1435 1118 1464 ciebat
1134 1436 1400 1463 remunerationem
1417 1435 1547 1471 accipere
1563 1434 1768 1462 exultationem
1783 1433 1845 1470 glo-

1023 1481 1073 1508 riae
1088 1480 1246 1508 caelestem.

1058 1527 1102 1554 60.
1113 1527 1193 1560 Quod
1218 1535 1284 1554 vero
1309 1527 1382 1554 bene
1410 1526 1572 1560 incedebat,
1598 1526 1665 1553 inde
1693 1527 1843 1560 receptum

1023 1578 1081 1598 non
1093 1570 1192 1598 minus
1207 1569 1349 1606 sapientis
1361 1570 1413 1597 viri
1434 1570 1563 1597 ofﬁcium
1580 1572 1654 1597 erat.
1678 1569 1740 1596 Non
1764 1568 1843 1596 enim

141 1611 227 1643 πόδας
243 1611 436 1648 εἰλαπινάζων,
462 1612 524 1641 οὐδὲ
545 1613 632 1641 ἵππου
653 1615 802 1652 κουφότητι
818 1614 966 1651 αἰρομένου

1025 1615 1146 1643 cessavit
1161 1615 1283 1651 pingues
1299 1615 1387 1651 pedes
1403 1614 1490 1650 pedes
1506 1614 1539 1641 ad
1554 1613 1686 1649 apricum
1704 1613 1842 1649 proferre,

144 1657 211 1694 πρὸς
240 1656 327 1695 τάχος
356 1657 437 1685 εἰσαεὶ
465 1658 529 1689 τοὺς
560 1657 680 1696 δρόμους
704 1659 850 1687 ἐπίστευεν.
881 1657 968 1687 Ἀλλὰ

142 1700 241 1736 δεῆσαν
275 1701 339 1733 τοὺς
363 1701 543 1740 πεζοδρομεῖν
575 1702 802 1740 ἐπιστημονικοὺς
827 1703 968 1742 παρήλαυ-

141 1756 193 1781 νεν,
210 1745 260 1773 οὐκ
287 1746 406 1782 ἀπαξιῶν
429 1747 459 1774 τὸ
483 1747 563 1782 πεζὸν
588 1748 656 1776 κατὰ
678 1748 710 1775 τὸ
734 1748 821 1776 πάλαι
837 1748 966 1786 Περσικὸν

144 1790 318 1830 ὑψηλόφρον,
335 1792 375 1823 οἷς
400 1791 480 1830 ἤρεσε
501 1793 681 1829 νομοθετῆσαι
706 1792 770 1831 δίχα
785 1795 832 1821 τοῦ
853 1794 911 1821 κατ’
927 1794 968 1820 οἱ-

141 1836 202 1863 κίαν
229 1836 380 1873 περιπάτου
403 1837 505 1871 Λοιπήν
532 1838 644 1874 πορείαν
674 1838 713 1877 ἐφ’
739 1837 824 1866 ἵππου
837 1839 967 1870 τίθεσθαι.

143 1878 216 1907 ἀλλᾶ⁴
244 1883 306 1912 ταῖς
336 1881 383 1916 μὲν
412 1881 552 1919 ἀνάγκαις,
575 1882 621 1910 καὶ
646 1882 691 1910 ὅτε
715 1882 743 1910 δὶ
760 1881 902 1920 θρίαμϐοι,
918 1883 968 1917 τὴν

143 1923 276 1952 ἱππασίαν
296 1924 436 1963 ἰγκρίνων,
461 1928 510 1954 τοῦ
535 1925 564 1954 δὲ
580 1925 679 1955 λοιποῦ
693 1927 757 1955 ποσὶ
774 1927 916 1966 χρώμενος
932 1927 970 1959 εἰς

142 1969 174 1996 τὸ
189 1969 332 2007 καρτερόν.

178 2058 224 2093 Ea‘.
238 2056 319 2087 Οὕτω
342 2058 376 2086 τὰ
399 2058 463 2091 τοὺς
487 2059 611 2092 πολλοὺς
637 2060 785 2098 λυποῦντα,
808 2059 852 2088 καί
871 2063 910 2097 τῷ
926 2060 970 2088 ἕνα

141 2101 234 2139 γωνίῳ
262 2103 445 2141 πικράζοντα,
472 2104 616 2143 κατεκῖρνα
642 2105 830 2143 γλυκάσμασιν
858 2106 968 2144 ἀρετῆς,

144 2146 185 2186 ὑφ’
210 2147 246 2182 ἦς
275 2147 320 2175 καὶ
349 2148 381 2175 τὸ
409 2149 564 2186 ἀνεξίκακον
593 2150 744 2189 ίπορίζετο,
767 2150 969 2189 νωθρευόμενος

141 2192 200 2218 κατ’
215 2192 296 2228 ὀρθὸν
313 2191 396 2231 λόγον
410 2193 448 2225 εἰς
473 2193 585 2231 ἄμυναν,
602 2195 647 2223 καί
671 2196 765 2233 καιρὸν
781 2195 817 2228 εἷς
842 2196 969 2233 ἐπιστρο-

142 2236 194 2274 φὴν
210 2235 335 2269 ἐνδιδοὺς
362 2240 422 2270 τοῖς
447 2238 557 2270 ἑαυτοὺς
582 2239 780 2278 ἀποστρέψασιν
804 2240 841 2272 εἰς
867 2239 969 2278 φαυλό·

140 2291 220 2318 τῃτα,
249 2282 296 2309 τὸν
325 2285 442 2320 Σωτῆρα
470 2284 584 2323 Χριστὸν
614 2285 702 2321 ἑαυτῷ
729 2286 864 2314 κάνταῦθα
889 2290 969 2323 προϊ-
986 2302 1011 2334 D

142 2328 212 2353 στῶν
241 2326 281 2358 εἲς
310 2327 464 2365 ἀρχέτυπον
487 2330 642 2365 μιμήσεως,
666 2330 712 2357 τὸν
735 2330 780 2358 καὶ
796 2330 840 2358 ἐπὶ
864 2331 971 2358 πάντων

143 2367 217 2404 ὅντα,
246 2370 292 2398 καὶ
314 2370 420 2399 πάντων
450 2376 640 2411 προνοητικῶς
669 2374 846 2412 ἀνεχόμενον·
866 2374 897 2402 οὗ
926 2371 971 2402 καὶ

141 2415 172 2442 τὸ
187 2414 337 2454 αὐτουργὸν
359 2415 496 2454 ἐμιμεῖτο,
520 2417 565 2446 καὶ
588 2418 619 2446 τὸ
644 2417 670 2446 ἰν
695 2417 788 2457 ἔργοις
809 2417 972 2446 αὐτοδιακο-

142 2470 197 2496 νον,
213 2461 259 2488 καὶ
277 2460 397 2498 μάλιιειντο⁴
411 2465 468 2494 τοῖς
495 2463 645 2501 μεγίστοις.
662 2463 700 2492 Οὐ
726 2463 776 2502 γὰρ
792 2463 876 2498 ἤθελε
891 2464 971 2502 χερσὶ

145 2504 190 2541 μὶν
206 2506 312 2543 ἑτέραις
338 2505 506 2540 ἐκπονεῖσθαι
525 2508 557 2536 τὸ
579 2507 676 2543 καλὸν,
699 2508 778 2536 αὐτὸν
802 2507 831 2536 δὲ
853 2511 912 2540 τοῖς
928 2509 971 2536 ἀν-

145 2548 351 2588 δραγαθήμασιν
377 2551 584 2591 ἐπιγράφεσθαι,
614 2552 673 2582 οὐδ’
706 2553 789 2584 ἀκοὰς
817 2551 970 2591 παραϐάλ-

144 2593 201 2622 λειν
225 2598 286 2627 τοῖς
313 2596 468 2634 βασιλικοῖς
489 2598 645 2634 πρακτίοις,
671 2597 832 2636 ὀφθαλμοὺς
861 2596 884 2626 δ’
911 2597 971 2626 ἐπι-

144 2637 269 2677 ϐάλλειν,
285 2641 329 2668 καὶ
346 2642 425 2680 χερσὶ
440 2639 622 2671 καταϐάλιιειν
636 2642 667 2671 τὸ
683 2642 879 2681 ἀντικείμενον.

177 2738 227 2777 εβ’.
263 2739 378 2776 Ἀμέλει
415 2740 460 2768 καὶ
498 2740 634 2774 κινδῦνοις
671 2742 764 2770 ἑαυτὸν
793 2740 969 2780 παρενετίθει,

143 2779 205 2815 ἔνθα
217 2794 259 2820 τῳ
283 2787 390 2822 στρατῷ
407 2783 502 2818 ἄλλως
525 2786 558 2822 ἦν
584 2787 713 2827 ἀφυκτον-
730 2787 775 2816 καὶ
800 2779 892 2818 διδοὺς
907 2786 970 2814 ἐαυ-

142 2827 186 2856 τὸν
202 2827 255 2860 ἕως
271 2829 318 2856 καὶ
333 2829 372 2860 εἴς
386 2829 508 2866 θάνατον,
523 2831 726 2867 κατηλλάττετο
739 2835 799 2865 τοῖς
813 2831 924 2863 λοιποῖς
939 2831 970 2860 τὸ

143 2873 289 2908 σώζεσθαι.
317 2874 395 2907 Ὅθεν
421 2874 467 2902 καὶ
495 2873 684 2915 ὖφιλοτιμεῖτο
712 2879 771 2909 τοῖς
801 2874 847 2905 διὰ
871 2875 971 2907 παντὸς

1023 1669 1075 1688 nec
1090 1668 1164 1696 equo
1180 1659 1316 1687 velociter
1336 1658 1462 1686 currenti
1480 1658 1517 1686 ob
1532 1658 1709 1685 celeritatem
1727 1665 1845 1692 semper

1023 1704 1212 1732 decursiones
1227 1703 1476 1740 praescripsitﬁed
1495 1703 1543 1730 ubi
1562 1702 1715 1738 oportebat
1730 1710 1780 1729 eos
1795 1701 1845 1737 qui

1023 1749 1133 1777 assueti
1149 1752 1232 1776 erant
1245 1748 1369 1784 pedibus
1385 1755 1501 1775 currere
1517 1746 1769 1783 praegrediebatur,
1786 1754 1844 1773 non

1024 1794 1178 1830 indignum
1207 1793 1420 1829 interpedestre
1441 1795 1582 1828 reputans
1606 1792 1691 1826 juxta
1715 1793 1842 1819 veterem

1024 1839 1178 1867 Persarum
1195 1838 1429 1873 morem,quibus
1445 1836 1553 1873 placuit
1568 1835 1647 1864 domi
1662 1835 1781 1872 quidem
1792 1843 1844 1871 pe-

1024 1884 1111 1911 dibus
1128 1883 1169 1911 uti
1185 1883 1220 1911 ad
1233 1882 1491 1916 deambulandum,
1508 1881 1537 1908 in
1551 1880 1660 1908 caeteris
1673 1883 1773 1908 autem
1797 1879 1844 1907 iti-

1025 1928 1145 1956 neribus
1161 1936 1235 1963 equo
1251 1936 1366 1962 semper
1380 1926 1510 1959 vehi,sed
1526 1926 1555 1953 in
1574 1925 1801 1953 necessitatibus
1817 1925 1846 1952 et

1024 1973 1142 2008 quando
1171 1972 1341 2007 triumphus
1369 1970 1578 2007 equitationem
1603 1969 1789 2004 admittebat,
1811 1969 1847 1997 de

1024 2019 1126 2045 caetero
1143 2016 1266 2052 pedibus
1283 2018 1400 2044 strenue
1409 2015 1462 2043 uti.

1058 2062 1089 2088 61
1097 2083 1103 2089 .
1120 2061 1166 2089 Sic
1175 2069 1240 2096 qua!
1250 2059 1351 2088 multis
1359 2068 1526 2087 aerumnosa
1537 2061 1608 2087 sunt
1617 2059 1678 2086 etei
1691 2058 1740 2094 qui
1751 2061 1845 2085 certa-

1025 2106 1155 2134 minibus
1168 2113 1255 2133 assue
1271 2105 1365 2132 factus
1382 2106 1426 2132 est
1441 2111 1542 2131 amara
1565 2102 1747 2138 temperabat
1771 2101 1844 2128 mis~

1024 2159 1093 2179 cens
1117 2150 1233 2178 virtutis
1257 2149 1474 2183 dulcedinibus,
1504 2156 1562 2183 qua
1592 2148 1628 2175 ad
1658 2146 1843 2174 sanationem

1025 2195 1228 2232 perveniebat;
1245 2193 1540 2230 languescens,jnxta
1555 2194 1665 2219 rectam
1689 2190 1846 2224 rationem,

1025 2240 1062 2268 ad
1081 2239 1240 2267 vindictam
1272 2240 1301 2266 et
1329 2241 1445 2273 tempus
1465 2237 1499 2265 ad
1529 2236 1748 2264 conversionem
1772 2235 1846 2262 dans

1025 2285 1062 2312 iis
1090 2285 1140 2320 qui
1168 2287 1196 2315 in
1229 2283 1372 2312 vilitatem
1408 2282 1638 2314 declinaverunt,
1667 2280 1846 2308 Salvatorem

1026 2329 1174 2358 Christum
1191 2328 1248 2357 sibi
1259 2327 1306 2355 hic
1321 2335 1487 2364 proponens
1499 2325 1672 2353 imitationis
1684 2323 1844 2360 exemplar.

1026 2382 1092 2402 eum
1105 2375 1153 2410 qui
1168 2382 1257 2410 super
1271 2381 1374 2400 omnes
1389 2374 1434 2399 est
1447 2373 1474 2399 et
1485 2369 1667 2407 providentia
1678 2377 1732 2397 sua
1746 2376 1847 2396 omnes

1027 2419 1165 2453 continet,
1183 2419 1268 2454 cujus
1291 2417 1380 2445 vitam
1409 2416 1586 2443 laboriosam
1611 2414 1795 2450 exprimebat
1815 2415 1848 2441 ut

1026 2463 1155 2492 hominis
1170 2463 1220 2499 qui
1237 2463 1267 2491 in
1279 2461 1428 2498 operibus,
1442 2459 1605 2496 praesertim
1622 2458 1652 2486 in
1668 2458 1806 2486 maximis
1831 2465 1849 2485 α

1025 2507 1252 2544 nominejuvari
1267 2506 1392 2535 volebat.
1409 2504 1507 2532 Noluit
1517 2503 1595 2532 enim
1611 2503 1714 2531 alienis
1727 2503 1847 2539 quidem

1025 2553 1162 2582 manibus
1178 2552 1315 2589 pulchras
1326 2551 1455 2579 actiones
1466 2549 1612 2577 laboriose
1627 2548 1847 2585 operari,seque

1025 2601 1123 2627 autem
1140 2598 1249 2634 ubique
1268 2596 1363 2624 virum
1372 2595 1474 2623 fortem
1486 2594 1623 2630 praebere,
1645 2601 1697 2621 nec
1711 2593 1846 2621 auditum

1026 2643 1112 2680 regiis
1127 2642 1264 2679 operibus
1280 2642 1428 2677 praestare,
1457 2639 1558 2667 oculos
1578 2646 1643 2666 vero
1672 2638 1791 2673 injicere
1819 2638 1847 2663 et

1026 2688 1163 2716 manibus
1177 2686 1345 2723 oppositum
1366 2685 1519 2721 projicere.

1059 2741 1209 2777 62.1taque
1216 2738 1355 2776 periculis
1364 2746 1395 2766 se
1401 2737 1557 2774 objiciebat
1572 2737 1622 2765 ubi
1636 2734 1779 2764 exercitus
1792 2733 1847 2762 ali-

1024 2789 1069 2815 ter
1083 2785 1189 2814 salvari
1205 2793 1262 2813 non
1274 2786 1398 2820 poterat.
1415 2790 1506 2819 seque
1534 2790 1626 2817 usque
1656 2780 1692 2809 ad
1721 2780 1846 2807 mortem

1025 2829 1316 2867 exponens,reliquos
1331 2827 1437 2855 salvari
1445 2824 1757 2863 permittebatExinde
1771 2823 1847 2851 inter

1024 2875 1131 2904 dilecta
1140 2877 1170 2904 et
1180 2881 1270 2911 super
1293 2872 1394 2901 omnia
1421 2871 1548 2900 habebat
1571 2869 1703 2907 corporis
1725 2867 1848 2897 vulnera
