2026 3156
196 193 273 224 1019

582 186 794 218 EUSTATHll
815 183 1196 216 THESSALONICENSIS
1219 185 1514 219 METROPOLITE

1829 187 1913 218 l020

196 267 285 294 supra
314 255 488 285 diadematis
528 254 667 290 fulgores,
697 260 730 280 ac
768 250 865 286 sigilla
905 249 1017 277 ferebat

1075 252 1119 277 τοῦ
1148 251 1276 287 σώματος
1303 252 1455 290 τραύμασιν
1492 252 1564 291 ἤπερ
1601 255 1661 285 τοῖς
1689 253 1716 281 ἐν
1753 251 1910 289 διαδήματι

197 303 396 331 fortitudinem
426 299 622 335 designantia.
653 300 759 332 Regem
787 295 904 331 quidem
928 294 1018 330 igitur

194 346 388 383 contemplari
412 346 504 378 illum,
522 345 571 371 sed
596 343 666 370 illud
695 340 901 372 successionis,
930 346 1018 375 quam

195 394 273 422 Dens
289 393 345 429 ipsi
358 389 589 419 extraordinarie
605 386 767 419 constituit.
780 386 957 413 conﬁrmans
973 392 1019 412 re-

196 446 260 474 gem
278 428 345 465 eum
360 436 408 472 qui
436 435 513 462 inter
542 435 646 461 fratres
677 439 798 466 magnos
827 432 855 457 et
882 428 1020 465 pulchros

197 473 303 519 parvus
320 481 437 517 quidem
450 483 520 507 tunc
534 476 784 513 erat,perpulcber
798 473 1019 519 vero,deinceps

196 518 264 555 vero
285 526 440 554 maximus.
460 525 568 552 Ducem
584 530 650 549 vero
667 520 882 548 noninvenires
911 518 1020 553 ubique

198 579 331 608 quaerens
351 571 427 598 sicut
442 576 538 604 regem
554 567 649 595 illum.
666 568 739 593 Nam
765 572 814 592 rex
828 562 922 599 quivis
951 564 1019 597 (non

197 616 342 645 immerito
358 614 496 646 dicimus)
512 613 620 640 ducum
637 612 696 638 dux
711 612 765 638 est.
787 608 919 644 Equitem
949 614 1021 635 sane

196 661 339 698 optimum
353 659 472 691 vidisse,
483 660 512 685 et
528 657 655 693 peditem
673 658 701 682 et
716 656 816 682 contra
830 651 962 687 singulos
974 651 1021 698 di-

197 695 353 734 micantem
370 704 405 732 ad
433 703 544 730 fortiter
565 700 737 728 bellandum
759 698 909 731 idoneum,
939 698 967 723 et
991 695 1021 723 in

194 750 291 786 prima
304 749 398 776 fronte
415 746 593 783 praeliantem
611 747 640 772 et
655 742 814 771 terribilem
836 741 1020 770 obsessorem

195 784 223 823 et
237 795 413 822 insidiarum
427 791 553 827 peritum
566 789 730 817 molitorem
740 786 910 821 casterisque
925 784 1021 812 omni-

195 840 251 867 bus
267 837 383 874 praediis
399 835 562 864 fortissime
579 843 609 861 se
630 832 856 862 immiscentem,
871 830 932 857 haec
962 836 1020 856 non

195 884 225 911 in
242 882 438 911 successionis
453 884 556 907 catena
572 876 865 914 complicantur,licet
879 883 896 901 a
915 880 1020 909 genere

195 936 288 963 usque
304 927 338 954 ad
355 934 424 954 eum
448 923 667 960 protrahantur,
684 922 758 949 bene
780 928 846 948 vero
873 916 1016 954 frequenti

200 973 336 1001 oriuntur
356 979 390 999 ex
405 968 610 999 exercitatione
625 970 652 995 et
663 964 844 1003 permanenti
864 964 1023 991 consuetu-

196 1018 275 1051 dine,
289 1018 317 1044 et
328 1023 505 1051 organorum
518 1012 833 1049 compositione,quam
846 1011 952 1036 natura
963 1009 1017 1036 sub

197 1064 315 1090 auctore
327 1061 385 1089 Deo
401 1059 520 1096 peregit.

231 1116 276 1143 63.
292 1114 387 1142 Nimis
399 1122 463 1141 vero
480 1111 617 1148 repositis
632 1109 718 1138 bellis
735 1117 792 1137 non
805 1117 836 1137 se
850 1107 1019 1135 immiscen-

197 1161 267 1189 dum
285 1159 396 1196 putavit
420 1166 517 1186 rerum
545 1157 581 1184 ab
601 1155 718 1182 exordio
746 1157 775 1182 et
803 1157 933 1189 tempore
962 1160 1020 1188 quo

196 1208 258 1232 tum
277 1204 428 1236 suscitata,
441 1205 504 1230 tum
521 1200 658 1235 ambigua
669 1200 812 1226 aestimata
833 1200 926 1229 erant,
943 1197 1020 1224 unde

198 1252 296 1276 autem
314 1255 433 1275 necesse
447 1249 507 1274 erat
522 1246 551 1273 in
568 1244 665 1272 medio
681 1244 785 1271 adesse
799 1250 897 1278 regem
913 1244 941 1269 et
961 1242 1020 1269 for-

199 1291 335 1320 titudinis
351 1299 438 1327 opere
453 1291 598 1325 verboque
622 1287 836 1316 commilitones
864 1286 1021 1314 accendere

200 1339 229 1364 et
243 1336 370 1364 fervidos
390 1335 521 1363 reddere.
537 1336 598 1361 Non
615 1340 696 1360 sane.
713 1332 781 1359 licet
790 1331 928 1358 discrevit
951 1330 1020 1367 (dis-

202 1381 293 1408 crevit
303 1389 369 1408 vsro
385 1380 414 1407 in
437 1379 576 1407 omnibus
604 1377 695 1404 animi
724 1377 831 1411 ardor).
853 1375 967 1403 alienus
992 1377 1021 1402 et

201 1427 382 1460 contemptor
408 1423 578 1452 remanebat
601 1422 636 1450 ad
666 1423 760 1449 sortes
789 1422 978 1456 congregatas
993 1422 1021 1447 et

200 1470 235 1497 ad
247 1469 368 1505 reliqua.
385 1471 459 1496 Sane
474 1467 572 1495 exiens
588 1467 624 1494 ab
641 1466 758 1493 urbium
788 1465 898 1500 regina,
928 1466 957 1492 et
985 1464 1019 1491 il-

198 1515 257 1542 lam
283 1523 345 1550 quas
382 1521 472 1549 prope
514 1511 657 1540 bellantes
685 1512 747 1538 erat
784 1509 887 1537 castris
916 1509 1020 1545 positis

200 1559 390 1595 oppugnabat
404 1557 521 1593 partim,
538 1565 604 1584 vero
619 1564 670 1591 per
689 1555 819 1583 medium
848 1554 1020 1588 imminens,

198 1612 287 1640 prope
300 1602 584 1638 mittebatlegiones,
614 1604 642 1629 et
671 1601 712 1628 sic
738 1599 914 1635 operabatur
934 1599 1020 1634 prout

198 1634 287 1676 debet
301 1649 386 1682 Deus,
400 1647 448 1682 qui
467 1634 525 1674 uina
539 1634 677 1681 cumipso
690 1653 736 1672 res
753 1634 898 1680 propitius
922 1642 1016 1671 susci-
1035 1634 1057 1668 C

198 1693 307 1729 piebat.
319 1693 353 1720 Et
377 1693 402 1719 si
420 1700 475 1719 non
505 1698 614 1718 novum
642 1689 711 1725 quid
742 1691 771 1716 et
799 1696 940 1724 magnum
971 1695 1019 1714 ao-

196 1737 322 1771 cidebat,
336 1744 392 1764 non
407 1738 469 1763 erat
484 1735 586 1762 exinde
607 1734 701 1761 redire
730 1733 824 1769 regios
849 1732 1019 1760 emissarios

195 1782 267 1817 quin
283 1789 369 1808 omne
385 1780 448 1808 loco
458 1779 563 1807 idoneo
578 1778 812 1806 constituissent.
826 1777 899 1804 Nam
929 1775 1018 1804 simul

196 1833 262 1853 cum
273 1825 347 1861 ipsis
363 1823 485 1852 consilia
501 1823 661 1851 mandabat
675 1822 845 1857 imperator,
866 1829 917 1857 per
946 1829 1018 1856 quos

196 1869 280 1904 quasi
299 1869 499 1903 prasensipse
509 1870 618 1903 tropaea
636 1867 846 1895 struebat.Non
863 1865 941 1894 enim
958 1867 1020 1893 erat

198 1913 285 1948 cujus
295 1913 372 1939 bona
388 1911 537 1948 proposita
552 1919 609 1939 non
623 1910 827 1939 successerint.
844 1910 871 1937 Si
882 1918 949 1938 vero
972 1909 1019 1937 vel

195 1956 340 1984 exercitus
357 1955 444 1992 culpa
458 1955 534 1984 male
549 1955 723 1984 succedebat
737 1963 846 1991 pugna,
861 1956 913 1982 aut
935 1954 960 1982 si
972 1962 1019 1982 co-

195 2001 260 2038 pias
276 2000 424 2037 stipiendo
436 2000 586 2028 frustravit
596 2000 777 2028 conabantur
797 1999 898 2033 duces,
924 1998 1019 2027 exitus

193 2046 249 2074 iste
277 2048 305 2074 et
334 2045 423 2081 praelii
452 2046 516 2073 atea
541 2053 599 2073 non
624 2045 659 2072 ad
704 2043 817 2080 optima
840 2043 1019 2076 recidebant,

191 2090 315 2119 aliunde
330 2090 450 2126 quidem
462 2089 559 2126 culpa,
577 2091 654 2126 regis
679 2097 745 2117 vero
762 2097 868 2117 manus
897 2088 932 2116 ab
964 2088 1018 2117 hac

194 2135 296 2163 aliene;
307 2137 401 2163 erant.

228 2189 274 2216 64.
290 2188 339 2216 Sic
355 2189 474 2224 quidem
492 2187 610 2216 insolita
634 2188 755 2224 gerebat
779 2186 933 2215 exercitus.
961 2186 1019 2214 Nec

195 2241 262 2261 vero
279 2233 372 2261 cuivis
392 2233 420 2260 in
439 2236 574 2268 promptu
591 2234 670 2260 esset
697 2232 833 2267 pluribus
846 2231 918 2259 talia
945 2239 1017 2259 enu-

200 2276 486 2313 merasse.Pleraquc
495 2276 572 2304 enim
584 2276 646 2312 ipse
661 2276 764 2304 talium
780 2284 901 2312 operum
918 2283 1018 2311 aggre-

1074 294 1253 332 ἀγλαίσμασι,
1268 297 1312 324 καὶ
1337 296 1484 335 σφραγῖδας
1506 298 1604 330 ταύτας
1627 295 1731 335 ἔφερεν,
1752 297 1912 335 ἰγγεγλυμ-

1076 340 1154 375 μένας
1170 340 1201 367 τὸ
1222 339 1357 378 ἀνδρικόν.
1383 341 1502 370 Βασιλέα
1527 343 1574 378 μὶν
1602 342 1647 370 οὖν
1673 344 1788 380 θεωρεῖν
1813 342 1910 375 αὐτὸν,

1074 384 1147 412 ἀλλὰ
1168 387 1247 412 τοῦτο
1269 384 1414 424 διαδοχῆς,
1436 388 1467 421 ἣν
1484 387 1548 418 Θεὸς
1571 386 1731 425 παραδόξως
1757 388 1836 423 αὐτῷ
1851 386 1911 415 διὶ-

1075 434 1146 463 θετο,
1162 429 1300 467 ἐπικρίνας
1315 430 1354 462 εἷς
1384 431 1498 468 βασιλέα
1516 432 1562 459 τὸν
1578 431 1604 459 ἄν
1620 431 1753 469 ἀδελφοῖς
1771 431 1912 469 μεγάλοις

1074 483 1103 500 τε
1121 474 1167 501 καὶ
1187 473 1285 506 καλοῖς
1310 476 1407 511 μικρὸν
1437 476 1484 511 μὲν
1510 478 1671 512 τηνικαῦτα,
1686 475 1838 504 κάλλιπον
1867 475 1912 509 δὲ,

1075 517 1113 548 εἴς
1141 516 1169 545 δὶ
1192 518 1223 545 τὸ
1245 518 1321 546 ἐπιὸν
1345 520 1390 547 καὶ
1415 521 1554 558 μέγιστον.
1581 521 1738 559 Στρατηγὸν
1764 519 1794 548 δὲ
1810 521 1860 548 οὐκ
1878 521 1910 548 ἂν

1075 560 1117 596 εἴη
1147 562 1243 601 πόῤῥω
1268 562 1317 591 τοῦ
1344 564 1390 592 καὶ
1426 564 1497 593 οὕτω
1526 565 1638 603 βασιλέα
1671 564 1881 597 διασκέπτεσθαι
1901 589 1908 594 .

1075 607 1150 635 Ἔστι
1177 607 1229 645 γὰρ
1258 608 1386 646 βασιλεὺς
1415 609 1484 641 ἅπας
1515 610 1577 646 (οὐκ
1601 609 1652 645 ἔξω
1678 607 1910 648 λόγουέὶπεῖν)

1076 654 1236 689 στρατηγῶν
1263 654 1423 691 στρατηγός.
1449 655 1578 690 Ἱππότην
1606 655 1698 691 μέντοι
1723 654 1834 693 ἄριστον
1857 665 1908 682 τε-

1076 696 1195 725 θεᾶσθαι.
1235 698 1279 725 καὶ
1318 698 1476 736 πεζομάχον
1495 720 1502 733 ,
1530 699 1576 727 καὶ
1611 699 1773 737 μονομάχον
1804 699 1907 737 ῥώμην

1075 741 1189 768 πνέοντα
1205 763 1212 775 ,
1240 742 1285 769 καὶ
1300 742 1462 781 πρόμαχον,
1494 744 1539 771 καὶ
1566 743 1760 782 πολιορκητὴν
1784 744 1909 771 δεινότα-

1074 796 1129 821 τον,
1145 787 1189 815 καὶ
1207 786 1310 826 λόχους
1333 789 1448 824 καθίζειν
1476 788 1572 825 δεξιὸν,
1592 790 1637 818 καὶ
1662 789 1773 822 λοιπαῖς
1787 790 1908 820 ἀπάσαις

1075 836 1199 869 παρεῖναι
1229 834 1331 871 μάχαις
1356 834 1533 871 θερμότατον,
1560 837 1643 863 ταῦτα
1672 834 1701 862 δὲ
1729 834 1819 862 οὖκέτι
1846 833 1906 862 δια-

1075 875 1161 915 δοχῆς
1188 877 1281 906 ἀλύσει
1304 878 1498 914 ωμὲπλεκται,
1528 879 1550 907 εἰ
1575 879 1620 907 καὶ
1646 878 1676 907 ἐκ
1701 879 1798 917 γένους
1822 880 1905 913 καθῆ,

1075 932 1080 936 .
1138 920 1150 930 ’ί
1252 922 1259 931 ‘
1292 922 1302 933 "
1353 923 1360 932 ’
1385 924 1391 932 ‘
1724 923 1729 933 ’
1861 927 1874 933 ‘

1077 932 1119 949 νιεν
1134 932 1198 960 αχρι
1215 933 1259 949 και
1277 933 1315 953 εις
1331 933 1423 957 αυτον,
1441 924 1581 959 ἀσκήσεως
1600 922 1629 952 δὲ
1650 923 1771 960 ὁτιμαλα
1787 934 1906 961 συχνηξα

1075 966 1119 993 καὶ
1134 964 1231 1004 τριϐῆς
1247 965 1383 1004 διαρκοῦς,
1407 968 1453 996 καὶ
1478 968 1665 1006 ὀργανώσεως,
1681 969 1715 1004 ἣν
1743 968 1824 1008 φύσις
1843 968 1905 1007 1?:-

1073 1010 1239 1049 λοτέχνησεν
1257 1012 1307 1040 ὑπὸ
1322 1014 1379 1049 Θεῷ
1394 1012 1574 1052 ἀρχιτέκτονι.

1110 1109 1156 1147 ξγ’.
1174 1111 1242 1142 Ταῖς
1273 1110 1321 1147 μὶν
1352 1111 1396 1138 οὖν
1428 1111 1494 1149 ἄγαν
1525 1111 1680 1150 ὑπερορίοις
1708 1111 1813 1149 μάχαις
1842 1110 1902 1138 οὔτε

1074 1153 1154 1186 αὐτὸς
1170 1152 1259 1192 ἔκρινε
1284 1153 1341 1183 δέον
1364 1158 1498 1193 παρεῖναι,
1519 1158 1568 1184 τοῦ
1592 1155 1717 1188 ἀνέκαθεν
1738 1154 1845 1194 χρὸνου
1870 1157 1903 1183 τίι

1077 1199 1174 1235 μεταξὺ
1197 1200 1231 1227 τὰ
1254 1200 1301 1236 μὲν
1332 1199 1585 1237 ἐκπολεμώσαντος,
1613 1201 1646 1228 τὰ
1676 1199 1706 1228 δὲ
1734 1200 1760 1228 ἰν
1790 1200 1904 1236 ὗπόπ-εῳ

1075 1243 1198 1280 οεμένου·
1227 1244 1285 1272 ὅθεν
1316 1245 1362 1272 καὶ
1389 1245 1423 1279 ἦν
1447 1245 1562 1283 ἀνάγκη,
1578 1246 1646 1283 πρὸς
1675 1256 1716 1282 τῳ
1746 1245 1823 1282 μέσῳ
1839 1246 1903 1272 εἶναι

1074 1288 1120 1316 τὸν
1139 1289 1261 1326 βασιλέα,
1286 1291 1330 1317 καὶ
1352 1289 1463 1328 καρδίας
1488 1289 1562 1328 λόγῳ
1577 1290 1611 1318 τά
1624 1290 1700 1328 πέριξ
1717 1289 1831 1322 θάλπειν
1860 1290 1905 1316 καὶ

1077 1335 1231 1371 ζωογονεῖν.
1261 1334 1325 1363 Οὸτ’
1350 1334 1392 1369 ἂν,
1423 1333 1497 1372 εἴπερ
1526 1335 1606 1367 αὐτὸς
1629 1332 1732 1373 ἔκρινεν
1759 1332 1863 1371 (ἔκρινε
1878 1333 1905 1361 δὲ

1076 1377 1102 1405 ἐν
1132 1380 1213 1406 ἅπασι
1241 1379 1272 1406 τὸ
1300 1383 1350 1414 τῆς
1379 1381 1471 1417 ψυχῆς
1501 1380 1583 1416 ζέον),
1613 1379 1795 1412 ἀδυσώπητος
1824 1376 1904 1415 ἔμενε

1075 1422 1144 1459 πρός
1159 1434 1190 1460 γι
1204 1426 1252 1451 τοῦ
1268 1423 1421 1461 συγκλήτου
1438 1423 1552 1462 λάχους⁹
1568 1424 1612 1452 καὶ
1628 1426 1676 1452 τοῦ
1692 1423 1808 1453 λοιποῦ,
1819 1424 1902 1460 ’Δμέ-

1076 1465 1176 1503 λειξκαί
1194 1467 1335 1505 προελθὼν
1349 1471 1398 1503 τῆς
1419 1467 1561 1506 βασιλίδος
1582 1469 1637 1496 τῶν
1653 1468 1773 1503 πόλεων,
1791 1469 1838 1496 καὶ
1853 1469 1903 1503 τὴν

1075 1510 1118 1538 ἐπὶ
1133 1511 1197 1543 τοὺς
1220 1511 1372 1548 πολεμίους
1397 1516 1436 1548 πῆ
1465 1512 1513 1549 μὲν
1529 1511 1595 1551 διχῆ
1624 1513 1713 1549 τεμὼν
1733 1515 1774 1548 τῷ
1789 1522 1903 1550 στρατο-

1075 1555 1235 1592 πεδεύματι,
1255 1560 1293 1591 πῆ
1325 1556 1353 1584 δὲ
1382 1557 1427 1584 καὶ
1458 1558 1663 1595 ὑπερμεσώσας,
1687 1556 1845 1593 ἐξὲστιλλεν
1860 1557 1903 1593 ἐγ-

1075 1600 1154 1637 γύθεν
1182 1601 1213 1628 τὸ
1243 1603 1447 1639 στρατιωτικὸν,
1476 1602 1520 1629 καὶ
1543 1602 1752 1640 κατεπράττςτο,
1777 1603 1824 1629 οἷα
1838 1601 1904 1631 Θεὸς

1076 1643 1175 1681 ἐδίδου¹
1190 1646 1204 1673 ὁ
1219 1647 1272 1673 τῶν
1299 1645 1383 1684 ἔργων
1408 1645 1482 1679 αὐτῷ
1509 1643 1827 1683 συνεπιλαμϐανόμενος.
1851 1646 1903 1672 Κᾶν

1074 1688 1098 1716 εἴ
1127 1691 1164 1726 μὴ
1191 1691 1283 1717 καινόν
1312 1701 1338 1718 τι
1364 1690 1409 1718 καὶ
1437 1691 1508 1728 μέγα
1537 1691 1759 1724 συνεπεπτώκει,
1789 1691 1843 1718 οὐκ
1872 1691 1905 1724 ἦν

1073 1733 1235 1771 ἀναστρέψαι
1264 1734 1327 1766 τοὺς
1357 1734 1518 1772 βασιλικοὺς
1537 1735 1636 1767 ἐκεῖθεν
1662 1734 1847 1770 ἀποστόλους,
1865 1735 1902 1771 μή

1072 1779 1104 1806 τὸ
1131 1781 1183 1807 πᾶν
1213 1779 1238 1806 ἐν
1268 1779 1346 1816 καλῷ
1375 1781 1602 1815 καταστήσαντας.
1633 1780 1824 1817 Συνεξὲπεμπε
1851 1781 1901 1817 γὰρ

1073 1822 1186 1856 ἐκείνοις
1211 1823 1224 1850 ὁ
1244 1824 1418 1861 αὐτοκράτωρ
1443 1824 1629 1862 βουλεύματα,
1653 1823 1688 1852 δι’
1713 1823 1751 1852 ὧν
1768 1824 1806 1856 ὦς
1821 1823 1901 1854 αὐτὸς

1073 1869 1167 1906 παρὼν
1191 1867 1296 1906 ἐνήργει
1318 1869 1352 1896 τὰ
1372 1869 1500 1906 τρόπαια.
1525 1868 1595 1898 Οὖδὶ
1621 1870 1673 1907 γὰρ
1688 1868 1721 1904 ἦν
1750 1868 1900 1907 βουλευσά-

1075 1923 1153 1949 μενον
1172 1913 1210 1949 μὴ
1241 1913 1290 1940 οὐκ
1317 1913 1467 1952 ἐπιτυχεῖν.
1497 1913 1529 1942 Ei.
1552 1912 1582 1941 δέ
1595 1924 1649 1941 που
1663 1913 1681 1948 ἢ
1697 1915 1815 1951 στρατοῦ
1840 1913 1901 1941 ἆτα-

1073 1956 1171 1992 σθαλίᾳ
1185 1955 1304 1996 ἔσφαλλε
1325 1958 1359 1985 τὰ
1382 1961 1433 1993 τῆς
1459 1957 1561 1996 μάχης,
1577 1958 1595 1992 ἣ
1610 1958 1642 1985 τὸ
1657 1958 1837 1996 συμμαχικὸν
1850 1958 1898 1985 οὐκ

1073 2001 1219 2040 ἀπονήρως
1248 2002 1440 2041 ἓμισθοφόρει,
1468 2003 1552 2040 τυχὸν
1582 2001 1610 2030 δὶ
1642 2001 1714 2030 οὕτω
1741 2001 1788 2030 καὶ
1819 1999 1901 2032 κύϐος

1075 2046 1169 2084 μάχης
1196 2047 1227 2075 οὐ
1251 2048 1319 2086 πρὸς
1345 2048 1447 2085 ἀγαθοῦ
1462 2047 1584 2086 ἔρριπτο,
1602 2047 1701 2075 τούτου
1719 2048 1767 2084 μὲν
1782 2046 1899 2075 ἄλλοθεν

1072 2091 1104 2118 τὸ
1120 2090 1219 2128 αἴτιον,
1234 2093 1265 2120 τὸ
1284 2091 1426 2129 βασιλικὸν
1441 2091 1470 2120 δὲ
1485 2090 1563 2130 ἔργον
1581 2092 1711 2120 ἀναίτιον.

1110 2186 1139 2222 ξ’.
1156 2187 1207 2215 Καὶ
1237 2185 1309 2214 οὕτω
1340 2187 1386 2223 μὲν
1415 2187 1448 2214 τὸ
1470 2190 1520 2222 τῆς
1543 2186 1684 2225 στρατείας
1701 2185 1900 2223 διῳκονομεῖτο

1074 2229 1199 2260 ἔκτοπον.
1227 2231 1281 2259 Οὐκ
1306 2231 1336 2259 ἂν
1365 2230 1394 2259 δι
1420 2242 1473 2259 τινι
1507 2231 1645 2270 ἰγγὲνοιτο
1674 2231 1761 2269 συχνὰ
1789 2234 1900 2259 τοιαῦτα

1074 2275 1313 2314 ἐξαριθμήσασθαι.
1329 2275 1369 2304 Tal
1393 2275 1483 2304 πλείω
1502 2277 1553 2314 γὰρ
1577 2276 1658 2308 αὐτὸς
1682 2277 1725 2303 καὶ
1742 2278 1798 2303 τῶν
1813 2276 1899 2303 τοιού-

195 2321 342 2355 diebatur,
357 2329 415 2349 non
431 2321 543 2349 caeteris
553 2323 613 2348 tam
629 2320 767 2356 praeclara
788 2320 976 2348 committens
990 2322 1019 2348 et

1075 2331 1125 2347 των
1154 2319 1241 2358 ἔργων
1265 2318 1400 2354 ἐπέϐαινε,
1421 2321 1471 2348 οὒκ
1493 2318 1566 2359 ἔχων
1592 2321 1694 2359 ὲτίροις
1708 2321 1741 2348 τὰ
1761 2320 1836 2348 οὕτω
1852 2321 1897 2357 μὲ-

196 2366 372 2402 periculosa.
389 2368 504 2394 Norunt
523 2365 550 2393 id
566 2365 669 2394 Cilices
676 2367 704 2393 et
718 2365 861 2393 Armenias
876 2365 979 2398 tribus,
992 2367 1020 2392 et

197 2411 384 2446 Assyriorum
409 2413 510 2446 gentes
539 2413 568 2437 et
590 2418 691 2438 omnes
733 2410 783 2446 qui
827 2409 1019 2437 orientalibus

196 2454 266 2482 solis
283 2455 374 2482 radiis
385 2455 601 2482 illuminantur.
616 2455 790 2491 Scytharum
806 2462 873 2482 vero
889 2454 1019 2482 ferocita-

196 2500 255 2526 tem
272 2507 330 2527 non
344 2499 425 2527 solus
439 2499 598 2527 virtutibus
609 2499 853 2535 abnndanlpater
867 2499 1018 2534 cicuravit,

196 2544 245 2571 sed
262 2545 290 2571 et
302 2552 359 2571 non
372 2544 470 2572 minus
486 2546 594 2572 noster.
607 2543 688 2571 Ultra
705 2543 812 2571 Istrum
827 2551 895 2571 vero
910 2543 954 2571 sic
968 2551 1018 2571 ou-

193 2587 329 2616 ourritut
345 2588 367 2616 si
385 2589 451 2624 quis
481 2589 602 2624 impune
632 2588 862 2616 inhabitantium
890 2588 1017 2616 ferarum

194 2635 315 2662 venator
336 2633 409 2661 alias
433 2633 520 2668 capit,
548 2633 614 2661 aliis
643 2635 808 2661 extremum
836 2635 946 2660 metum
973 2633 1017 2660 in-

193 2678 280 2712 cutit;
298 2685 350 2706 nec
366 2677 439 2705 illud
453 2677 553 2706 semel.
572 2678 649 2706 Nam
666 2677 823 2706 Alexandri
847 2677 919 2705 illud
943 2679 1017 2712 erat,

191 2722 238 2751 vix
253 2721 304 2750 tali
319 2722 446 2751 transitu
462 2721 659 2758 praevalentis,
675 2723 776 2751 statim
796 2722 936 2759 fugientis
960 2731 1018 2750 non

191 2767 484 2802 retroinspioientis;
502 2775 560 2795 non
575 2767 653 2795 enim
680 2767 777 2795 locum
803 2767 952 2795 munitum
977 2767 1019 2795 ci-

191 2810 310 2846 taveris,
326 2819 425 2846 quem,
442 2811 555 2840 fortiter
574 2819 643 2839 cum
658 2811 720 2840 suis
736 2811 878 2848 urgendo,
896 2819 953 2839 non
969 2819 1018 2839 ex—

193 2856 367 2889 pugnaverit
377 2855 534 2885 Alexandri
547 2855 687 2892 preaclara
699 2856 802 2890 virtus,
815 2855 865 2891 qui
876 2856 905 2884 in
921 2857 1017 2892 quali-

1073 2375 1152 2402 γιστα
1166 2364 1301 2393 πιστεύειν
1323 2365 1368 2393 καὶ
1397 2364 1561 2394 ἐπικίνδυνα.
1587 2365 1696 2396 Κίλικες
1726 2363 1817 2392 οἴδασι
1840 2367 1898 2393 ταῦ-

1071 2421 1115 2445 τα,
1142 2410 1187 2438 καὶ
1215 2410 1345 2448 Ἃρμὲνια
1371 2410 1454 2449 φῦλα,
1483 2410 1528 2438 καὶ
1551 2411 1629 2448 γένος
1656 2409 1824 2448 Ἀσσύριον,
1853 2410 1897 2438 καὶ

1073 2453 1183 2489 λοιπὸν,
1213 2454 1276 2482 ὅσον
1306 2455 1479 2494 πρωτοφαὲσι
1511 2455 1608 2493 βολαῖς
1638 2455 1720 2490 ἡλίου
1757 2453 1898 2493 βάλλεται.

1074 2500 1209 2534 Σκυθικὴν
1234 2498 1263 2527 δὲ
1287 2499 1438 2538 ἀγριότητα
1452 2499 1483 2527 οὐ
1501 2500 1585 2536 μόνος
1600 2500 1615 2527 ὁ
1634 2498 1835 2537 πολυαριστεὶις
1850 2509 1899 2527 πα-

1071 2545 1124 2583 τὴρ
1152 2545 1326 2583 ἡμερώσατο,
1355 2544 1430 2573 ἀλλὰ
1451 2545 1498 2573 καὶ
1525 2543 1604 2577 οὗτος
1625 2544 1665 2572 ἐπ’
1682 2543 1759 2572 οὒδὶν
1775 2543 1897 2572 ἔλαττον.

1072 2590 1193 2626 Ἵστερου
1223 2588 1251 2617 δὲ
1278 2589 1312 2617 τὰ
1338 2590 1421 2626 πέραν
1452 2589 1524 2617 οὕτω
1553 2588 1732 2626 κατέδραμεν,
1749 2588 1787 2621 ὠς
1811 2588 1834 2616 εί
1857 2588 1899 2616 καὶ

1073 2633 1156 2665 ἀδεῶς
1183 2644 1229 2666 τες
1257 2633 1525 2672 περιῳκοδομημένα
1553 2634 1636 2672 θηρία
1666 2635 1844 2671 κυνηγετῶν,
1869 2633 1900 2660 τὰ

1075 2679 1121 2715 μὲν
1151 2678 1268 2713 ἀλίσκει,
1298 2680 1332 2706 τὰ
1362 2677 1384 2706 δ’
1405 2678 1443 2710 εἷς
1469 2676 1554 2718 φόϐον
1583 2681 1663 2706 κινεῖ.
1691 2678 1743 2706 Καὶ
1773 2677 1838 2705 αὐτὸ
1854 2677 1899 2705 οὐκ

1074 2723 1184 2759 εἰσάπαξ
1199 2745 1206 2751 .
1233 2722 1411 2762 Ἀλεξάνδρου
1430 2725 1481 2762 γὰρ
1495 2725 1576 2752 τοῦτο
1601 2723 1697 2757 πάθος,
1714 2721 1898 2760 κατισχύσαν-

1072 2778 1118 2799 τος
1148 2767 1230 2805 μόγις
1255 2771 1304 2803 τῆς
1326 2768 1456 2805 τοιαύτης
1476 2769 1599 2806 γενισθαι
1620 2768 1746 2805 περαίας,
1771 2766 1818 2795 καὶ
1844 2767 1897 2802 ἅμα

1071 2813 1236 2852 πεφευγότος
1267 2813 1482 2851 ἀμεταστρεπτί.
1513 2812 1562 2841 Καὶ
1591 2812 1640 2840 οὐκ
1668 2813 1700 2847 ἦν
1727 2811 1897 2848 ἐρυμνότητα

1073 2855 1180 2894 χωρίου
1210 2856 1304 2894 εἰπεῖν,
1330 2857 1365 2892 ἦς
1392 2857 1431 2894 μή
1458 2857 1531 2896 ταχὺ
1557 2856 1722 2895 περιεγίνετο
1746 2854 1828 2887 αὐτὸς
1840 2857 1895 2886 τοῖς
