2026 3156
135 203 217 234 1021

566 200 766 232 MANUELIS
787 199 963 231 COMNENI
985 197 1182 230 LAUDATIO
1205 195 1411 228 FUNEBRIS.

1761 193 1840 224 1022

133 266 339 304 πραττομένοις
365 265 586 304 ἐπιδεδημηκώς.
610 265 786 303 Ἀλεξάνδρου
804 267 884 293 τοῦτο
916 274 962 301 με-

1026 265 1069 291 bet
1093 264 1210 298 regione
1238 261 1370 290 Herculis
1399 260 1542 289 miracula
1570 259 1742 289 confutavit.
1768 259 1841 287 Nam

134 312 332 350 γαλούργημα,
349 311 378 342 ὅς
394 310 473 348 (ἔστω
492 312 575 339 εἰπεῖν
592 311 672 347 ὅπου)
702 311 733 338 τὸ
747 312 795 338 τοῦ
817 308 967 347 Ἡρακλέος

136 357 239 392 σεμνὸν
269 355 436 394 ἀπήλεγχεν.
466 356 566 384 Αὐτίκα
591 356 642 393 γὰρ
672 356 686 383 ὁ
711 356 758 391 μὲν
784 355 833 389 τὴν
853 355 965 391 Ἄορνον

138 402 238 438 (πέτρα
254 399 283 428 δὲ
306 400 385 436 αὕτη,
410 401 455 428 τὸν
477 399 555 428 Ἰνδὸν
571 400 694 436 ποταμὸν
712 399 884 435 ὑπομένουσα
906 400 965 429 ταῖς

138 445 231 483 ῥίζαις
253 445 521 483 προσαρασσόμενον)
550 444 621 472 ἑλεῖν
649 444 699 472 οὐκ
723 441 814 481 ἔσχεν,
843 444 882 474 εἷς
906 443 967 481 τρὶς

139 490 191 526 μὶν
220 487 404 527 προσϐαλὼν,
432 489 591 520 τοσαυτάκις
622 488 672 523 Si,
702 489 801 528 φησὶν,
832 489 967 525 ἀποκρου-

139 533 226 566 σθείς·
257 532 434 571 Ἀλεξανδρος
463 533 492 561 δὲ
521 533 633 569 εἲσάπαξ
659 531 867 572 προσϐεὸηκὼς,
898 532 968 560 εἶλεν

139 578 292 616 ἐγκρατῶς.

179 625 221 660 Ee’.
239 625 271 654 EI
302 625 349 661 μὲν
379 625 425 652 οὗν
441 625 509 662 πρὸς
532 624 651 656 πολλαῖς
677 627 729 652 τῶν
746 624 854 652 πόλεων
882 624 967 652 πόλλ’

142 669 279 708 ἐμόγησεν
305 670 319 698 ὁ
343 670 477 708 ἡμέτερος
504 669 641 707 βασιλεὺς,
668 669 817 708 πολιορκίᾳ
837 667 969 707 τριϐόμε-

140 725 203 750 νος,
226 713 353 750 πολέμου
379 713 464 751 νόμος
490 715 535 742 καὶ
549 717 640 743 τοῦτο.
670 715 747 753 Ἔχει
764 713 794 742 δὲ
812 715 829 750 ἡ
847 724 968 752 συγγρα-

142 759 195 796 φὴ,
215 759 260 786 καὶ
286 759 317 790 ἅς
346 759 402 796 ἅμα
423 769 454 786 τε
483 758 546 792 εἶδε,
573 758 618 786 καὶ
642 760 689 790 τὰς
722 759 769 795 μὶν
798 758 967 796 κατέρριψεν,

142 803 210 834 ’ὀσας
238 803 288 831 οὐκ
316 803 400 840 ἰγρῆν
424 801 558 837 ἵστασθαι,
586 804 634 834 τὰς
664 803 693 831 δὲ
718 803 820 842 ἀφῆκεν
852 803 968 840 ἑστάναι,

142 847 220 879 ὅσαις
235 849 266 876 τὸ
280 847 415 875 συντελεῖν
432 848 499 886 πρὸς
523 849 602 884 ἡμῶν
632 848 676 883 ἧν.
708 848 836 885 Ἀριθμὸν
860 847 889 876 δὲ
909 847 970 875 τοῦ-

140 903 202 923 τοις
229 892 372 927 ἐπιστῆσαι
402 896 588 931 συγγραφικῆς
610 891 686 929 ἔργον
712 891 895 930 λεπτολογίας
923 892 969 920 καὶ

142 936 215 971 ὅλης
227 935 323 964 δέλτου
339 937 479 975 βούλημα.
506 935 584 964 Εἶδον
608 938 709 974 ἡμᾶραι
737 936 786 964 δύο
799 937 865 964 ποτὶ
893 936 970 964 πέντε

144 981 242 1012 πόλεις
279 980 548 1018 ἀνδραποδισάμενον
587 982 633 1009 τὸν
670 980 756 1009 πολὺν
783 980 968 1018 Ἀλέξανδρον.

146 1026 200 1054 Καὶ
221 1026 324 1053 τούτων
350 1027 395 1054 οἷα
421 1026 467 1062 μὲν
494 1026 542 1057 τὰς
553 1028 635 1064 κτρεῖς
660 1026 761 1058 ἐκεῖνος
781 1024 895 1059 διέθετο,
923 1026 973 1053 οὐκ

146 1067 304 1108 ἀκριϐοῦσιν
338 1071 365 1098 οἱ
395 1070 429 1098 τὰ
450 1073 564 1098 τοιαῦτα
588 1070 840 1108 φιλοπονησάμενοι
855 1093 861 1099 .
889 1069 923 1099 Ai’
942 1081 972 1108 γε

151 1115 205 1151 μὴν
230 1113 325 1142 λοιπαὶ
342 1114 390 1142 δύο
415 1114 478 1146 τοὺς
501 1117 575 1154 σφῶν
599 1115 720 1146 πολίτως
734 1114 818 1151 ἄρδην
835 1116 973 1152 ἀνῃρημέ-

148 1170 212 1190 νους
238 1158 381 1188 ἔκλαυσαν.
409 1159 461 1188 Καὶ
488 1159 536 1187 οὐκ
560 1159 621 1187 οἶδα
638 1160 684 1196 μὲν
702 1159 785 1187 εἰπεῖν
802 1160 871 1198 πρὸς
896 1159 972 1197 ἀκρί-

149 1202 236 1236 ϐειαν,
262 1203 303 1240 ἐφ’
317 1205 372 1240 ὅτῳ
388 1207 463 1240 κακῷ
478 1205 689 1243 προϋπάρξαντι·
719 1204 772 1242 οὐχ
791 1203 849 1242 ἔχω
878 1203 906 1232 δὲ
933 1205 971 1241 μὴ

149 1248 260 1286 ἀπόρως
274 1247 358 1286 ἔχειν,
374 1249 400 1276 τί
419 1250 477 1276 ποτ’
495 1249 525 1276 ἅν
552 1251 584 1284 ἦν
608 1249 694 1276 ἐκεῖνο
724 1249 801 1286 μέγα,
832 1249 846 1276 ὃ
874 1249 972 1276 τοσού-

146 1303 206 1324 τοις
226 1291 337 1330 ἀνδράσι
363 1293 500 1330 βασιλιίαν
524 1293 674 1330 ἐζημίωκεν
689 1314 695 1320 .
721 1294 850 1325 Ἐνταῦθα
874 1292 903 1321 δὲ
927 1294 971 1321 καὶ

147 1337 181 1365 τὰ
194 1337 311 1374 τρόπαια
337 1336 412 1365 οὐδὲν
437 1336 553 1371 ἐλάττω,
573 1337 618 1364 καὶ
642 1339 674 1365 τὸ
693 1337 873 1374 ἁλισκόμενον
902 1337 971 1365 ἐσώ-

150 1385 220 1416 ζετο,
244 1382 289 1409 καὶ
315 1384 498 1419 περιεποιεῖτο
522 1382 560 1414 εἰς
582 1382 838 1420 εὐχρηστούμενον·
859 1381 903 1410 ’ίνα
926 1382 971 1410 καὶ

150 1426 231 1460 οὕτω,
256 1427 324 1458 καθὰ
336 1426 381 1453 καὶ
401 1425 495 1454 ἀνόπιν
525 1427 539 1454 ὁ
569 1426 653 1464 λόγος
681 1426 750 1463 ὀρθῇ
773 1426 858 1463 κρίσει
875 1426 971 1464 ἰζυγο-

151 1471 260 1507 στάτει,
288 1472 320 1498 τὸ
343 1472 415 1499 θεῖον
441 1470 588 1507 ἐπαύξηται
615 1471 755 1500 τάλαντον.
785 1470 820 1500 Οἳ
841 1473 900 1502 πῶς
923 1471 972 1498 οὐκ

151 1515 180 1542 ἂν
204 1517 255 1543 τοῦ
281 1515 380 1543 λοιποῦ
397 1515 463 1553 ὑπὲρ
485 1519 535 1549 τῆς
555 1515 696 1551 Ῥωμαίων
711 1517 762 1553 γῆς
782 1515 912 1553 πρόοιντο
927 1516 971 1543 καὶ

147 1561 198 1595 τήν
225 1560 317 1595 ζωὴν,
343 1558 481 1598 ἅνθρωποι
506 1560 610 1596 θανάτῳ
640 1560 687 1596 μὶν
716 1559 970 1596 περιτετυχηκότες,

149 1603 397 1641 πεφιλοτιμημένοι
423 1602 451 1631 δὲ
474 1603 522 1635 τὰς
542 1605 632 1641 ψυχὰς
656 1604 724 1642 πρὸς
743 1606 791 1631 τοῦ
808 1604 971 1642 αὐτοκράτο-

149 1659 206 1686 ρος,
222 1648 291 1686 πρὸς
317 1647 345 1675 δὲ
370 1649 413 1676 καὶ
438 1651 499 1680 τοῖς
525 1648 563 1680 εἷς
589 1647 647 1686 βίον
670 1648 781 1686 ἀρκοῦσι
805 1647 973 1676 καταντλού-

152 1703 227 1730 μενοι
252 1691 394 1729 δαψιλῶς;
411 1694 461 1724 Οἷς
485 1693 530 1720 καί
546 1691 639 1723 ἄλλως
662 1693 761 1730 ἀρκοῦν
787 1693 855 1730 πρὸς
881 1692 974 1730 μάχης

149 1737 290 1775 ἐρεθισμὸν
314 1738 346 1764 τὸ
372 1737 397 1765 ἐν
417 1736 552 1774 πολέμοις
575 1737 605 1765 οὐ
632 1737 713 1774 μόνον
739 1735 881 1765 ἐκϐοᾶσθαι
904 1737 973 1773 πρὸς

147 1784 196 1809 τοῦ
220 1781 354 1819 βασιλίως
368 1782 401 1809 τὰ
414 1781 451 1813 εἲς
469 1782 516 1809 τὸν
533 1781 672 1811 Ἐνυάλιον
696 1780 877 1820 διεγιρτήρια,
899 1780 973 1810 ἀλλὰ

147 1826 191 1853 καὶ
206 1826 285 1854 αὐτὸν
300 1826 423 1864 προθέειν
437 1829 490 1855 τῶν
507 1825 600 1854 ἄλλων
618 1826 656 1858 εἰς
670 1825 759 1865 ἔργον,
773 1826 818 1854 καὶ
833 1825 972 1864 προαρπά-

149 1870 198 1906 ζείν
214 1871 259 1899 τὸν
274 1871 414 1911 στέφανον.

181 1924 229 1960 ξς’.
254 1927 301 1953 Ἦν
326 1924 377 1963 γὰρ
405 1927 445 1961 τῷ
472 1923 529 1953 ὄντι
552 1925 704 1963 παραθῆξαι
734 1925 781 1961 μὲν
811 1925 850 1956 εἷς
878 1924 972 1962 μάχην

149 1968 241 2007 λόγοις
252 1970 384 2007 Τυρταίου
407 1969 546 2008 ῥητορεία,
573 1969 591 2004 ἢ
624 1970 760 2006 Τιμοθέου
787 1969 856 2007 πρὸς
887 1969 970 2005 μέλος

148 2014 275 2051 ἅρμοσις,
302 2014 339 2041 ὧν
369 2014 383 2041 ὁ
408 2014 454 2050 μὶν
477 2013 568 2049 ᾅδεται
592 2017 668 2045 τοῖος
692 2013 759 2041 εἶναι
785 2012 824 2045 εἷς
846 2012 969 2050 πόλεμον

145 2058 262 2096 ὀτρῦναι,
276 2058 314 2089 ὡς
340 2057 433 2094 δεξιῶς
458 2057 530 2095 ἔχειν
555 2057 671 2096 ἰρεθίσαι
688 2057 727 2089 ιῑς
742 2057 866 2090 Θάνατον·
880 2058 969 2094 Τιμό-

146 2103 203 2134 θεος
220 2101 249 2130 δὶ
263 2103 310 2130 τὸν
336 2102 423 2130 ποΛὺν
446 2101 621 2140 Ἀλέξανδρον
642 2101 715 2138 ᾄδων
740 2102 806 2130 ποτὶ
821 2102 858 2134 εἰς
883 2103 969 2139 θυμὸν

145 2146 258 2184 ἐκμῆναι
287 2147 428 2184 ’Δρεϊκὸν,
456 2147 500 2175 καὶ
529 2149 621 2175 πεῖσαι
648 2147 718 2185 πρὸς
746 2145 820 2174 ὅπλα
843 2145 967 2184 δραμεῖν,

145 2191 180 2222 ὡς
207 2191 232 2219 εἷ’
254 2191 299 2219 καὶ
320 2191 444 2229 πόλεμος
466 2190 587 2221 ἰνίστατο
602 2200 609 2207 ”
638 2192 849 2230 προθυμηθῆναι
874 2190 903 2220 δὶ
928 2191 966 2223 εἷς

145 2232 234 2274 ἔργον,
267 2236 407 2274 ἀστραπῆς
437 2235 509 2274 ἔχων
544 2234 659 2272 ἕξαλμα,
687 2234 766 2274 ἔργου
791 2235 820 2264 δὲ
844 2237 965 2274 γενέσθαι

145 2282 208 2318 πῦρ,
230 2280 298 2317 ῧΛης
313 2280 504 2319 δραττόμενον.
521 2281 573 2310 Καὶ
597 2279 652 2309 ἔστι
676 2281 722 2309 καὶ
746 2283 829 2309 ταῦτα
847 2283 901 2309 τῶν
917 2281 967 2309 οὐκ

1021 309 1068 337 hic
1080 309 1195 344 quidem
1212 310 1357 336 Avernum
1373 306 1524 342 (scopulus
1541 306 1587 333 hic
1604 306 1708 333 Indum
1730 305 1840 333 ﬂumen

1021 354 1159 382 cohibens
1176 353 1321 380 radicibus
1341 350 1498 387 allapsum}
1523 359 1623 386 capere
1654 358 1711 377 non
1740 350 1842 382 valuit,

1022 399 1118 427 tribus
1147 398 1263 433 quidem
1292 397 1405 424 vicibus
1434 396 1566 428 molitus,
1590 395 1677 423 toties
1702 403 1776 427 vero,
1813 396 1846 421 ut

1023 443 1116 474 aiunt,
1129 452 1145 470 a
1158 442 1305 478 proposito
1321 441 1462 476 dejectus,
1491 439 1656 467 Alexander
1680 441 1777 466 autem
1799 447 1843 466 se-

1024 486 1080 515 mel
1096 486 1238 514 accedens
1250 485 1276 512 vi
1293 484 1419 520 subegit.

1058 622 1103 649 65.
1119 620 1220 655 Itaque
1234 619 1351 655 quando
1367 618 1394 645 in
1413 617 1548 654 plurimis
1564 616 1687 644 urbibus
1717 614 1844 643 multum

1023 665 1152 693 laborem
1175 663 1335 699 insumpsit
1359 671 1407 690 rex
1438 664 1536 689 noster
1562 660 1695 689 obsidere
1723 668 1844 692 conans,

1024 710 1092 738 belli
1112 718 1145 737 ea
1154 708 1401 737 sorsest.Habent
1414 715 1482 734 vero
1490 705 1620 738 annales,
1629 707 1658 732 et
1672 712 1746 739 quas
1757 703 1846 732 simul

1023 755 1106 790 vidit,
1139 754 1192 782 has
1221 753 1341 789 quidem
1371 752 1478 780 delevit
1506 752 1651 786 quotquot
1683 751 1762 777 stare
1785 755 1844 776 non

1024 800 1177 836 oportebat
1190 807 1196 833 ;
1208 799 1261 826 has
1276 805 1344 825 vero
1357 805 1474 824 manere
1486 795 1552 823 sivit
1567 802 1670 823 omnes
1683 801 1746 829 qua!
1758 792 1844 821 nobis

1024 845 1217 881 edjungendae
1233 846 1325 871 erant.
1345 843 1452 870 llorurn
1463 849 1530 869 vero
1562 847 1719 868 numerum
1748 841 1845 866 texere

1024 890 1174 918 annalium
1201 887 1415 916 rece'nsentium
1432 885 1604 922 singulatim
1615 887 1659 912 est
1676 886 1704 911 et
1718 882 1786 910 libri
1802 885 1846 910 to-

1024 935 1083 962 tius
1095 942 1151 962 res.
1168 933 1312 960 Viderunt
1327 931 1389 959 dies
1405 932 1462 958 duo
1478 930 1547 958 olim
1564 929 1696 965 quinque
1710 928 1798 955 urhes
1814 927 1844 954 in

1027 979 1197 1007 servitutem
1214 977 1348 1005 redactos
1363 984 1380 1003 a
1395 983 1500 1011 magno
1517 973 1691 1002 Alexandro.
1717 973 1846 1004 Quarum

1026 1027 1086 1051 tres
1098 1023 1215 1059 quidem
1232 1021 1379 1057 quomodo
1394 1019 1536 1053 tractarit,
1563 1026 1622 1045 non
1649 1016 1769 1053 praecise
1797 1015 1847 1043 de-

1027 1069 1148 1103 signant
1157 1067 1178 1095 ii
1188 1075 1261 1103 quos
1277 1065 1347 1093 talia
1361 1065 1475 1092 tradere
1484 1063 1629 1090 videmus.
1644 1062 1757 1088 Caetera:
1786 1059 1849 1086 duce

1029 1114 1107 1140 cives
1118 1112 1153 1140 ad
1167 1109 1394 1138 internecionem
1412 1115 1502 1136 cases
1517 1107 1669 1134 ﬂeverunt.
1699 1106 1757 1131 Nec
1783 1103 1849 1138 qui-

1027 1157 1093 1185 dem
1109 1157 1169 1184 scio
1190 1156 1268 1183 unde
1292 1153 1490 1182 narrationem
1519 1150 1665 1178 malorum
1694 1148 1846 1184 incipiam,

1026 1210 1098 1229 sane
1127 1200 1225 1228 nescio
1249 1199 1398 1235 quodnam
1424 1204 1565 1232 magnum
1597 1194 1751 1222 distrimen
1781 1195 1847 1220 tan-

1027 1249 1071 1274 tos
1082 1245 1159 1272 viros
1175 1252 1263 1279 regno
1279 1242 1409 1277 privarit.
1423 1241 1495 1268 inibi
1508 1247 1575 1267 vero
1591 1242 1620 1267 et
1650 1241 1759 1273 tropaea
1786 1245 1845 1264 non

1028 1291 1151 1322 minora,
1168 1292 1197 1316 et
1214 1288 1290 1324 quod
1307 1287 1478 1322 cuptumest
1493 1284 1663 1312 servabatur
1675 1285 1703 1310 et
1719 1289 1848 1309 reserva-

1028 1335 1112 1362 batur
1127 1334 1162 1361 ad
1184 1333 1334 1360 meliorem
1352 1334 1458 1358 sortem
1474 1342 1480 1363 ;
1496 1329 1584 1365 idque
1599 1326 1848 1362 quemadmodum

1027 1383 1113 1409 antea
1126 1387 1221 1406 sermo
1246 1380 1325 1405 recta
1345 1375 1528 1411 judicatione
1556 1372 1721 1400 aestimabat
1738 1370 1850 1407 ponde-

1027 1434 1107 1458 rans,
1124 1423 1255 1451 divinum
1273 1424 1430 1457 augeretur
1445 1419 1600 1446 talentum.
1617 1416 1670 1450 Qui
1699 1415 1848 1452 quomodo

1027 1479 1084 1498 non
1100 1470 1136 1497 de
1151 1471 1253 1495 cietero
1269 1474 1357 1501 super
1373 1465 1569 1492 Romanorum
1586 1465 1695 1490 terram
1713 1460 1848 1496 projecis-

1026 1514 1202 1545 sentvitam,
1217 1511 1350 1539 homines
1367 1510 1490 1536 mortem
1519 1506 1635 1542 quidem
1661 1505 1767 1537 sortiti,
1796 1503 1847 1539 qui

1027 1559 1140 1587 animas
1157 1564 1223 1583 vero
1239 1556 1274 1583 ab
1291 1555 1466 1589 imperatore
1482 1552 1659 1582 habuerunt,
1671 1552 1700 1576 et
1721 1549 1798 1583 large
1813 1556 1847 1575 ea

1026 1611 1090 1638 qum
1101 1602 1135 1629 ad
1148 1601 1236 1628 vitam
1252 1598 1404 1626 sufficiunt
1419 1593 1747 1625 obtinuerunt?Quihus
1756 1595 1784 1620 et
1795 1591 1847 1619 ali-

989 1644 1010 1677 C
1028 1636 1072 1675 ter
1083 1645 1256 1677 sufﬁciebat,
1269 1644 1305 1671 ad
1321 1650 1425 1678 pugna:
1437 1639 1668 1676 provocationem
1677 1637 1781 1665 bellica
1795 1636 1849 1664 dos

1030 1701 1086 1719 non
1102 1690 1197 1718 solum
1215 1691 1332 1717 auctore
1360 1694 1426 1722 rege
1449 1683 1627 1712 inclamandi
1654 1690 1722 1710 voce
1750 1681 1850 1709 Martis

1027 1735 1207 1770 excitatoria,
1223 1733 1273 1761 sed
1289 1735 1318 1760 et
1333 1739 1461 1768 pugnam
1475 1737 1531 1765 prie
1548 1729 1614 1756 aliis
1631 1726 1788 1756 inchoandi
1818 1727 1847 1753 et

1028 1788 1150 1810 coronas
1163 1776 1343 1815 reportandi.

1060 1927 1096 1954 66
1126 1925 1194 1953 Erat
1208 1925 1286 1952 enim
1303 1923 1400 1959 reipsa
1418 1929 1578 1950 accensure
1591 1920 1710 1956 quidem
1731 1918 1767 1947 ad
1792 1926 1846 1954 pu-

1025 1979 1113 2007 gnam
1129 1969 1310 1998 carminibus
1323 1967 1427 2004 Tyrtmi
1442 1965 1621 2002 eloquentia,
1637 1966 1688 1992 aut
1698 1962 1845 1992 Timothei

1025 2005 1153 2048 carmen,
1170 2021 1296 2049 quorum
1306 2011 1380 2040 alter
1393 2010 1511 2048 quidem
1529 2012 1710 2038 memoratur
1734 2007 1765 2035 in
1789 2005 1850 2034 bel-

1024 2059 1086 2087 lum
1125 2058 1241 2086 animos
1277 2055 1450 2092 inspirasse,
1488 2056 1516 2082 et
1552 2053 1586 2080 ad
1617 2053 1741 2080 mortem
1782 2058 1848 2086 pro-

1023 2111 1157 2132 vocassee
1168 2102 1309 2135 feliciter;
1326 2099 1498 2128 Timotheus
1518 2106 1585 2126 vero
1610 2103 1752 2132 magnum
1778 2093 1845 2122 Ale-

1022 2149 1179 2180 xandrum,
1205 2147 1338 2180 cantans,
1368 2143 1518 2180 quondam
1545 2142 1576 2169 in
1600 2141 1728 2168 furorem
1764 2146 1844 2166 mar-

1022 2193 1097 2220 tium
1111 2191 1287 2220 convertisse
1302 2192 1331 2218 et
1342 2189 1471 2217 suasisse
1482 2190 1516 2215 ut
1538 2187 1575 2214 ad
1602 2193 1684 2213 arma
1713 2184 1843 2212 curreret

1021 2237 1106 2274 quasi
1121 2235 1254 2272 praelium
1269 2235 1411 2266 instaret;
1429 2232 1537 2260 arsisse
1550 2239 1618 2259 vero
1634 2230 1663 2257 in
1679 2237 1764 2264 opus,
1782 2227 1842 2256 ful-

1020 2273 1103 2319 guris
1119 2281 1231 2317 impetu
1246 2279 1378 2314 citatum,
1393 2276 1489 2313 operis
1505 2284 1571 2304 vero
1585 2274 1648 2302 fieri
1662 2273 1771 2310 ignem,
1784 2280 1842 2308 quo

146 2324 193 2353 οἷδ’
219 2326 260 2357 οἷς
287 2317 432 2364 ἀγνώστων
447 2347 453 2355 .
477 2326 530 2355 Ναὶ
550 2327 601 2365 γὰρ
626 2325 665 2357 εἰς
688 2325 797 2364 ἀνδρίαν
820 2328 965 2364 κραταιοῦ-

1026 2317 1144 2355 materia
1158 2325 1395 2354 eonsumebatur.
1409 2323 1473 2350 Ηίοο
1489 2321 1525 2349 de
1540 2319 1606 2348 istis
1621 2318 1718 2347 nescio
1735 2317 1842 2353 quibus

144 2371 201 2398 σθαι
222 2370 268 2398 τὸν
296 2370 465 2408 ὗμνοόμινον
483 2369 609 2407 ἔκδηλον,
630 2370 704 2402 ὅσοις
729 2371 775 2398 καὶ
791 2371 966 2409 αὐτοκράτωρ

144 2413 260 2452 ἔγνωστο
276 2414 351 2452 (ὅσον
365 2415 416 2454 γὰρ
436 2418 485 2451 τῆς
500 2418 550 2453 γῆς
564 2432 596 2437 —-
606 2415 639 2450 ἦν
656 2414 685 2443 δὲ
696 2415 728 2443 τὸ
739 2415 807 2443 ἅπαν
817 2414 866 2443 τοῦ
878 2415 967 2443 οἰκου-

146 2458 224 2495 μένου
247 2459 392 2495 τμήματος
410 2475 444 2480 —
467 2459 562 2495 αὐτῆς,
584 2457 640 2487 οἶδε
655 2460 778 2498 θάτερον,
795 2458 852 2487 οἶδε
875 2459 920 2488 καὶ
934 2460 966 2487 τὸ

144 2502 271 2540 λοιπὸν),
308 2502 434 2541 βασιλεὺς
458 2506 599 2542 πανταχοῦ
624 2507 676 2543 γῆς
700 2503 898 2543 περιᾳδόμενος
921 2503 967 2533 καὶ

144 2545 264 2584 ἀνδρεῖος
280 2546 330 2574 οὐκ
343 2545 413 2574 ἔστιν
433 2547 501 2575 ὅπου
528 2548 566 2585 μὴ
582 2550 632 2581 τῆς
656 2548 803 2586 οἶκησίμου
825 2552 890 2587 γῆς.
906 2549 967 2577 Ἐν-

144 2593 224 2622 ταῦοα
245 2590 288 2622 τίς
311 2591 340 2618 ἃν
367 2589 428 2629 ἔχοι
454 2592 547 2620 ἑαυτὸν
573 2592 766 2631 ἀπασχολῆσαι
785 2596 844 2624 τοῖς
867 2592 966 2632 ἀνδρα-

145 2636 292 2673 γαθήμασι,
316 2638 403 2674 καιρῷ
428 2637 528 2675 βραχεῖ
553 2637 754 2676 μιτρούμιινοςς
780 2636 877 2666 Βίϐλοι
902 2638 966 2666 ὅλαι

145 2681 185 2708 καὶ
199 2682 292 2709 ταῦτα.
309 2677 519 2721 Βιϐλιογραφιῖν
545 2680 574 2710 δὶ
597 2684 643 2710 νῦν
671 2682 714 2714 τίς
740 2682 771 2711 ἃν
796 2683 930 2719 αἰτήσειεν
947 2683 965 2719 ἢ

144 2724 313 2761 ἁπαιτήσιιιν
326 2734 334 2760 ;

177 2822 221 2859 ξς.
250 2824 447 2861 Ἀναμνηστέον
474 2826 523 2852 τοῦ
554 2825 674 2863 μεγάλου
702 2826 807 2856 ἐκείνου
825 2826 962 2864 πολεμου,

145 2867 168 2896 ἐν
197 2869 220 2904 ᾧ
246 2870 329 2906 μόνος
353 2869 476 2898 ἁπάντων
505 2869 594 2909 ὥσπερ
627 2871 778 2909 βασιλεύων
807 2873 963 2912 ὑπερεῖχεν,

1022 2370 1215 2408 ignotis.Nam
1228 2371 1306 2397 certe
1315 2366 1485 2395 fortitudine
1495 2363 1661 2400 praepollere
1674 2370 1741 2390 eum
1755 2368 1844 2396 quem

1022 2405 1218 2449 celebramus,
1244 2413 1364 2441 evidens
1403 2413 1447 2439 est
1473 2409 1612 2438 omnibus
1639 2406 1688 2442 qui
1717 2405 1844 2441 impera-

1021 2465 1113 2489 torem
1144 2460 1287 2488 ncverunt
1311 2457 1468 2493 (quotquot
1506 2453 1586 2482 enim
1616 2459 1706 2488 super
1733 2453 1843 2478 terram

1021 2508 1105 2534 erant
1120 2507 1218 2532 autem
1233 2511 1335 2532 omnes
1349 2500 1487 2529 habitata
1505 2499 1596 2535 partis
1622 2497 1651 2525 in
1669 2498 1757 2530 terra,
1788 2503 1842 2522 no-

1021 2552 1124 2579 verunt
1139 2557 1243 2582 unum,
1259 2547 1405 2576 noverunt
1421 2547 1449 2573 et
1477 2542 1626 2579 alterum),
1658 2550 1707 2570 rex
1733 2540 1843 2576 ubique

1022 2599 1167 2624 terrarum
1183 2593 1349 2622 celebratus
1365 2593 1393 2618 et
1408 2589 1501 2623 fortis,
1519 2588 1628 2624 ubique
1644 2587 1673 2614 in
1692 2585 1778 2614 terris
1792 2584 1844 2613 ha-

1020 2640 1082 2668 bite
1096 2639 1121 2668 is
1138 2637 1319 2667 occurrebat.
1332 2635 1405 2664 Inibi
1421 2634 1487 2670 quis
1501 2641 1550 2668 per
1562 2632 1711 2660 modicum
1727 2632 1844 2664 tempus

1021 2684 1121 2713 oculos
1136 2684 1215 2712 abiis
1227 2681 1365 2718 praeclare
1380 2679 1471 2716 gestis
1487 2677 1620 2706 avertat?
1637 2673 1716 2704 Libri
1741 2672 1841 2702 cuncti

1020 2730 1067 2759 his
1083 2729 1268 2762 redundant;
1284 2725 1374 2754 libros
1389 2733 1454 2753 vero
1471 2731 1550 2752 nunc
1565 2721 1692 2750 scribere
1708 2718 1775 2754 quis
1791 2725 1841 2754 pe-

1020 2776 1093 2803 teret
1101 2773 1146 2802 vel
1161 2772 1368 2809 deprecaretur
1381 2770 1395 2798 ‘2

1053 2829 1097 2856 62.
1103 2826 1323 2856 Memorendum
1332 2831 1474 2860 magnum
1480 2821 1591 2850 bellum
1602 2819 1632 2848 in
1641 2826 1699 2856 quo
1706 2816 1837 2846 omnium

1019 2874 1101 2903 solus
1112 2875 1255 2908 tanquam
1272 2878 1319 2898 res
1347 2867 1507 2905 praevaluit,
1533 2867 1575 2895 sic
1596 2867 1625 2894 et
1653 2863 1756 2901 optimi
1784 2861 1840 2890 viri
