2021 3154
197 200 211 228 1
216 200 275 229 023

584 197 792 228 EUSTATHII
815 193 1202 226 THESSALONIGENSIS
1224 195 1252 224 M
1259 194 1518 225 ETROPOLITIE

1827 194 1904 223 1024

197 271 293 291 mores
322 271 436 298 gerens,
459 270 489 290 sc
514 271 529 289 a
568 263 648 290 tanto
674 262 778 290 bellico
806 261 934 289 tumultu
963 259 1017 287 sal-

1078 258 1146 285 οὕτω
1161 259 1206 286 καὶ
1233 257 1504 297 ἀνδραγαθιζόμενος,
1534 259 1630 286 ἑαυτόν
1656 268 1685 285 σε
1707 258 1802 292 σώζων
1815 257 1840 293 ἐξ
1854 256 1902 285 οὕ-

195 316 267 336 vans
283 311 310 335 et
326 307 454 343 reliquos
470 307 499 334 in
517 307 614 334 sinum
643 315 730 334 suum
762 306 924 334 recondens
952 307 1017 332 tan-

197 361 285 388 quam
302 353 330 379 in
347 351 452 380 salutis
468 353 740 387 portum.Mercurio
756 352 876 387 quidem
890 350 1018 378 similem

196 396 287 424 videri
302 405 368 424 eum
394 395 443 431 qui
467 395 635 431 apostolicis
662 395 848 423 sermonibus
864 394 1020 429 effingebat

197 440 358 469 Salvatoris
373 439 479 468 Christi
493 440 671 475 discipulum
689 439 809 467 feliciter
830 439 936 466 accidit
962 447 1019 466 non

196 488 315 522 propter
330 485 434 513 miram
447 487 588 520 quantam
600 493 667 512 cum
692 483 820 520 imagine
848 483 1020 511 similitudi-

199 538 277 564 nem,
293 530 343 557 sed
359 529 428 565 quia
442 537 527 556 nemo
543 529 619 556 inter
647 529 762 556 Greccs
785 528 839 555 fuit
868 529 896 555 in
926 527 1019 555 hono-

198 575 288 602 rando
304 573 434 610 apostolo
450 573 621 607 studiosior,
645 573 805 601 Barbarum
832 581 898 600 vero
928 580 1021 607 genus

198 622 267 646 tunc
283 619 411 647 Graecam
424 618 599 654 sapientiam
617 617 765 653 superavit
792 619 821 644 et
848 617 1021 645 diviniorem

197 664 274 691 infra
289 672 320 691 se
335 663 449 690 el‘linxit
463 662 703 698 intelligentiam,
719 665 747 689 et
761 662 855 698 angeli
873 662 935 690 loco
964 662 1022 688 im-

196 711 358 745 peratorem
375 708 516 744 erigebat,
526 709 554 735 et
569 707 667 734 adhuc
678 706 769 734 altera
780 706 891 734 meliori
908 710 1022 741 natura,

198 753 281 788 quasi
299 753 493 788 incongruum
512 751 615 779 fuisset
632 751 768 778 humanis
779 751 917 786 operibus
933 752 1024 786 aequi-

198 806 301 833 parare
317 797 391 824 facta
408 799 589 832 portentosa.

233 850 279 876 68.
296 850 353 877 Nec
366 849 405 877 ibi
423 849 516 884 magis
539 852 672 876 nostrum
700 852 745 876 est
771 851 888 885 tempus
917 857 1024 877 consu-

199 894 422 926 mere,sedsatis
439 893 477 921 sit
493 893 594 921 saltem
613 894 779 921 auditorum
797 894 1023 922 memoriamex-

199 939 316 972 citasse,
332 946 388 966 non
405 938 476 965 alias
493 938 633 973 sopitum.
649 938 739 965 Nemo
756 938 834 965 enim
855 941 914 966 tam
945 947 1024 965 som-
1041 946 1064 978 Β

200 983 336 1011 nolentus
350 985 394 1010 est
410 985 442 1009 ut
458 982 486 1009 in
505 982 612 1010 talibus
630 990 733 1010 somuo
746 991 803 1009 non
821 984 956 1010 resistat:
973 983 1024 1010 sed

199 1029 270 1055 tunc
285 1027 404 1063 quidem
421 1030 504 1054 aetate
519 1027 689 1062 viribusque
718 1027 824 1054 ﬂorens
852 1030 923 1063 erat,
954 1036 1024 1063 ope-

199 1080 289 1107 raque
306 1072 442 1105 maxima,
461 1080 476 1098 a
492 1079 611 1107 corpore
622 1079 690 1098 vero
709 1072 767 1098 hazc
783 1071 902 1099 robusto
918 1074 945 1099 et
967 1071 1024 1099 ele-

202 1118 349 1145 mentariaa
366 1115 564 1151 temperantia:
576 1116 649 1143 bene
673 1116 840 1149 obedienti;
867 1125 930 1151 quae
958 1125 1024 1145 vero

202 1161 339 1196 deinceps
349 1160 506 1196 extemplo,
520 1161 629 1196 quibus
646 1160 760 1187 Claudii
776 1164 857 1188 vetus
874 1162 944 1189 urbs
960 1161 1024 1197 pul-

201 1205 298 1233 chrior
313 1205 458 1241 apparuit,
476 1205 645 1232 mirandum
661 1205 741 1232 aliud
756 1206 825 1240 quia
839 1206 921 1233 ducis
937 1215 1025 1242 opera

201 1249 252 1276 illa
268 1258 324 1276 non
342 1258 479 1284 prospere
493 1249 636 1284 ﬁrmaque
651 1249 812 1280 constituti.
825 1250 875 1277 sed
892 1250 939 1277 cui
964 1259 1024 1278 me-

202 1293 257 1320 rito
271 1293 459 1320 tribuendum
477 1293 570 1320 curari
588 1296 727 1321 etcurare
743 1294 874 1330 seipsum
891 1298 919 1322 et
943 1303 1023 1323 revo-

203 1345 269 1364 care
285 1337 360 1372 quod
379 1337 514 1364 sanitatis
527 1337 663 1373 perierat,
682 1339 798 1372 quando
825 1341 887 1366 erat
914 1341 1024 1367 naturae

203 1385 230 1408 et
246 1381 336 1408 studii
353 1380 431 1408 lucta
445 1389 451 1415 ;
463 1381 543 1408 illius
554 1381 714 1410 dictitantis
730 1383 806 1417 quod
824 1383 876 1410 sibi
895 1392 1023 1419 parcere,

203 1425 293 1461 hujus
321 1433 387 1453 vero
417 1426 494 1461 quod
519 1433 570 1461 pro
601 1426 750 1461 republica
792 1427 865 1455 mori
894 1428 1023 1456 deberet.

201 1470 261 1498 Hoc
289 1469 424 1498 ultimum
451 1470 574 1498 nimium
603 1471 772 1507 postulavit,
815 1472 1024 1509 praevaluitque

201 1517 303 1543 contra
319 1517 454 1542 naturam
469 1514 610 1543 studium.
633 1515 737 1543 Lectus
761 1517 879 1552 quidem
906 1517 935 1544 in
966 1526 1023 1553 quo

202 1559 360 1587 infirmitas
375 1558 459 1587 illius
476 1560 643 1593 curabatur,
658 1560 883 1596 conspiciendus
899 1569 1024 1597 expone-

202 1604 289 1632 batur
318 1604 567 1640 inspieientibus:
598 1613 692 1640 equus
720 1613 787 1633 vero
816 1606 1021 1642 imperatorem

199 1648 323 1676 vehebat
340 1657 396 1676 non
413 1649 448 1676 ad
465 1649 600 1677 exercitia
616 1652 774 1685 aptus,quo
790 1650 851 1677 solo
867 1659 940 1686 opus
960 1653 1022 1679 erat

197 1693 259 1720 viro
271 1693 342 1720 adeo
355 1693 440 1727 fesso,
457 1694 507 1720 sed
538 1694 572 1720 ad
604 1694 736 1729 prtelium
766 1694 902 1722 hinniens
926 1697 954 1722 et
978 1704 1022 1723 as-

202 1745 352 1764 censorem
370 1738 406 1764 ad
423 1740 569 1765 certamen
586 1746 785 1771 commovens,
800 1740 833 1766 'et
845 1739 947 1766 iterum
965 1748 1022 1775 prae

200 1781 311 1809 steteris
327 1781 463 1809 currebat
475 1782 535 1808 dux
550 1781 708 1817 imperator
730 1782 868 1811 virtutem
894 1784 1021 1820 spirans,

200 1825 285 1859 quasi
311 1833 368 1852 non
399 1833 415 1852 a
444 1825 556 1860 morbo,
587 1827 638 1853 sed
667 1835 684 1854 a
710 1826 796 1862 longo
808 1828 867 1855 otio
884 1829 1022 1863 procede-

200 1873 242 1896 ret
252 1871 281 1896 et
297 1869 412 1904 cognito
425 1870 528 1904 paucis
544 1872 666 1898 catervis
690 1871 720 1898 in
745 1873 908 1900 turmarum
922 1874 1023 1902 decem

202 1912 297 1939 millia
311 1913 388 1940 viam
406 1913 527 1948 aperire,
544 1914 672 1949 amplius
688 1915 716 1942 in
733 1916 864 1944 ardorem
882 1918 1024 1953 processit

201 1955 232 1983 iu
244 1955 335 1983 Deum
347 1959 443 1985 erecta
455 1957 594 1986 fortitudo
607 1967 614 1993 ;
628 1960 675 1987 cui
691 1959 829 1996 adjuncta
844 1961 948 1990 bellica
969 1962 1023 1990 vir-

199 2002 249 2028 tus
261 2009 336 2029 onus
352 2001 435 2029 nobis
460 2002 631 2038 impositum
647 2003 735 2032 simul
758 2007 893 2041 portavit.
920 2007 1021 2042 Igitur.

201 2046 295 2081 primo
320 2054 465 2074 concursu
489 2048 649 2082 perfectum
680 2052 723 2076 est
749 2051 825 2085 quod
849 2051 961 2079 nemini
992 2052 1022 2080 in

198 2092 331 2118 mentem
345 2091 475 2119 venisset
489 2092 609 2119 fortium
627 2092 655 2120 in
673 2101 777 2129 pugna)
807 2095 900 2123 fronte
924 2104 1022 2131 casus,

199 2134 269 2170 fuga
284 2134 401 2162 illorum
414 2137 560 2171 quotquot
574 2137 610 2164 de
622 2136 681 2165 vita
698 2138 791 2174 magis
821 2140 1021 2175 providebant,

199 2179 360 2207 multorum
377 2180 496 2215 quidem
523 2180 652 2208 millium
683 2191 839 2210 numerum
869 2184 1022 2213 cumulan-

199 2225 254 2258 tes,
268 2223 394 2252 mutilati
411 2233 478 2252 vero
494 2225 627 2261 plerique
643 2227 679 2253 ab
695 2227 833 2256 exercitu.

236 2277 358 2305 69.11am
372 2277 402 2304 in
419 2278 516 2306 animo
533 2279 726 2315 recogitantes
737 2283 766 2308 et
781 2289 870 2316 quam
885 2282 977 2311 multa
993 2283 1022 2311 in

201 2321 255 2349 hac
270 2322 345 2349 serie
357 2321 472 2358 collata,
485 2331 575 2351 causa
591 2326 636 2351 est
650 2332 702 2351 cur
714 2324 764 2352 diu
775 2315 947 2361 lugeamus;
976 2331 1022 2355 tu-
1038 2315 1063 2349 D

201 2365 315 2393 mulum
324 2366 540 2395 circumdantes
552 2369 696 2404 optimum
708 2369 803 2397 virum
813 2371 1021 2409 includentem,

200 2410 356 2439 incitamur
372 2413 406 2440 ad
439 2412 664 2442 lamentationes
695 2415 925 2445 consolationem
955 2418 1022 2447 aliis

200 2453 352 2483 sllaturas.
369 2456 478 2486 Deinde
507 2457 564 2486 oh!
591 2458 755 2495 inquimus,
786 2469 843 2496 quo
868 2461 1020 2497 devenisti,

199 2498 344 2526 bonorum
361 2504 526 2530 nostrorum
542 2511 697 2532 commune
708 2503 721 2532 ?
732 2505 793 2536 Quo
805 2506 840 2533 ad
855 2506 1022 2544 intelligen-

200 2543 270 2571 dum
287 2544 526 2581 circumscriptus
541 2549 636 2584 es,qui
649 2548 790 2577 mirandis
805 2551 904 2579 omnia
915 2543 1020 2588 reples,

199 2588 250 2626 qui
265 2588 389 2617 viriliter
413 2592 609 2628 praeclareque
635 2594 726 2629 gestis
751 2595 916 2630 abundasti,
942 2597 1022 2625 dein-

199 2642 266 2670 ceps
282 2633 487 2663 abundaturus
498 2636 511 2663 ?
526 2636 622 2665 Donec
633 2637 673 2665 sit
701 2638 778 2666 Deus
802 2647 935 2669 annuens
963 2650 1021 2670 ser-

199 2678 348 2713 monibus,
366 2679 766 2718 optimusleonisprogenies
795 2691 844 2711 rex
874 2685 1021 2720 unguibus

198 2723 315 2759 polleat,
342 2726 375 2752 ut
401 2724 516 2753 belluas
546 2733 610 2762 quas
633 2727 774 2755 adversus
813 2736 865 2756 nos
898 2729 1022 2758 smviunt

199 2767 334 2812 subigere
345 2769 449 2798 valeat.
467 2770 624 2807 Hucusque
635 2772 714 2799 enim
744 2773 824 2809 regio
849 2775 945 2811 rugitu
964 2784 1020 2812 gu-

200 2810 399 2842 bernabantur
413 2814 495 2852 talia,
513 2818 540 2844 et
556 2816 663 2844 eximia
673 2817 815 2854 ﬁrmaque
844 2827 896 2855 spe
919 2810 1019 2848 futuri.

1075 313 1113 330 τω
1137 303 1256 340 μεγάλου
1291 303 1417 341 μαχίμου
1444 302 1598 339 κλύδωνος,
1628 303 1674 330 καὶ
1701 301 1764 333 τοὺς
1790 301 1902 333 λοιποὺς

1074 347 1111 378 αἱς
1139 347 1231 375 ἑαυτὸν
1258 347 1469 382 κατακολπίζων
1495 348 1532 375 ὡς
1562 348 1600 379 τίς
1627 347 1726 384 λιμένα
1754 348 1900 383 σωτήριον.

1074 392 1162 428 Ἐρμῇ
1191 393 1238 428 μὶν
1260 391 1305 419 οὖν
1331 391 1435 419 εἶκάσαι
1459 392 1505 420 τὸν
1520 391 1715 422 ἀποστολικοῖς
1741 390 1839 428 λόγοις
1859 390 1905 419 ἰλ-

1075 435 1253 473 λαμπόμινον
1276 439 1325 465 τοῦ
1356 440 1486 474 Σωτῆρος
1512 437 1630 474 Χριστοῦ
1659 435 1784 473 μαθητὴν
1810 434 1904 462 ἐπιτυ-

1075 484 1134 519 χῶς
1163 480 1252 519 ἔσχεν,
1283 482 1314 509 ού
1345 480 1389 509 διὰ
1417 481 1449 509 τὸ
1475 481 1546 508 πάνυ
1574 480 1645 519 μέγα
1672 482 1721 508 τοῦ
1735 483 1786 515 τῆς
1802 479 1906 510 εἰκόνος

1076 526 1303 564 ἀφομοιώματος,
1331 525 1395 553 ἀλλ’
1415 525 1456 553 ὅτι
1475 526 1512 562 μὴ
1540 526 1586 553 καὶ
1610 525 1653 553 ἐπὶ
1671 524 1755 552 πλέον
1771 525 1785 551 ὁ
1801 523 1908 558 Ἕλλην

1077 571 1148 608 εἶχεν
1174 567 1331 607 ἐμϐαθύνων
1367 569 1504 606 σεμνύνειν
1531 570 1577 597 τὸν
1607 568 1778 597 ἀπόστολον.
1810 569 1850 596 Τὸ
1880 567 1908 595 δὲ

1079 612 1215 653 βάρϐαρον
1242 615 1304 642 τότε
1332 615 1382 649 τήν
1408 613 1576 650 Ἑλληνικὴν
1611 613 1706 653 σοφίαν
1743 610 1908 650 ὑπερανὲῧη,

1077 661 1121 687 καὶ
1154 658 1290 697 θειοτέραν
1315 659 1484 697 ἐσχημάτιζι
1516 659 1578 697 παρ’
1609 659 1695 694 ἑαυτῷ
1723 658 1839 692 ἐννοιαν,
1866 658 1908 685 καὶ

1079 703 1196 742 ἀγγέλου
1211 703 1288 740 τόπῳ
1303 705 1348 732 τὸν
1371 703 1558 742 αὐτοκράτορα
1577 700 1770 740 προσεδίϐαζι,
1801 703 1848 730 καὶ
1873 699 1910 729 ἔτι

1079 750 1156 786 ἑτέρᾳ
1169 749 1302 785 κρείττονι
1319 749 1406 787 φύσει,
1436 748 1474 780 ὡς
1489 748 1663 786 ἀσύμμετρον
1684 747 1713 776 ὅν
1727 747 1911 785 ἀνθρωπίνοις

1079 790 1168 831 ἔργοις
1182 791 1350 832 παραϐαλεῖν
1367 794 1400 821 τὰ
1416 791 1575 833 φαινόμενα.

1115 847 1165 882 Er".
1186 846 1234 874 Καὶ
1265 845 1322 874 οὐδ’
1351 845 1463 878 ἐνταῦθα
1493 846 1588 874 πλεῖον
1618 847 1686 882 ἡμῖν
1722 843 1779 873 ἔστι
1805 843 1909 883 διατρί-

1079 888 1147 925 Εειν,
1169 890 1232 918 ἀλλ’
1256 891 1274 925 ἢ
1299 891 1326 922 ἐς
1350 891 1411 918 ὅσον
1443 892 1602 926 ἀνακινῆσαι
1631 893 1689 922 τοῖς
1719 889 1909 929 ἀκροωμένοις

1079 936 1129 970 τὴν
1147 936 1272 972 μνήμην,
1301 934 1363 963 ούδὶ
1392 934 1485 967 ἄλλως
1509 934 1705 968 καθεύδουσαν.
1734 933 1836 966 Οὐδεὶς
1862 935 1909 972 γὰρ

1081 979 1167 1011 οὕτως
1185 979 1317 1015 ὑπνηλὸς,
1333 980 1370 1012 ὡς
1385 981 1516 1008 ἀπολίσαι
1541 981 1591 1015 τήν
1617 980 1642 1007 ἐν
1656 980 1764 1011 τούτοις
1779 979 1912 1018 ἐγρήγορ-

1081 1035 1133 1054 σιν.
1161 1024 1251 1053 Ἀλλὰ
1278 1024 1340 1052 τότε
1377 1025 1424 1062 μὲν
1461 1026 1579 1062 ἀκμαῖος
1602 1026 1635 1060 ἦν
1659 1025 1708 1059 τὴν
1730 1024 1845 1062 ῥώμην,
1871 1024 1912 1051 καὶ

1081 1067 1146 1106 ἔργα
1178 1069 1290 1106 μέγιστα
1316 1069 1362 1106 μὶν
1378 1091 1384 1103 ,
1410 1069 1463 1097 ἀπὸ
1487 1069 1615 1106 σώματος
1640 1068 1663 1096 δ’
1688 1068 1777 1096 ἐκεῖνα
1802 1068 1912 1096 εὐτόνου

1079 1113 1124 1140 καὶ
1153 1116 1202 1147 τῆς
1231 1115 1409 1152 στοιχειακῆς
1438 1113 1558 1152 κράσεως
1594 1114 1622 1140 εὗ
1660 1111 1794 1151 ἔχοντος·
1823 1114 1858 1140 τὰ
1885 1112 1912 1139 δὲ

1080 1157 1160 1185 είσὲτι
1185 1157 1315 1196 ἔναγχος,
1342 1159 1383 1190 οἷς
1403 1160 1420 1193 ἡ
1435 1160 1483 1185 τοῦ
1499 1156 1635 1186 Κλαυδίου
1650 1160 1734 1195 γραῦς
1756 1157 1844 1187 πόλις
1858 1157 1912 1185 ἐνε-

1079 1202 1285 1238 καλλωπίσατο,
1312 1203 1382 1230 ἀλλο
1406 1205 1487 1230 τοῦτο
1501 1204 1601 1240 θαῦμα,
1626 1203 1667 1230 ὅτι
1683 1203 1727 1230 καὶ
1756 1204 1910 1240 στρατηγοῦ

1079 1245 1146 1284 ἔργα
1162 1246 1249 1274 ἐκεῖνα
1274 1247 1324 1275 οὐκ
1346 1248 1546 1284 εύθηνουμένου
1572 1247 1611 1278 εἷς
1631 1247 1744 1282 εὐεξίαν,
1770 1246 1839 1274 ἀλλ’
1854 1246 1908 1274 οἵου

1079 1291 1159 1327 ἀξίως
1180 1291 1253 1329 ἔχειν
1273 1292 1452 1328 τημελεῐσθαι
1476 1292 1521 1319 καὶ
1545 1295 1705 1328 νοσοκομεῖν
1731 1292 1839 1326 ἑαυτὸν,
1867 1291 1909 1319 καὶ

1080 1335 1271 1368 ἀνακαλεῖσθαι
1300 1337 1331 1364 τὸ
1361 1340 1410 1371 τῆς
1443 1336 1541 1375 ὑγιείας
1566 1335 1703 1369 ἀπελθόν·
1735 1336 1780 1364 ὅτε
1806 1336 1853 1364 καὶ
1877 1336 1907 1370 ἦν

1079 1380 1152 1417 ἀγὼν
1168 1381 1272 1420 φύσεώς
1296 1391 1326 1408 τε
1340 1381 1386 1408 καί
1411 1380 1541 1416 σπουδῆς·
1567 1385 1617 1416 τῆς
1643 1381 1691 1418 μὲν
1718 1382 1775 1408 οἷον
1805 1381 1908 1409 ὑπολα-

1080 1424 1182 1460 λούσης
1199 1424 1334 1463 φείδεσθαι
1362 1426 1468 1460 ἑαυτοῦ,
1492 1429 1544 1461 τῆς
1566 1424 1595 1453 δὲ
1620 1427 1744 1462 θνήσκειν
1769 1426 1840 1463 ὑπὲρ
1862 1427 1908 1453 τοῦ

1078 1472 1188 1499 κοινοῦ.
1215 1469 1266 1498 Καὶ
1291 1470 1325 1504 ἦν
1352 1470 1383 1497 τὸ
1409 1469 1505 1498 πλεῖον
1534 1469 1663 1504 ἐνταῦθα,
1687 1470 1733 1498 καὶ
1758 1471 1777 1505 ἡ
1807 1468 1908 1503 σπουδὴ

1078 1513 1177 1548 ἐξενίκα
1190 1515 1240 1548 τήν
1257 1514 1345 1553 φύσιν.
1366 1515 1415 1542 Καὶ
1444 1516 1458 1550 ἡ
1477 1515 1524 1551 ita:
1540 1515 1671 1550 νοσήλιος
1701 1514 1784 1549 κλίνη
1818 1515 1906 1553 ἀφίετο

1078 1557 1117 1589 είς
1132 1560 1221 1595 θαῦμα
1246 1562 1304 1590 τοῖς
1321 1558 1479 1597 βλέπουσιν,
1500 1559 1586 1590 ’ίππος
1601 1558 1629 1586 Si
1643 1559 1689 1586 τὸν
1718 1559 1906 1596 αὐτοκράτορα

1078 1601 1170 1642 ἔφερεν
1196 1603 1227 1630 ού
1262 1604 1485 1641 γυμναστήριος,
1521 1603 1552 1631 οὖ
1575 1604 1619 1631 καὶ
1651 1603 1734 1640 μόνου
1766 1603 1850 1641 χρεία
1876 1605 1905 1637 ἦν

1077 1645 1154 1684 ἀνδρὶ
1172 1647 1242 1675 οὕτω
1269 1648 1424 1684 καταπόνῳ,
1448 1647 1520 1675 ἀλλὰ
1536 1648 1658 1686 μάχιμον
1687 1648 1902 1686 φρυαττόμενος,

1076 1692 1121 1719 καὶ
1151 1690 1328 1720 δια-τινάσσων
1357 1693 1403 1720 τὸν
1429 1690 1559 1728 ἐπιϐάτην
1589 1692 1626 1723 εἷς
1657 1691 1805 1731 ἐναγώνιον
1825 1702 1831 1708 ⁸
1865 1692 1905 1719 καὶ

1075 1736 1188 1774 προέθεε
1200 1739 1255 1764 τῶν
1271 1737 1376 1764 λοιπῶν
1393 1738 1437 1764 καὶ
1451 1736 1533 1764 πάλιν
1547 1737 1561 1764 ὁ
1591 1737 1743 1774 στρατηγὸς
1770 1737 1903 1773 αὐτοκρά-

1076 1791 1132 1819 τωρ
1156 1780 1266 1818 ἀνδρίαν
1295 1781 1392 1815 πνέων,
1419 1781 1457 1814 ὡς
1482 1779 1557 1820 εἴπερ
1587 1781 1637 1809 οὐκ
1664 1782 1718 1809 ἀπὸ
1747 1780 1902 1816 νοσηλιίας,

1078 1825 1150 1853 ἀλλὰ
1180 1828 1285 1862 μακρᾶς
1313 1826 1488 1857 ἀναπαύσεως
1514 1824 1618 1861 ἤλαυνε
1635 1835 1641 1842 ·
1678 1825 1723 1853 καὶ
1762 1826 1902 1862 μανθάνων

1077 1870 1171 1907 χερσὶν
1198 1869 1303 1908 ὀλίγαις
1319 1870 1388 1907 πρὸς
1415 1871 1592 1908 μυριόχειρας
1609 1870 1715 1909 ἀρτύειν
1730 1871 1781 1905 τήν
1797 1869 1903 1910 ἓφοδον,

1077 1914 1121 1942 ἐπὶ
1153 1912 1258 1950 μᾶλλον
1285 1914 1322 1946 εἷς
1348 1915 1502 1952 προθυμίαν
1530 1915 1692 1953 προέκοπτι,
1716 1915 1748 1943 τὸ
1776 1915 1817 1946 εἰς
1846 1916 1905 1942 Θεὸν

1076 1956 1305 1997 προϐεϐλημένος
1319 1960 1426 1996 θάρσος·
1459 1959 1481 1996 ᾧ
1498 1962 1626 1998 συζυγῶν
1653 1960 1698 1987 καὶ
1713 1960 1744 1987 τὸ
1765 1960 1848 1996 μενος
1862 1959 1903 1986 τὸν

1080 2004 1145 2042 ὑπὲρ
1171 2006 1251 2041 ἡμῶν
1277 2005 1376 2044 φόρτον
1402 2003 1568 2042 συνδιέφερε.
1594 2006 1646 2033 Καὶ
1669 2005 1762 2032 τοίνυν
1794 2004 1904 2040 ἤνυσται

1077 2046 1234 2086 προσϐολῇ,
1263 2050 1368 2086 πρώτῃ,
1385 2048 1400 2076 ὅ
1425 2060 1466 2080 τις
1496 2048 1558 2077 οὐδὲ
1577 2049 1622 2077 ἐπὶ
1650 2051 1712 2077 νοῦν
1734 2047 1834 2077 ἔλαϐεν
1863 2050 1902 2083 ἂν,

1077 2096 1180 2124 πτῶσις
1193 2096 1247 2121 τῶν
1263 2093 1454 2131 θαρῤησάντων
1470 2094 1501 2121 τὸ
1512 2097 1562 2128 τῆς
1580 2095 1673 2132 μάχης
1686 2094 1903 2131 ἀντιπρόσωπον,

1078 2138 1150 2176 φυγὴ
1167 2140 1219 2164 τῶν
1234 2136 1291 2165 ὅσοι
1307 2138 1529 2176 προμηθέστερον
1545 2136 1627 2176 ἓσχον
1643 2140 1691 2165 τοῦ
1709 2140 1769 2175 ζῇν,
1784 2138 1824 2169 είς
1841 2137 1905 2164 πολ-

1051 2174 1061 2182 .
1078 2174 1128 2213 λάς
1146 2182 1192 2219 μὲν
1209 2174 1370 2220 χιλιοστύας
1386 2174 1597 2222 κορυφούμενοί,
1609 2180 1812 2214 κολοϐωϐἐντες
1828 2181 1857 2210 δὲ
1869 2184 1904 2217 τῷ

1077 2226 1183 2254 πλείονι
1198 2230 1248 2262 τῆς
1264 2230 1400 2265 στρατιᾶς.

1115 2279 1160 2315 ἔθ’.
1177 2281 1269 2308 Ταῦτα
1282 2280 1320 2312 εἰς
1337 2279 1456 2309 διάνοιαν
1479 2280 1706 2318 ἁνασκάλλοντες,
1731 2281 1776 2309 καὶ
1801 2281 1851 2308 ὅσα

1078 2324 1222 2364 συστοιχίᾳ
1245 2324 1329 2362 ταύτῃ
1365 2331 1487 2361 συνθιτα,
1517 2325 1567 2353 οὐκ
1593 2324 1696 2363 ἔχομεν
1729 2325 1803 2356 ὅπως
1818 2325 1849 2353 οὐ
1866 2323 1904 2352 διὰ

1079 2371 1183 2406 μακροῦ
1206 2373 1324 2402 πενθεῖν·
1347 2371 1392 2398 καὶ
1416 2371 1462 2398 τὸν
1492 2370 1575 2410 τάφον
1605 2372 1823 2408 περιιστάμενοι,
1857 2370 1899 2397 τὸν

1075 2413 1206 2442 τοσούτου
1234 2414 1419 2452 καλυμπτῆρα
1455 2415 1561 2451 καλοῦ,
1587 2414 1739 2453 ἐξαγόμεθα
1766 2415 1811 2442 καὶ
1840 2415 1903 2451 πρὸς

1077 2457 1194 2492 οἷδιτους,
1219 2459 1245 2486 Ol.
1261 2460 1473 2497 παραμιοεῖσθαι
1498 2459 1543 2486 καὶ
1568 2456 1679 2497 ’Ξτὲρους
1700 2459 1838 2499 ὀφειλέται
1863 2457 1904 2485 ὄν-

1075 2513 1128 2534 τες.
1158 2503 1207 2530 Καὶ
1224 2502 1256 2538 ὣ,
1287 2504 1386 2541 φαμὲν,
1404 2503 1466 2532 ὅποι
1479 2505 1664 2540 κατήντησας,
1680 2504 1713 2532 τὸ
1732 2504 1822 2532 κοινὸν
1839 2505 1902 2540 ἡμῖν

1076 2548 1202 2586 ἀγαθῶν;
1231 2549 1312 2575 Ὅποι
1342 2549 1410 2587 πρὸς
1439 2547 1565 2584 αἴσθησιν
1587 2549 1793 2587 περιγέγραψαι,
1822 2548 1837 2575 ὁ
1861 2547 1902 2575 καί

1075 2591 1191 2630 πληρῶν
1218 2592 1253 2620 τὸ.
1280 2592 1366 2621 πάντα
1382 2592 1529 2630 θαύματος,
1561 2594 1601 2624 οἷς
1627 2592 1835 2632 ἠνδραγαθίζου,
1859 2590 1903 2619 καὶ

1075 2636 1232 2674 πληρώσων
1265 2637 1417 2672 alat-tremat;
1457 2639 1529 2669 Ἓως
1559 2637 1600 2673 εἴη
1636 2637 1666 2665 δὲ
1689 2639 1754 2670 Θεὸς
1775 2637 1900 2664 ἐπινεύων

1074 2683 1133 2712 τοῖς
1147 2679 1253 2720 λόγοις,
1282 2683 1296 2710 ὁ
1321 2682 1406 2714 καλὸς
1421 2681 1565 2717 λεοντιὸἠς
1597 2682 1724 2720 βασιλεὺς
1748 2681 1901 2721 κραταιωθῇ

1074 2725 1138 2757 τοὺς
1154 2723 1267 2764 ὄνυχας,
1284 2727 1322 2758 ὡς
1348 2727 1394 2754 καὶ
1420 2727 1558 2764 ἂμπείρειν
1586 2726 1659 2765 ἔχειν
1677 2730 1735 2759 υοῖς
1749 2726 1807 2754 καθ’
1822 2726 1902 2761 ἡμῶν

1076 2771 1179 2809 ὀργῶσι
1197 2770 1316 2808 θηρίοις.
1342 2771 1418 2804 Τίως
1439 2772 1491 2810 γὰρ
1517 2772 1675 2809 βρυχηθμῷ
1701 2770 1900 2807 διοικονομεῖτο

1074 2815 1231 2843 τὰτοιαῦτα
1257 2815 1394 2854 βασιλικῷ
1421 2816 1466 2844 καὶ
1495 2818 1633 2855 σταθεραῖς
1658 2814 1830 2854 ἐπαγγελίαις
1854 2813 1899 2841 τοῦ

1078 2858 1240 2898 μίλλοντος.
