2026 3156
118 171 206 203 1025

554 169 757 202 MANUELIS
777 169 953 200 COMNENI
975 169 1174 201 LAUDATIO
1196 169 1402 201 FUNEBRIS.

1754 172 1833 203 1026

162 237 196 264 ο’.
213 235 263 269 Καὶ
295 235 348 272 μὴν
373 236 391 270 ἡ
412 234 544 266 κοινωνός
569 245 612 262 σοι
639 234 684 262 καὶ
717 234 778 272 βίου
807 233 852 261 καὶ
878 234 955 271 βασι-

1045 235 1090 262 70.
1107 235 1141 262 Et
1156 237 1232 263 certe
1247 236 1412 264 communis
1437 237 1490 264 tibi
1513 237 1589 270 vitae,
1612 237 1694 273 regni
1718 240 1747 266 et
1761 246 1833 274 pru-

120 280 215 315 λείας,
244 280 289 308 καὶ
320 279 450 311 συνέσεως
475 279 557 317 ἄκρας
591 278 723 317 μέτοχος,
752 279 796 306 καὶ
827 278 868 314 (τὸ
902 281 954 305 πᾶν

118 325 260 361 συνελεῖν)
284 324 394 362 βασιλεῖ
417 323 488 351 οὕτω
514 323 624 362 μεγάλῳ
649 324 687 354 είς
715 320 867 360 συμϐίωσιν
897 323 955 350 ἐπι-

120 370 279 408 πρέπουσα,
308 368 352 396 καὶ
395 367 562 405 συμπάρεστι
604 370 644 404 τῷ
677 368 729 404 νέῳ
765 367 955 405 αὐτοκράτορι,

121 415 173 441 καὶ
201 414 288 441 πάντα
317 411 398 448 οἶδεν,
427 413 467 443 οἷς
505 412 652 449 οἰκουμένη
691 414 879 450 κατορθοῦται,
907 412 956 446 τῆς

121 460 179 493 σῆς
205 456 360 494 ἀποναμένη
386 458 432 484 καὶ
463 458 607 493 μαθήσεως
637 456 681 484 καὶ
712 457 855 493 μιμήσεως
873 465 880 472 ·
909 455 955 483 καὶ

120 503 160 529 τὰ
175 500 338 529 διδασκάλια
361 501 451 540 ἔργοις
475 500 681 539 προϊσχομένη,
699 501 748 528 οὐκ
772 500 801 528 ἄν
826 500 887 538 ἔχοι
916 500 953 536 μὴ

122 546 178 574 οὐκ
193 545 231 577 εἷς
246 547 276 574 τὸ
292 548 342 573 πᾶν
367 549 570 584 κατευστοιχεῖν
595 548 646 573 τοῦ
666 545 862 585 κοινωφελοῦς.
879 543 956 573 Ἀλλ’

121 593 211 628 ἡμεῖς
227 590 271 618 καὶ
300 593 363 618 νοῦν
388 591 434 627 μὲν
459 590 600 628 βασιλικὸν
618 589 748 627 ἐθέλομεν
762 590 855 617 καὶτὰ
884 589 955 616 ἐκεῖ-

123 642 171 667 θεν
200 634 295 673 ἀγαθά·
311 637 449 672 ποθοῦμεν
480 633 509 662 δὲ
535 635 579 662 καὶ
607 634 725 669 ὁπλίτην
753 634 821 662 κατὰ
849 634 889 670 σὲ,
910 631 956 660 καῖ

123 682 224 718 χεῖρας
255 678 328 707 οὕτω
355 679 490 717 γενναίας,
510 679 555 706 καὶ
579 679 702 716 Ἀρεϊκὸν
732 678 862 715 ἀτένισμα
888 678 956 715 πρὸς

121 725 156 752 τὸ
187 723 348 762 ἀντίμαχον,
361 725 406 751 καὶ
435 722 569 761 ἀνδρῶδες
597 721 712 760 ἔξαλμα,
728 723 774 750 καὶ
803 723 882 761 χύσιν
912 723 954 749 αἱ·

126 769 235 806 μάτων,
252 770 293 800 οῖς
323 768 425 807 ἀνοίγει
439 769 471 796 τὸ
501 768 588 807 ῥεῦμα
613 766 734 805 σίδηρος,
750 767 828 806 χερσὶ
846 765 954 805 βασιλι-

123 816 188 845 καῖς
205 813 394 850 ιύθυνόμενος.

165 865 322 901 οα’.Ἒδυς,
349 867 372 893 ὦ
394 865 502 903 μέγιστε
529 865 640 903 βασιλεῦ
661 865 735 900 ἥλιε.
762 865 810 892 Καὶ
835 867 878 891 νῦν
906 864 953 901 μὲν

1010 279 1115 307 dentis;
1146 288 1268 308 summae
1296 281 1443 317 particeps
1472 284 1500 309 et
1529 283 1572 318 (ut
1598 283 1699 318 paucis
1726 283 1833 319 dicam)

1010 323 1070 359 regi
1087 327 1168 351 tanto
1184 324 1321 353 societate
1345 325 1632 360 convenientissima,
1658 328 1766 362 pariter
1782 328 1834 362 ju-

1011 367 1084 395 niori
1101 369 1198 396 adstat
1212 369 1391 405 imperatori,
1408 372 1437 397 et
1453 373 1557 398 cuncta
1572 371 1651 398 novit
1666 372 1774 407 quibus
1791 381 1834 400 re-

1010 412 1088 448 gitur
1102 413 1193 447 orbis,
1209 415 1269 446 tua,
1288 413 1385 442 fruens
1403 414 1594 442 instructions
1610 417 1638 442 et
1653 415 1834 450 imitatione;

1009 459 1039 484 et
1053 457 1228 485 documenta
1260 459 1296 486 ab
1325 459 1461 493 operibus
1490 459 1641 493 exhibens,
1670 469 1728 487 non
1744 460 1834 488 habe-

1010 503 1055 529 ret
1070 510 1126 538 qua
1142 511 1199 530 non
1213 501 1243 530 in
1265 502 1403 530 omnibus
1429 503 1538 538 publici
1563 503 1710 532 commodi
1726 503 1833 532 lineam

1010 546 1093 582 sequi
1110 549 1252 583 pergeret.
1267 547 1322 574 Sed
1344 556 1397 575 nos
1421 547 1553 575 animum
1577 548 1696 583 quidem
1723 549 1832 584 regium

1009 590 1156 626 volumus,
1172 594 1200 619 et
1215 591 1290 619 bona
1302 599 1367 628 qua?
1380 591 1447 620 inde
1458 591 1607 628 proﬂuunt
1621 601 1627 620 :
1640 594 1777 629 cupimus
1788 601 1835 621 ve-

1009 643 1041 663 ro
1057 635 1227 664 bellatorem
1244 636 1320 664 sicut
1335 639 1371 670 te,
1384 639 1443 664 tam
1456 637 1544 664 fortes
1561 645 1677 669 manus,
1694 638 1832 665 martium

1009 677 1039 705 in
1056 678 1169 706 hostem
1185 679 1310 714 vultum,
1335 679 1447 707 virilem
1471 679 1613 715 impetum
1631 682 1659 707 et
1680 681 1832 716 sanguinis

1009 723 1193 758 ett‘usionem,
1210 725 1296 759 cujus
1311 732 1430 752 cursum
1448 724 1542 760 aperit
1565 725 1674 752 ferrum
1696 724 1832 752 manibus

1009 767 1097 802 regiis
1113 768 1184 795 scite
1200 768 1354 796 directum.

1044 867 1088 894 71.
1107 866 1256 900 Occidisti,
1272 875 1288 894 ο
1304 867 1429 894 maxime
1445 875 1493 895 rex
1510 867 1562 895 sol.
1576 869 1607 895 Et
1623 875 1700 895 nunc
1713 868 1833 903 quidem

126 913 145 945 ἡ
164 911 198 945 σὴ
215 910 316 946 σελήνη
334 913 475 949 φωσφορεῖ
502 913 561 941 τοῖς
590 911 652 947 περὶ
679 913 742 947 γῆν,
762 909 876 946 μέλαινα
906 909 952 958 μὲν

1013 909 1079 938 luna
1095 913 1145 938 tua
1161 911 1197 938 iis
1213 912 1262 946 qui
1279 914 1349 938 sunt
1365 919 1453 946 super
1468 914 1588 944 terram,
1600 911 1694 939 lucem
1711 912 1833 947 spargit,

125 958 169 992 τῷ
184 966 213 983 τε
227 955 352 991 πενθίμῳ
366 955 441 992 ζόφῳ
457 955 501 982 καὶ
516 957 556 991 τῷ
580 954 792 993 προφαινομένῳ
816 953 854 988 δὲ,
870 952 954 981 καλὸν

128 999 159 1027 δὲ
180 1000 226 1027 καὶ
248 999 377 1038 φεραυγὶς
399 999 627 1037 ἀπαστράπτουσα
651 1002 710 1030 τοῖς
737 998 887 1037 βασιλείοις
915 997 955 1025 ἐν·

129 1045 203 1076 θέοις
231 1042 357 1072 κάλλεσι.
390 1043 438 1071 Καὶ
467 1045 644 1082 φωσφορήσοι
673 1042 701 1071 δὲ
727 1043 757 1070 οὐ
795 1043 862 1070 κατᾶ
892 1042 955 1074 τοὺς

130 1089 181 1126 ὀψὶ
211 1087 333 1124 θύοντας,
351 1088 414 1116 ἀλλ’
430 1087 468 1119 εἲς
497 1087 603 1122 ἄδυτον,
626 1086 700 1125 εἷίπερ
726 1087 795 1114 ἔστιν
822 1086 953 1122 εὔξασθαι.

127 1133 196 1167 Δοίη
213 1131 241 1160 δί
267 1132 331 1163 Θεὸς
359 1132 403 1159 καὶ
427 1133 473 1160 τὸν
496 1132 576 1166 ἥλιον
601 1134 696 1159 τοῦτον
715 1131 804 1160 ἐλθεῖν
827 1132 864 1162 εἰς
893 1131 955 1159 ὅσον

129 1178 274 1214 μήκιστον,
290 1177 381 1204 καὶτὸ
401 1176 484 1204 καλὸν
505 1178 572 1213 ἡμῖν
603 1176 674 1204 οὕτω
693 1175 893 1211 πληθυνθῆναι,
909 1175 954 1202 ναὶ

130 1222 184 1249 ὑπὸ
214 1221 283 1260 φωτὶ
313 1219 412 1259 διάγειν
443 1221 617 1258 ἑκατέρωθεν,
647 1221 661 1248 ὃ
693 1219 828 1257 διαδοχήν
858 1218 956 1247 οὔκουν

130 1266 223 1302 ὲτάραν
239 1264 308 1293 οἶδεν
324 1265 342 1300 ἢ
357 1266 406 1300 τὴν
423 1265 638 1302 εὖτακτουμὲνην
655 1265 684 1292 ἐκ
697 1265 812 1303 φύσεως.

168 1351 219 1383 οϐ’.
235 1355 267 1381 Ὢ
280 1355 377 1392 τάφος,
392 1354 424 1381 τὸ
450 1357 499 1388 τῆς
525 1353 630 1391 φύσεως
656 1353 810 1389 ἀπάνθισμα
838 1351 954 1388 κρύψας,

133 1397 156 1426 ὣ
170 1399 201 1426 τὸ
224 1400 274 1433 τῆς
298 1399 454 1437 φρονήσεως
477 1397 581 1429 πλάτος
609 1397 762 1433 συστείλας,
782 1397 804 1424 ὣ
829 1396 954 1434 συγκλεί-

131 1452 179 1473 σας
207 1443 253 1470 τὸν
283 1441 450 1477 ἀεικίνητονὶ
468 1441 518 1470 οὐκ
544 1440 599 1469 ἔδει
627 1442 756 1476 τοιαύτην
779 1444 819 1478 τῷ
848 1440 956 1478 βασιλεῖ

136 1486 386 1522 ἀποτιλευτηθῆναι
415 1486 502 1514 αὐτῶν
535 1489 644 1523 μακρῶν
672 1486 761 1513 πόνων
787 1484 954 1513 ἀνάπαυλαν.

132 1530 208 1560 Ἐδιι
235 1532 300 1562 τοὺς
329 1530 450 1568 μακροὺς
474 1530 613 1567 καμάτους
641 1530 779 1558 παύσαντα
803 1530 862 1557 καθ’
888 1530 954 1564 ἡσυ-

132 1576 194 1614 χίαν
224 1578 325 1612 μεῖναι,
353 1576 398 1602 καὶ
431 1575 494 1606 τοὺς
530 1574 644 1611 ἱδρῶτας
678 1575 879 1611 ἀποψήσασθαι,
908 1573 953 1600 καὶ

133 1608 190 1658 βίον
218 1608 371 1647 έιατελίσαι
401 1619 494 1656 ῥᾴονα,
516 1608 572 1647 εἶτα
598 1620 642 1647 καὶ
673 1619 710 1650 εἰς
740 1608 791 1654 την
830 1608 989 1656 ἔμφροναα

133 1664 273 1703 ῥᾳστώνην
289 1674 334 1691 και
355 1663 458 1691 ἄλυπδν
484 1664 690 1699 μετατάξασθαι.
708 1664 738 1692 Ὀ
764 1662 792 1691 δὲ
813 1663 877 1700 χθὲς
902 1673 954 1689 που

131 1709 166 1736 τὰ
187 1707 309 1744 πολέμια
333 1707 552 1745 παγκρατιάζων,
576 1709 620 1735 καὶ
647 1710 774 1735 τοσοῦτον
799 1707 899 1739 ἀνεθεὶς
915 1707 954 1745 ἐφ’

134 1752 195 1781 ὅσον
219 1753 448 1791 στεφανώσασθαι,
472 1753 560 1791 ἀφῆκε
589 1753 635 1789 μὶν
658 1754 705 1783 τὰς
730 1753 790 1789 περὶ
807 1756 858 1789 γῆν
875 1762 954 1789 στρα-

134 1798 190 1829 τιὰς
205 1797 250 1824 καὶ
266 1795 404 1833 δυνάμεις,
420 1799 473 1824 τῶν
487 1796 516 1824 δὲ
531 1797 659 1824 ἀνωτάτω
674 1797 795 1835 γέγονεν.

168 1887 216 1924 ογ’.
232 1887 262 1913 Ὦ
291 1885 417 1924 κράτιστε
445 1885 603 1924 βασιλεΰ,ὧ
626 1886 756 1914 κάλλιστε
781 1886 827 1923 μὲν
853 1896 956 1924 προφα-

134 1934 219 1966 νῆναι,
249 1931 341 1969 ἄριστε
370 1929 398 1958 δὶ
427 1931 537 1969 πρᾶξαι,
565 1931 649 1959 εἰπεῖν
678 1930 706 1959 δὲ
734 1930 844 1966 ἥδιστε·
870 1931 896 1958 τί
921 1930 953 1966 δή

134 1985 198 2003 ποτε
224 1975 461 2013 ἀποκρυψάμενος,
487 1977 599 2002 τοιαῦτα
630 1975 702 2003 καλά
732 1976 953 2012 συναπὲκρυψας;

135 2020 235 2051 Σεπτὸς
264 2020 278 2047 ὁ
307 2019 374 2047 κατὰ
403 2020 431 2046 σὶ
458 2019 552 2056 τάφος,
582 2022 707 2046 τοιοῦτον
739 2019 791 2046 ἔσω
829 2019 954 2056 κρύπτων

134 2063 225 2102 ἄνδρα,
254 2064 285 2091 οὗ
315 2062 385 2100 μηδὲ
411 2065 465 2094 πᾶς
489 2063 666 2099 ὁκαθ”ἱ“,μᾶς
695 2063 796 2100 κόσμος
824 2064 954 2100 ἀντάξιος.

135 2108 232 2146 Πικρὸς
249 2109 360 2145 ὁτάφος
390 2108 480 2143 οὗτος,
496 2107 625 2140 τοιαύτην
656 2108 800 2145 ἀπαγαγὼν
831 2107 856 2143 ἐξ
876 2108 957 2135 diriv-

133 2164 184 2181 των
204 2152 372 2190 γλυκύτητα.
388 2151 458 2186 Ἤδη
474 2162 514 2183 τις
541 2150 604 2178 ἷδὼν
622 2152 658 2183 ὡς
683 2151 727 2179 ἐπὶ
748 2150 865 2188 σίμϐλον
891 2151 952 2190 δρα-

136 2201 225 2234 μεῖται
252 2199 360 2233 τοῦτον,
382 2197 525 2235 τρυγήσων
552 2199 601 2224 τοῦ
628 2195 704 2224 ἔνδον
734 2197 857 2234 μέλιτος·
891 2197 955 2224 ἀπε-

134 2243 254 2271 λεύσεται
270 2241 299 2269 δὲ
313 2241 404 2280 χολὴν
429 2240 544 2277 σπάσας,
559 2241 668 2279 πικρίας
685 2242 729 2269 καὶ
753 2241 873 2279 θλίψεως
897 2242 954 2269 κὲν-

1011 955 1094 990 nigra
1110 956 1229 991 quidem
1261 955 1404 984 luctuosis
1433 959 1462 984 et
1492 956 1733 992 praefulgentibus
1753 958 1834 984 tene-

1009 1000 1081 1031 bris,
1098 1000 1239 1036 speciosis
1266 1008 1331 1028 vero
1358 1000 1513 1036 fulgurans
1538 1001 1711 1035 luminibus,
1739 1000 1835 1036 regias

1010 1044 1182 1079 divinaeque
1209 1044 1346 1072 amittens
1383 1047 1573 1072 venustates.
1603 1045 1743 1072 Goruscet
1776 1052 1833 1072 non

1009 1089 1172 1116 secundum
1189 1091 1269 1116 astra
1284 1097 1347 1124 quis
1364 1097 1428 1116 sero
1443 1089 1591 1122 occidunt,
1608 1089 1658 1116 sed
1675 1097 1738 1124 quae
1754 1097 1836 1116 occa-

1009 1141 1075 1160 sum
1094 1134 1236 1167 nesciant,
1252 1133 1274 1160 si
1291 1134 1332 1161 sic
1350 1135 1460 1169 precari
1478 1134 1571 1160 liceat.
1589 1134 1640 1161 Det
1655 1133 1732 1160 Deus
1744 1136 1772 1161 et
1787 1141 1835 1161 so-

1009 1177 1066 1205 lem
1082 1178 1170 1205 istum
1188 1178 1215 1204 in
1234 1186 1322 1214 quam
1335 1178 1542 1213 longissimum
1556 1181 1671 1213 tempus
1685 1178 1833 1213 progredi,

1009 1221 1178 1258 bonumque
1194 1223 1278 1250 nobis
1294 1222 1336 1250 sic
1352 1222 1558 1258 multiplicare,
1573 1224 1601 1249 et
1612 1222 1666 1250 sub
1678 1222 1742 1249 lure
1755 1224 1835 1250 utra-

1010 1274 1066 1302 que
1081 1267 1241 1300 traducere,
1272 1267 1348 1302 quod
1379 1267 1595 1294 successionem
1626 1266 1712 1293 aliam
1743 1266 1836 1294 nescit

1009 1318 1097 1346 quam
1116 1314 1193 1338 recte
1205 1319 1222 1338 a
1237 1315 1343 1338 natura
1357 1311 1562 1346 compositam.

1044 1355 1090 1382 72.
1112 1355 1133 1382 0
1149 1355 1272 1386 tumule.
1285 1358 1396 1383 naturae
1409 1355 1510 1382 ﬂorem
1521 1354 1632 1388 celans,
1644 1364 1660 1383 ο
1672 1354 1834 1391 prudentiae

1010 1397 1195 1426 latitudinem
1203 1402 1403 1432 coarctans,eu
1410 1407 1496 1434 mque
1503 1400 1552 1435 qui
1561 1408 1676 1435 semper
1684 1399 1713 1426 in
1721 1399 1835 1427 actione

1009 1445 1071 1470 erat
1086 1444 1233 1471 condens:
1252 1452 1307 1471 non
1324 1444 1412 1471 talem
1430 1444 1489 1478 regi
1506 1443 1657 1479 oportebat
1678 1443 1832 1479 longorum

1009 1486 1143 1514 laborum
1160 1487 1288 1522 requiem
1306 1495 1338 1515 ac
1354 1488 1441 1514 ﬁnem
1455 1487 1587 1522 prmberi.
1606 1488 1716 1523 Longas
1729 1487 1832 1523 fatiga-

1009 1531 1103 1557 tiones
1120 1530 1324 1558 terminantem
1349 1531 1500 1565 oportebat
1515 1530 1543 1557 in
1557 1530 1772 1566 tranquillitate
1787 1539 1831 1558 re-

1010 1575 1166 1608 mansisse,
1191 1575 1312 1602 sudores
1336 1575 1466 1606 tersisse,
1490 1574 1580 1602 vitam
1605 1575 1764 1602 dulciorem
1781 1576 1832 1602 de-

1008 1619 1096 1654 gisse,
1109 1620 1213 1647 deinde
1224 1619 1252 1646 in
1265 1619 1384 1654 sapiens
1395 1619 1625 1654 zegritudineque
1636 1619 1715 1646 omni
1726 1627 1832 1647 vacans

1009 1663 1102 1690 otium
1128 1667 1271 1691 mutatam
1301 1668 1407 1691 sortem
1438 1668 1582 1698 gustasse.
1609 1665 1662 1696 Qui
1693 1672 1758 1691 vero
1779 1664 1832 1691 he-

1009 1707 1033 1734 ri
1050 1707 1171 1735 torsitan
1187 1717 1201 1735 e
1216 1707 1300 1735 bellis
1315 1709 1406 1735 victor
1423 1708 1597 1743 procedebat
1613 1711 1640 1734 et
1657 1710 1770 1736 tantum
1786 1716 1833 1736 re-

1010 1752 1164 1780 laxationis
1193 1753 1368 1786 obtinuerat,
1398 1756 1540 1788 quantum
1567 1753 1698 1780 coronari
1726 1753 1833 1788 dignus

1010 1800 1088 1825 esset
1097 1799 1248 1825 terrestres
1255 1798 1373 1833 quidem
1381 1798 1524 1825 exercitus
1532 1800 1749 1834 potestatesque
1755 1799 1835 1826 dere-

1009 1841 1106 1877 liquit,
1124 1850 1268 1877 supernas
1282 1850 1349 1870 vero
1365 1843 1488 1878 adeptus
1503 1845 1558 1870 est.

1045 1887 1090 1914 73.
1106 1887 1126 1914 0
1141 1887 1323 1914 validissime
1339 1895 1399 1921 rex,
1422 1895 1438 1914 o
1464 1887 1623 1922 procellens
1647 1888 1767 1924 quidem
1784 1888 1835 1921 qui

1010 1940 1143 1967 appares,
1161 1933 1271 1968 optime
1286 1932 1336 1968 qui
1352 1932 1426 1968 agis,
1444 1933 1539 1960 dicam
1551 1934 1637 1960 etiam
1649 1933 1834 1968 jucundissi-

1010 1984 1065 2008 me,
1082 1985 1134 2004 cur
1156 1977 1347 2004 absconditus
1372 1979 1453 2004 tanta
1479 1977 1555 2005 bona
1580 1978 1761 2006 recondisti?
1781 1978 1834 2005 Ve-

1010 2022 1158 2048 nerandus
1175 2021 1309 2048 tumulus
1326 2023 1439 2048 tantum
1456 2021 1537 2048 intus
1556 2024 1654 2057 tegens
1671 2023 1775 2055 virum,
1788 2022 1834 2049 cui

1010 2073 1062 2092 nee
1077 2065 1173 2093 omnis
1191 2068 1333 2093 terrarum
1358 2066 1438 2092 orbis
1463 2066 1692 2100 zequiparubilis.
1709 2068 1835 2093 Amarus

1011 2109 1143 2137 tumulus
1160 2110 1215 2137 iste
1231 2109 1318 2137 talem
1336 2109 1372 2136 ab
1388 2110 1525 2136 omnibus
1548 2111 1684 2137 auferens
1706 2109 1835 2137 dulcedi-

1011 2162 1088 2181 nem.
1104 2155 1169 2181 Jam
1186 2154 1286 2181 videns
1303 2153 1409 2188 aliquis
1433 2154 1517 2189 quasi
1535 2154 1569 2180 ad
1598 2154 1712 2181 alveum
1727 2156 1835 2188 curret,

1010 2198 1159 2226 internum
1175 2197 1232 2226 mel
1248 2197 1443 2230 collecturus;
1460 2198 1566 2225 hausto
1582 2206 1647 2226 vero
1660 2198 1744 2226 ttedio
1760 2199 1836 2226 redi-

1011 2243 1053 2270 bit
1068 2242 1273 2270 amaritudinis
1290 2244 1318 2269 et
1331 2242 1496 2270 at'llictionis
1526 2242 1627 2270 aculeo
1643 2245 1770 2279 punctus
1787 2252 1793 2276 ;
1810 2245 1838 2270 et

133 2298 187 2326 τρῳ
215 2287 312 2324 νυγείς·
341 2285 387 2314 καὶ
417 2288 565 2323 ψωμιεῖται
593 2285 703 2323 ὸάκρυα,
720 2289 784 2318 Τοῖς
814 2285 836 2314 δ’
862 2286 954 2316 αὐτοῖς

1013 2287 1153 2323 lacrymas
1169 2287 1289 2323 potabit.
1316 2286 1465 2321 Lacrymis
1489 2287 1554 2314 istis
1571 2295 1628 2314 non
1654 2287 1682 2314 in
1700 2295 1839 2315 mensura

134 2332 181 2360 οὐκ
203 2331 230 2359 ὲν
259 2332 351 2369 μίτρῳ
376 2330 420 2358 καὶ
446 2333 537 2358 ποτιεῖ
559 2330 661 2358 ἑαυτόν.
677 2333 709 2357 Ὠ
725 2331 800 2363 λίθος
816 2331 893 2363 οὗτος
907 2331 954 2358 τά·

134 2387 195 2416 φου,
209 2376 255 2404 τὸν
267 2373 424 2413 παντάρϐην
439 2373 492 2403 ἔσω
505 2373 581 2407 λίθον
596 2376 784 2413 κρυψάμενοςί

169 2474 217 2504 οδ¹.
233 2477 281 2502 Ἦν
309 2474 361 2512 γὰρ
387 2472 497 2507 ἀληθῶς
520 2476 580 2505 τοῖς
604 2473 713 2512 ἐχθροῖς
728 2475 874 2512 συντρέχον
891 2473 958 2502 ἰδεῖν

136 2520 188 2557 ἅμα
202 2521 312 2553 τοῦτον,
328 2518 372 2546 καὶ
385 2515 531 2555 ταρϐἤσαι,
546 2518 591 2546 καὶ
615 2518 763 2557 τραπέσθαι
792 2519 829 2551 εἰς
859 2520 957 2558 φυγὴν,

138 2564 279 2602 ἐφιεμένην
308 2563 350 2590 ἀεὶ
378 2563 432 2590 τῶν
462 2561 630 2600 ἔμπροσθεν·
656 2563 678 2590 εἰ
708 2562 736 2591 ὂὶ
763 2564 808 2592 καὶ
837 2564 957 2599 πίπτειν,

137 2607 208 2636 ἀλλά
236 2607 315 2635 τοῦτο
343 2607 437 2645 χειρὸς
466 2606 610 2643 βασιλικῆς
635 2606 724 2646 ἔργον,
742 2607 958 2646 δρυοτομούσης,

138 2654 171 2684 ὡς
196 2652 222 2680 ὲν
249 2651 348 2687 ἀξίναις
369 2651 496 2689 λόχμην,
512 2651 542 2678 τὸ
563 2654 614 2686 τῆς
640 2650 808 2690 βαρϐαρικῆς
834 2655 959 2691 στρατιᾶς

138 2697 161 2725 ἔν
186 2696 336 2732 πυκνότητι
366 2696 471 2724 λάσιον·
489 2696 515 2722 οἳ
538 2695 583 2723 καὶ
610 2696 700 2735 βραχύ
723 2709 749 2725 τι
775 2698 961 2736 ἀναψύχοντες

139 2741 246 2773 Edoni):
271 2742 341 2779 ἄρτι,
358 2740 402 2769 καὶ
435 2739 545 2778 βουλῶν
569 2741 615 2767 καὶ
642 2743 804 2779 τραυμάτων
830 2742 960 2778 ἀπηλλα-

140 2787 244 2824 γμένοι,
260 2787 297 2813 ὧν
323 2785 362 2816 sic
393 2786 475 2823 βάθος
491 2784 662 2820 ἐντετηκυίας
681 2786 729 2818 τὰς
752 2786 837 2819 οὐλὰς
866 2787 961 2826 φέρου-

142 2841 192 2868 σιν,
204 2831 281 2867 ὅμως
297 2829 354 2859 οὔτι
369 2840 422 2858 που
441 2828 487 2857 διὰ
509 2828 606 2861 τέλους
632 2830 769 2869 χαίρουσι.
785 2834 959 2870 Παραιρεῖται

1011 2334 1111 2367 potum
1128 2339 1215 2358 suum
1241 2330 1355 2358 miscet.
1373 2330 1395 2357 Ο
1424 2330 1531 2357 tumuli
1556 2335 1655 2358 sancte
1685 2331 1770 2366 lapis,
1789 2331 1837 2366 qui

1011 2376 1090 2403 intus
1103 2375 1231 2411 lapidem
1243 2373 1435 2410 sanctionem,
1448 2375 1586 2402 omnibus
1598 2375 1784 2403 formidinem
1796 2375 1839 2403 af-

1010 2421 1151 2448 ferentem
1167 2420 1300 2447 recondis
1312 2420 1317 2447 l

1045 2474 1091 2501 74.
1106 2473 1179 2501 Vere
1194 2472 1272 2501 enim
1288 2472 1318 2499 in
1336 2472 1437 2500 hostes
1466 2475 1630 2501 currentem
1657 2473 1744 2501 simul
1760 2473 1840 2501 vide-

1012 2527 1042 2546 re
1057 2527 1124 2546 eum
1140 2520 1265 2554 poteras,
1283 2519 1310 2544 et
1327 2517 1479 2544 confestim
1492 2517 1671 2552 timuisse,et
1684 2526 1841 2546 conversos

1011 2563 1041 2590 in
1060 2564 1156 2598 fugam
1174 2563 1264 2590 fuisse
1280 2569 1397 2597 semper
1411 2562 1446 2589 ad
1464 2570 1513 2589 eos
1529 2563 1577 2598 qui
1599 2563 1629 2590 in
1646 2563 1740 2590 fronte
1756 2565 1841 2590 erant

1013 2609 1191 2635 tendentem.
1206 2607 1235 2634 Si
1247 2614 1315 2633 vero
1330 2605 1419 2633 etiam
1433 2607 1636 2641 caderet,illud
1649 2615 1755 2635 manus
1766 2614 1840 2642 opus

1014 2654 1076 2680 erat
1089 2652 1184 2688 regiae,
1201 2658 1327 2687 quercus
1340 2649 1478 2684 secantis,
1490 2651 1566 2678 sicut
1577 2651 1605 2678 in
1616 2651 1769 2679 securibus
1780 2650 1840 2686 syl-

1015 2706 1088 2732 vam,
1101 2695 1243 2724 barbarici
1256 2694 1399 2722 exercitus
1411 2695 1534 2723 densata
1547 2696 1664 2731 agmina
1674 2695 1839 2728 hominum,

1015 2744 1064 2778 qui
1082 2742 1234 2779 paululum
1250 2742 1285 2769 de
1298 2749 1371 2768 novo
1382 2740 1503 2768 animati
1520 2745 1547 2769 et
1559 2741 1840 2769 consiliisimmuta-

1015 2790 1052 2816 tia
1068 2787 1298 2822 vulneribusque
1314 2794 1439 2822 quorum
1455 2786 1484 2813 in
1512 2787 1691 2822 profundum
1708 2786 1782 2814 altas
1798 2786 1840 2814 ci-

1015 2834 1137 2862 catrices
1154 2833 1282 2869 gestant,
1298 2830 1435 2860 similiter
1458 2831 1625 2860 nullatenus
1645 2839 1739 2867 usque
1753 2831 1789 2859 ad
1806 2831 1840 2859 li-
