2026 3156
210 165 223 193 Ι
228 162 287 192 037

592 159 801 191 EUSTATHH
822 157 1204 191 THESSALONICENSIS
1226 160 1519 193 METROPOLI‘I'E

1839 165 1924 195 1028

207 238 274 257 nem
284 229 422 265 gaudent.
432 229 474 256 Ab
484 228 557 264 ipsis
568 228 663 256 aufert
674 226 880 255 exsultaticnis
889 225 1017 254 elatione

1087 224 1110 252 δ’
1126 226 1217 258 αὐτοῖς
1240 227 1274 255 τὰ
1297 230 1346 255 τοῦ
1366 229 1510 266 χάρματος
1534 229 1566 256 τὸ
1584 228 1657 257 πολὺ
1686 230 1732 258 καὶ
1762 229 1921 263 ἐκπλῆττοο

207 284 314 312 magna
326 276 456 303 turbatio
471 283 505 302 ex
526 274 698 302 admirando
723 276 829 301 eventu
847 273 1031 309 proveniens,

206 321 301 348 adhuc
318 323 345 348 et
360 319 507 356 archetypi
534 319 683 346 discessus
700 318 734 346 ad
756 319 842 353 cujus
866 318 960 345 instar
974 317 1030 353 ipsi

205 365 382 393 etbnarchas
392 365 439 400 qui
448 364 522 400 apud
532 363 596 390 illos
606 362 952 398 suntclcpingivolcbaut.
965 362 1031 389 Sin-

204 410 282 446 gulis
297 409 403 445 placuit
424 407 576 435 sentcntiis
602 408 655 434 uti.
681 407 810 439 Quarum
837 407 948 442 optima
963 405 1029 438 fuit,

204 454 321 491 quod,si
337 455 437 480 tantus
452 452 526 488 ipsis
541 452 705 488 prmfuissct
716 451 845 483 dux,non
860 453 942 478 tanta
954 451 1030 478 mala

203 500 280 536 passi
295 500 402 530 essent,
419 506 506 525 omne
521 496 654 532 prmlium
672 496 794 523 victores
809 495 1030 523 commisissent

201 547 230 572 et
245 544 336 572 armis
351 543 449 570 invicti
466 542 601 570 reccnsiti
620 541 754 568 fuissent.
772 541 845 568 Nam
861 541 1028 568 considera-

201 589 273 616 bant
287 587 434 624 quomodo
450 595 506 614 non
525 586 660 613 manibus
684 593 806 621 parcens
827 585 986 620 imperator
1000 586 1028 612 et

200 633 229 660 in
240 632 383 660 incuriam
396 631 535 667 delapsus
547 638 606 657 rem
621 630 769 666 publicam
784 629 1026 663 administrabat;

200 676 373 713 plerumque
389 678 485 702 autem
503 674 640 710 periculis
656 683 687 702 se
712 675 865 709 objiciens,
884 682 1024 701 manuum

198 721 379 749 validitatem
398 722 564 747 monstrans
580 721 609 746 et
635 718 822 746 victoriarum
840 718 938 745 socius
955 727 1025 754 prae-

199 766 316 795 cellens.
334 765 409 792 Sane
425 772 500 799 smpe
515 763 608 790 voluit
624 762 689 790 belli
714 771 746 789 os
761 765 789 789 et
813 762 868 798 ipsi
898 763 931 789 ad
951 770 1026 790 mor-

198 814 256 840 tem
272 810 371 843 hiare;
397 811 426 836 et
453 808 481 835 in
512 816 545 835 eo
575 815 692 842 quoque
721 807 900 842 experientia
926 806 1026 834 docuit

198 856 275 892 quod
291 854 358 882 belli
375 854 491 881 fortuna
506 861 520 880 e
541 852 611 878 viris
638 852 784 886 optimum
811 859 928 886 semper
942 851 1024 886 eligit

198 903 226 929 et
255 900 358 927 aufert.
387 897 519 926 Pericula
543 904 610 932 ergo
639 896 668 923 in
699 895 805 928 ﬂuviis,
839 895 966 943 pericula
992 896 1021 924 in
1040 911 1062 943 Β

197 945 265 979 viis,
282 944 410 980 pericula
426 943 453 969 in
472 941 597 973 insidiis,
614 941 644 968 in
662 943 795 968 conserto
812 940 909 976 praelio
926 941 1020 977 plura,

197 1000 256 1020 non
273 998 366 1027 pauca
380 989 409 1017 in
427 987 642 1022 obsidionibus,
659 989 691 1014 ut
704 995 760 1013 uno
772 987 860 1014 verbo
876 987 1020 1022 dicamus,

197 1035 393 1072 periculorum
421 1033 520 1060 decem
552 1031 653 1065 millia,
686 1039 808 1067 quorum
839 1031 938 1059 eadem
955 1031 1021 1058 finis

198 1089 278 1109 mors
295 1081 350 1108 est.

233 1135 278 1162 75.
295 1133 366 1161 Cum
382 1139 494 1167 aequum
511 1138 566 1157 non
584 1129 623 1157 sit
638 1128 687 1157 tali
705 1131 809 1156 natura
829 1128 947 1165 gloriari
963 1129 1020 1156 fer-

198 1188 274 1212 rum,
286 1187 343 1206 nou
355 1175 494 1206 cecidisse
505 1174 649 1210 sanguine
659 1174 945 1208 imbutum,multum
956 1174 1022 1202 alie-

199 1231 303 1252 norum
320 1229 453 1249 cruorem
469 1219 676 1252 etfundens,ne
691 1219 885 1246 Barbarorum
902 1218 969 1254 quis
985 1219 1020 1246 de

197 1276 270 1296 novo
295 1274 382 1302 opera
407 1265 467 1292 hac
494 1263 553 1291 ﬁeri
579 1263 723 1296 irrideret,
749 1264 909 1291 secundum
935 1265 1019 1290 natu-

195 1319 258 1340 ram
275 1310 362 1343 cadit,
380 1308 489 1336 nemini
505 1307 636 1335 omnium
656 1308 796 1335 adversus
813 1315 843 1334 se
869 1307 942 1334 dans
958 1307 1018 1343 glo-

196 1356 267 1383 riam
294 1352 426 1390 perpetui
452 1351 605 1387 triumphi,
633 1353 660 1378 et
675 1351 782 1379 dormit
811 1350 930 1387 longum
954 1352 1019 1387 qui-

196 1400 274 1433 dem,
291 1398 341 1425 sed
359 1397 436 1425 unde
461 1395 626 1432 evigilatur,
649 1403 806 1429 somnum;
823 1396 882 1423 vita
898 1396 1016 1431 quidem

196 1452 289 1480 nuper
304 1443 403 1478 elapsa
416 1441 552 1477 insignis,
564 1440 708 1476 insignior
719 1439 816 1468 adhuc
829 1449 1017 1469 consumma-

194 1490 283 1523 tione,
300 1488 368 1524 quia
392 1487 482 1515 vitam
507 1486 537 1514 in
566 1494 657 1521 regno
685 1485 846 1519 collocavit,
871 1486 957 1521 cujus
973 1487 1017 1514 fu-

194 1536 297 1563 nestus
312 1532 416 1561 fuisset
431 1539 488 1560 non
504 1539 557 1567 par
571 1530 677 1558 exitus.

226 1624 272 1652 76,
288 1623 359 1656 Quis
372 1629 438 1650 vero
453 1629 510 1648 non
527 1620 566 1648 ibi
583 1619 750 1647 mirandum
766 1619 874 1647 habeat
895 1620 972 1655 quod
987 1622 1015 1648 et

192 1668 281 1695 vitam
294 1668 355 1702 jam
370 1665 493 1693 metiens
510 1671 560 1699 pro
576 1663 662 1690 morti
680 1663 795 1690 addicta
817 1665 931 1697 natura,
947 1663 1015 1691 licet

193 1714 306 1741 tantum
322 1710 417 1738 virum
434 1709 496 1745 lege
512 1707 625 1744 alligari
651 1716 706 1735 non
732 1707 903 1743 oportuerit,
919 1710 947 1735 et
963 1716 1014 1744 pro

192 1765 320 1793 superna
328 1754 477 1783 vocatione
488 1752 660 1780 divisionem
674 1751 942 1788 patiens,siquidem
950 1760 1013 1780 cor-

191 1810 247 1837 pus
262 1808 312 1836 pro
332 1802 438 1826 natura
453 1806 505 1824 sua
531 1798 616 1823 terra
634 1798 678 1823 est
706 1795 898 1830 reddendum,
915 1796 1014 1824 anima

191 1852 258 1872 vero
287 1843 321 1871 ad
353 1841 532 1869 Altissimum
572 1839 729 1867 ascendere
759 1840 862 1872 debet,
892 1840 1014 1868 timebat

191 1896 228 1915 ne
241 1895 298 1914 non
327 1885 441 1921 egregie
463 1893 479 1911 a
507 1883 564 1910 vita
593 1883 763 1917 solveretur,
792 1886 820 1910 et
849 1884 928 1911 nein
955 1885 1013 1913 line

190 1930 246 1959 vile
261 1930 331 1966 quid
346 1932 375 1957 et
390 1928 601 1964 praeteritorum
617 1928 713 1963 impar
742 1927 768 1955 in
787 1936 818 1956 se
834 1936 890 1955 non
906 1929 1012 1956 admit-

188 1977 273 2004 teret.
290 1975 437 2002 Immensa
464 1972 554 2008 igitur
582 1972 699 2008 quidem
727 1972 803 2000 lucta
826 1972 922 2000 omnis
946 1982 1012 2009 pro-

190 2020 362 2050 ducebatur,
380 2017 451 2045 nihil
468 2026 534 2045 vero
559 2016 636 2045 aliud
654 2016 730 2044 inter
751 2017 851 2044 omnia
867 2018 901 2045 ad
918 2019 1011 2054 majo-

189 2073 250 2093 rem
279 2064 409 2092 laborem
436 2062 568 2098 urgebat.
599 2063 699 2097 Itaque
729 2061 841 2090 belluas
866 2063 1012 2097 juveniles

189 2109 356 2145 prostravit,
369 2107 501 2135 Herculis
513 2107 601 2134 decus
614 2106 696 2141 illud,
709 2106 803 2142 lepido
820 2107 938 2135 nomine
950 2107 1010 2135 luc-

190 2156 247 2182 tam
276 2153 358 2180 illam
388 2152 546 2188 designans
575 2151 651 2178 sicut
678 2150 709 2178 in
725 2151 877 2178 exercitiis.
911 2152 1010 2179 Immi-

188 2201 259 2227 nuto
292 2206 358 2226 vero
393 2197 497 2232 pedum
531 2196 649 2231 vigore.
687 2195 792 2222 iterum
828 2195 887 2223 hmo
921 2196 1009 2224 inter-

187 2243 290 2279 positis
307 2242 509 2278 frequentibus
524 2241 686 2268 intervallis
711 2241 823 2276 ngebat.
841 2241 874 2268 Et
891 2242 1010 2270 morbus

187 2287 304 2322 quidem
322 2287 357 2314 ad
373 2285 531 2321 tranquille
546 2285 709 2312 sistendum
726 2284 886 2319 incitabat;
904 2293 1010 2313 manus

1084 273 1133 298 τοῦ
1162 271 1308 308 θαύματος,
1337 272 1449 310 προσέτι
1481 274 1535 309 μὴν
1564 273 1607 300 καὶ
1633 275 1651 308 ἠ
1679 276 1729 301 τοῦ
1758 274 1920 312 ἀρχετύπου

1086 315 1239 349 ἀπέλευσις,
1270 317 1338 353 πρὸς
1368 317 1433 354 ὅπερ
1464 317 1543 345 αὐτοὶ
1570 318 1633 349 τοὺς
1661 317 1686 346 ἐν
1714 318 1806 356 σφίσιν
1823 320 1921 352 αὐτοῖς

1085 359 1218 398 ἐθνάρχας
1245 359 1344 395 ἤθελον
1372 363 1531 399 γράφεσθαι.
1562 363 1676 400 Ἦρεσκε
1707 364 1758 401 γὰρ
1788 364 1918 395 ἑκάστοις

1084 405 1278 442 γνωματεόιιν.
1295 406 1346 434 Καὶ
1366 405 1459 437 καλῶς
1487 407 1539 444 ἄρα
1568 407 1626 445 εἶχε
1652 408 1684 435 τὸ
1713 409 1916 445 γνωμάτευμα,

1084 449 1130 483 ὡς,
1160 450 1234 487 εἴπερ
1257 452 1382 481 τοιοῦτος
1407 450 1500 482 αὐτοῖς
1525 450 1649 490 ἐφίστατο
1675 453 1839 489 στρατηγὸς,
1864 453 1917 480 οὐκ

1084 493 1113 520 ἂν
1139 492 1258 532 ἔπασχον
1289 494 1360 522 οὕτω
1385 495 1418 522 τὰ
1447 494 1685 523 πάνδεινα-πᾶσαν
1703 495 1732 524 δί
1753 496 1784 523 ἂν
1815 498 1915 535 μάχην

1083 538 1222 576 ἐκράτουν,
1237 539 1282 566 καὶ
1307 539 1339 566 τὸ
1363 539 1497 575 ἀήττητον
1527 539 1721 579 ἐπεγράφοντο.
1749 544 1917 569 Συνενοοῦν-

1081 594 1111 610 το
1136 583 1197 621 γὰρ,
1215 584 1252 615 ὡς
1279 584 1311 611 οὐ
1340 583 1495 612 συστέλλων
1516 585 1531 612 ὁ
1546 584 1721 623 αὐτοκράτωρ
1749 586 1789 613 τὼ
1819 589 1913 624 χεῖρε,

1081 629 1124 655 καὶ
1153 627 1191 659 εἷς
1218 629 1250 656 τὸ
1279 629 1422 666 ἀπρᾶγμον
1453 628 1609 662 καταλύων,
1639 628 1765 666 διῳκεῖτο
1801 631 1836 658 τὰ
1858 635 1914 666 τῆς

1081 673 1179 710 ἀρχῆς·
1196 674 1230 700 τὰ
1243 673 1332 701 πλείω
1362 672 1391 701 Si
1415 672 1551 705 κινδύνοις
1568 673 1735 711 ὶπιτολμῶν,
1751 675 1797 703 καί
1828 676 1913 714 βρια-

1081 717 1184 754 ρότητα
1210 717 1366 756 προφαίνων
1395 719 1508 754 χειρῶν,
1523 718 1569 745 καὶ
1597 717 1684 749 νίκαις
1703 720 1915 756 παρασπιζόμε-

1079 771 1134 792 νος.
1151 761 1199 789 Καὶ
1218 762 1271 798 μὴν
1286 761 1368 795 ἤθελε
1384 760 1522 793 πολλάκις
1535 762 1566 789 τὸ
1587 764 1637 790 τοῦ
1662 762 1789 799 πολέμου
1819 765 1913 800 στόμα

1080 805 1202 844 ἓγχανεῖν
1231 806 1276 834 καὶ
1303 806 1375 842 αὐτῷ
1411 807 1480 843 πρὸς
1510 808 1621 838 θάνατον
1638 817 1645 824 ·
1675 808 1720 835 καὶ
1748 807 1910 847 φιλόνεικος

1078 850 1123 885 ἦν,
1155 850 1338 886 ἐπαληθεῦσαι
1363 851 1509 883 κάνταῦθα,
1537 851 1575 883 ὡς
1603 850 1654 889 ἄρα
1680 853 1695 880 ὁ
1724 852 1851 888 πόλεμος
1883 854 1909 881 ἐν

1077 894 1188 933 ἀνδράσι
1202 896 1234 923 τὸ
1249 899 1370 933 κρεῖττον
1388 896 1428 923 ἀεὶ
1457 894 1606 933 ἐπιλὲγδην
1635 897 1763 934 αἱρεῖται.
1780 897 1909 926 Κίνδυνοι

1076 942 1140 977 γοῦν
1165 939 1192 968 ἂν
1217 943 1363 977 ποταμοῖς,
1384 939 1505 968 κίνδυνοι
1531 940 1556 967 ἐν
1585 939 1704 980 ἐφόδοις,
1728 940 1851 969 κίνδυνοι
1880 942 1907 970 ἐν

1079 984 1189 1022 Λόχοις,
1203 983 1329 1016 πλείονες
1344 984 1370 1012 ἒν
1389 983 1485 1020 σταδίᾳ
1511 985 1598 1022 μάχῃ,
1617 986 1666 1012 οὐκ
1687 985 1780 1023 ὀλίγοι
1804 986 1833 1013 ἐν
1855 997 1907 1014 πο-

1079 1028 1234 1066 λιορκίαις⁴
1259 1029 1304 1056 καὶ
1335 1029 1372 1060 ὡς
1401 1029 1426 1057 ἐν
1460 1029 1609 1067 συναιρέσει
1643 1030 1734 1068 φάναι,
1763 1034 1906 1069 μυριαχοῦ

1077 1072 1207 1107 κίνδυνοι,
1224 1073 1262 1106 εἰς
1272 1074 1300 1101 ἓν
1314 1076 1354 1110 τῷ
1368 1074 1472 1110 Θανάτῳ
1488 1076 1661 1113 φρονοῦντες.

1113 1128 1157 1156 σε’.
1175 1128 1249 1156 Ἐπεὶ
1279 1126 1307 1155 δὲ
1335 1128 1386 1155 οὐκ
1414 1127 1513 1164 ἔπρεπε
1541 1127 1670 1163 τοιαύτης
1692 1127 1798 1167 φύσεως
1824 1139 1906 1158 κατα-

1076 1174 1264 1212 καυχήσασθαι
1295 1173 1417 1212 σίδηρον,
1435 1172 1505 1210 μηδὲ
1533 1177 1622 1201 πεσεῖν
1648 1173 1743 1211 α’ίμιττι
1759 1177 1904 1214 πεφυρμέ-

1075 1229 1119 1246 νον
1149 1219 1194 1246 τὸν
1224 1218 1317 1246 πολλὰ
1335 1221 1390 1246 τῶν
1406 1218 1573 1257 ἀλλοφύλων
1589 1218 1701 1257 χέαιτα,
1715 1219 1761 1247 ’ἱνα
1788 1224 1829 1257 μὴ
1858 1221 1902 1249 καὶ

1074 1274 1114 1295 τις
1130 1267 1183 1291 τῶν
1208 1261 1351 1302 βαρϐάρων
1374 1262 1434 1301 ἄρτι
1457 1263 1490 1290 τὰ
1512 1262 1575 1301 ἔργα
1596 1263 1660 1291 τάδε
1678 1265 1801 1302 γενέσθαι
1831 1267 1902 1294 σκώ-

1074 1310 1142 1345 ψειε,
1159 1308 1251 1336 πίπτει
1281 1309 1349 1336 κατὰ
1377 1309 1464 1347 φύσιν,
1482 1307 1578 1345 μηδενὶ
1604 1311 1656 1335 τῶν
1685 1309 1810 1337 ἁπάντων
1843 1312 1901 1338 κατ’

1073 1353 1155 1380 αὖτοῦ
1183 1351 1260 1390 ίδοὺς
1304 1350 1495 1390 ἒναϐρόνασθαι
1530 1353 1543 1380 ὁ
1574 1352 1656 1380 sicut?
1694 1355 1823 1389 νικητῆς,
1855 1355 1900 1382 καὶ

1074 1398 1155 1425 ὑπνοῖ
1177 1398 1224 1425 τὸν
1255 1397 1357 1435 μακρὸν
1390 1397 1447 1432 μὶν,
1462 1397 1602 1435 μακαρίως
1632 1397 1661 1425 δὲ
1686 1397 1762 1430 αὖθις
1793 1398 1900 1437 ἐγέραι-

1074 1451 1144 1479 μον·
1175 1441 1300 1478 ἀοίδιμος
1334 1441 1380 1478 μὲν
1407 1443 1456 1468 τοῦ
1486 1442 1582 1478 πρώην
1613 1442 1684 1480 βίου,
1713 1442 1846 1480 ἀοίδιμος
1872 1443 1900 1472 δὲ

1073 1486 1152 1514 εἰσέτι
1181 1486 1264 1514 πλέον
1292 1488 1342 1514 τοῦ
1370 1486 1438 1524 πρὸς
1461 1488 1501 1522 τῷ
1524 1485 1607 1521 τέλει,
1624 1486 1665 1514 ὅτι
1691 1487 1736 1515 καὶ
1755 1488 1899 1526 βασιλείας

1071 1531 1172 1562 ἐγεῖνος
1202 1531 1280 1558 αὐτὸν
1308 1528 1522 1567 ἐπεϐίϐασεν,ἦς
1546 1530 1660 1567 ἐξαίσιον
1689 1531 1720 1559 τὺ
1748 1532 1899 1568 ἀτελεύτη-

1071 1586 1128 1604 τον.

1107 1621 1155 1652 ος”.
1171 1620 1215 1651 Τίς
1246 1619 1275 1647 δὶ
1302 1620 1353 1647 οὐκ
1380 1618 1410 1646 ἂν
1441 1619 1555 1652 ἐνταῦθα
1581 1623 1668 1657 κρινςῖ
1695 1621 1765 1658 πρὸς
1790 1622 1897 1658 θαύμα-

1069 1675 1127 1702 τος,
1144 1665 1185 1692 δτί
1213 1665 1257 1692 καὶ
1276 1665 1322 1691 τὸν
1350 1664 1408 1701 βίον
1430 1663 1484 1699 ἤδη
1509 1665 1683 1703 ἀπομετρῶν,
1699 1666 1742 1693 καὶ
1771 1666 1843 1702 πρός
1868 1678 1897 1694 τι

1067 1712 1118 1743 τῆς
1132 1709 1158 1736 ἐν
1225 1709 1370 1744 θνητότητι
1392 1708 1509 1747 φύσεως,
1525 1708 1548 1736 εἰ
1575 1709 1619 1736 καὶ
1650 1710 1734 1746 μήπω
1763 1708 1818 1738 ἔδει
1848 1711 1895 1739 τὸν

1067 1753 1242 1790 τηλικοῦτον,
1258 1754 1326 1791 πρός
1349 1764 1378 1780 τε
1405 1753 1455 1788 τὴς
1484 1754 1584 1781 ἄνωθεν
1599 1752 1724 1790 κλήσεως
1741 1753 1894 1793 διχαζόμι-

1067 1809 1121 1835 νος,
1149 1799 1194 1826 καὶ
1220 1799 1251 1826 τὸ
1281 1800 1361 1835 σῶμα
1391 1799 1437 1834 μὲν
1463 1798 1575 1836 ἀνάγκη·
1613 1796 1685 1836 ἔχων
1714 1801 1892 1838 παρατιθιναι

1066 1845 1100 1881 τῇ
1129 1845 1175 1881 γῇ,
1191 1845 1225 1880 τῇ
1256 1842 1284 1870 δὲ
1308 1844 1384 1880 ψυχῇ
1407 1840 1558 1870 ἀναϐαίνειν
1583 1844 1651 1881 πρὸς
1678 1845 1731 1871 τὸν·
1748 1846 1890 1881 Ὕψιστον,

1067 1885 1146 1915 ὤκνει
1163 1887 1202 1924 μὴ
1219 1887 1332 1924 εὐγενῶς
1362 1887 1504 1921 ἀναλῦσαι,
1521 1886 1585 1914 ἀλλ’
1608 1887 1652 1915 ἐπὶ
1679 1888 1777 1921 τέλους
1800 1900 1895 1917 ταπει-

1066 1933 1110 1960 νὸν
1138 1932 1181 1959 καὶ
1210 1934 1268 1962 τοῖς
1298 1931 1429 1969 φῦάσασιν
1448 1931 1615 1970 ἀσύντροχόν
1631 1943 1656 1960 τι
1673 1934 1788 1967 παθεῖν;
1807 1934 1893 1972 Μάχη

1069 1977 1116 2013 μὶν
1146 1975 1193 2003 οὖν
1223 1976 1312 2003 ἅπασα
1341 1975 1487 2013 ὑπερόριος
1515 1975 1658 2011 ἐλήλατο·
1688 1978 1838 2015 κατήπειγε
1867 1977 1895 2006 δὶ

1067 2019 1124 2048 οὐδ’
1138 2019 1208 2047 ἄλλο
1238 2019 1325 2054 οὐδὲν,
1343 2019 1357 2047 8
1382 2030 1408 2046 τι
1432 2022 1487 2047 τῶν
1503 2020 1639 2056 ἁπάντων,
1655 2020 1694 2052 είς
1722 2022 1808 2050 πόνον
1834 2023 1896 2059 μεί-

1068 2069 1140 2100 ζονα.
1179 2068 1268 2103 Θῆρας
1305 2064 1394 2092 τοίνυν
1436 2064 1573 2096 νεανικοὺς
1617 2064 1738 2104 ἔρῥιπτε,
1778 2067 1808 2094 τὸ
1847 2070 1896 2095 τοῦ

1065 2109 1232 2146 ’Πρακλέους
1264 2111 1344 2136 τοῦτο
1388 2109 1496 2145 σεμνὸν,
1526 2110 1758 2148 ὑποκοριζόμενος
1802 2113 1896 2149 μάχην

1064 2154 1176 2189 ταύτην,
1194 2154 1232 2184 ὡς
1261 2153 1286 2181 ἐν
1306 2153 1490 2192 γυμνάσματι.
1505 2155 1561 2182 Τοὖ
1590 2153 1748 2192 βαδιστικοῦ
1772 2155 1802 2183 δὲ
1815 2157 1895 2184 τόνου

1066 2198 1270 2232 ὑπινδιδόντος,
1292 2199 1360 2225 κατὰ
1385 2199 1485 2236 συχνὰς
1512 2199 1589 2230 αὗθις
1612 2200 1769 2231 ἀναπαύλας
1794 2200 1895 2239 ἐγίνετο

1064 2246 1156 2272 τοῦτο.
1175 2242 1226 2271 Καὶ
1256 2244 1273 2278 ἡ
1294 2243 1373 2274 νόσος
1405 2243 1452 2280 μὶν
1480 2243 1629 2281 ἡσυχάζειν
1659 2244 1857 2282 προύτρέπετό,
1876 2247 1892 2280 ἡ

1065 2287 1093 2315 δὲ
1109 2289 1171 2326 χεὶρ
1187 2289 1239 2315 τῶν
1256 2287 1385 2324 γενναίων
1415 2286 1502 2325 ἔργων
1528 2288 1578 2316 οὐκ
1605 2289 1746 2327 ἀπείχετο·
1762 2290 1809 2317 καί
1837 2301 1894 2322 πως

185 2341 252 2360 vero
269 2333 303 2359 ab
319 2331 444 2367 egregiis
460 2330 599 2366 operibus
619 2339 677 2357 non
693 2330 871 2358 abstinebat.
891 2332 925 2358 Et
940 2340 1012 2367 quo-

1074 2331 1150 2363 ιῖδὼς
1175 2332 1254 2359 αὐτὸν
1280 2332 1466 2370 περιέτρεχεν,
1490 2333 1629 2370 εὑρεθῆναι
1659 2335 1697 2370 μὴ
1722 2334 1762 2365 εἲς
1785 2335 1818 2362 τὸ
1842 2338 1892 2362 πᾶν

187 2376 253 2403 dam
268 2377 354 2403 modo
369 2375 495 2403 habebat
506 2375 590 2402 illum
603 2375 697 2410 pudor
705 2375 872 2410 neignavus
886 2376 913 2403 in
926 2384 1012 2412 agen-

187 2420 223 2447 do
239 2420 385 2448 videretur
396 2420 511 2455 quoties
526 2419 646 2446 stimulo
658 2422 775 2447 externo
788 2427 862 2455 opus
873 2420 1010 2449 habebat,

221 2474 267 2501 77.
295 2474 396 2509 Itaque
421 2474 498 2509 quod
529 2473 565 2500 ab
591 2473 727 2501 omnibus
750 2474 945 2509 expetendum
967 2477 1012 2503 est

187 2518 294 2554 quibus
310 2518 339 2545 in
366 2521 502 2553 promptu
529 2519 574 2544 est
597 2517 678 2552 juxta
707 2518 868 2553 prudentiae
893 2519 1009 2555 regulas

184 2563 291 2598 vivere,
321 2562 435 2590 suﬂ‘ccit
464 2570 556 2598 usque
585 2562 618 2589 ad
650 2563 934 2591 consummationem
950 2564 1009 2591 exi-

184 2610 233 2636 tus
249 2608 284 2636 ad
301 2607 498 2634 desideratum
513 2600 613 2642 Deum,
628 2606 657 2633 in
669 2606 806 2634 omnibus
824 2607 1010 2643 perfectionis

184 2661 320 2688 compos;
333 2651 494 2687 legationes
506 2660 627 2688 parans;
639 2652 756 2679 mittens
768 2660 825 2687 quo
836 2653 1007 2688 oportebat;

183 2706 250 2726 cum
267 2697 461 2732 undequaque
486 2696 588 2731 legatis
613 2698 763 2730 tractans;
788 2697 915 2733 graviter
939 2706 1007 2725 con-

183 2742 314 2775 cionans,
332 2741 408 2776 quod
421 2740 517 2775 quivis
527 2740 642 2767 vocabit
655 2741 738 2775 quasi
751 2749 767 2768 a
781 2741 855 2768 lecto
866 2741 1009 2778 regio,op-

184 2785 340 2821 portunius
356 2784 456 2813 volens
473 2793 523 2820 per
545 2784 697 2820 proverbia
721 2785 896 2821 signiﬁcare,
918 2794 1006 2821 quam

185 2837 201 2856 a
216 2830 285 2857 sedo
301 2830 378 2858 dicta
393 2838 400 2864 ;
418 2830 453 2858 ad
480 2829 653 2857 memoriam
666 2837 805 2858 revocans
820 2831 848 2857 st
873 2830 1008 2860 evolvens

1067 2377 1246 2415 ἐγρηγορότα,
1264 2375 1308 2403 ὅτε
1321 2376 1456 2412 κληθῆναι
1473 2375 1590 2413 δεήσειε.

1102 2478 1148 2509 οζ,
1166 2474 1217 2503 Καὶ
1240 2473 1331 2501 τοίνυν
1353 2474 1384 2501 τὸ
1407 2477 1466 2506 τοῖς
1483 2475 1580 2502 ἅπασιν
1595 2475 1729 2510 εὐκταῖον,
1747 2478 1788 2509 οἷς
1813 2479 1892 2513 μὲτε-

1065 2530 1106 2547 οτι
1133 2521 1180 2546 τοῦ
1205 2519 1274 2557 πρὸς
1300 2518 1396 2557 ὄρθρον
1416 2520 1461 2556 [an
1493 2520 1572 2555 ὀρθὸν
1582 2521 1603 2557 ἓ]
1632 2523 1790 2560 φρονήσεως
1815 2521 1891 2549 ’ἱστα-

1065 2570 1136 2599 σθαι,
1153 2564 1278 2602 ἐξήρκεσε
1309 2564 1391 2601 μέχρι
1407 2564 1452 2591 καὶ
1481 2564 1519 2596 εἷς
1541 2563 1622 2596 τέλος
1647 2567 1695 2593 τοῦ
1725 2566 1892 2602 ἀπεληλυθὲ-

1065 2619 1107 2636 ναι
1123 2608 1162 2640 εἱς
1176 2609 1222 2636 τὸν
1238 2609 1428 2644 πιποθημένον
1445 2609 1521 2643 Θεὸν,
1538 2609 1634 2637 ἑαυτοῦ
1650 2609 1687 2637 ὢν
1704 2610 1744 2643 εἷς
1766 2612 1797 2639 τὸ
1825 2613 1890 2639 πάν-

1063 2664 1096 2688 τη
1125 2653 1246 2684 τὲλειον·
1278 2652 1401 2681 στὶλλων
1436 2651 1600 2692 πρεσϐείας·
1627 2654 1806 2690 ἐπιστέλλων,
1827 2657 1888 2684 ὅποι

1064 2697 1158 2735 ἐχρῆν·
1175 2697 1356 2736 χρηματίζων
1384 2701 1442 2729 τοῖς
1473 2705 1638 2737 μυριαχοθεν
1665 2698 1813 2737 πρέσϐεσι-
1839 2699 1888 2736 δη-

1065 2744 1196 2780 μηγορῶν
1214 2741 1362 2779 ἓμϐριθῶς,
1378 2742 1395 2769 ἃ
1410 2742 1443 2778 δή
1468 2753 1511 2774 τις
1538 2743 1668 2780 ὀνομάσοι
1693 2744 1735 2779 ἂν,
1753 2744 1805 2773 ἀπὸ
1827 2746 1888 2774 κλί-

1062 2798 1112 2822 νης
1143 2786 1299 2825 βασιλικῆς,
1325 2788 1502 2825 καιριώτερον
1528 2789 1756 2825 παροιμιάζεσθαι
1789 2789 1888 2825 θέλων,

1062 2830 1132 2869 ἥπερ
1159 2832 1192 2859 τὰ
1223 2832 1276 2859 ἀπὸ
1314 2832 1432 2868 κηπαίας
1469 2830 1620 2871 λεγόμενα·
1650 2834 1888 2872 ἀπομνημονεύων
