  <div class='ocr_page' id='page_1' title='image "/cluster/home/n/w/nwhite01/storage/ocr_20150623/135/njp.32101077773107/530.png"; bbox 0 0 2026 3156; ppageno 0'>
   <div class='ocr_carea' id='block_1_1' title="bbox 105 158 188 188">
    <p class='ocr_par' dir='ltr' id='par_1_1' title="bbox 105 158 188 188">
     <span class='ocr_line' id='line_1_1' title="bbox 105 158 188 188; baseline 0.012 -1"><span class='ocrx_word' id='word_1_1' title='bbox 105 158 188 188; x_wconf 74' lang='grc'><strong>1099</strong></span> 
     </span>
    </p>
   </div>
   <div class='ocr_carea' id='block_1_2' title="bbox 535 149 1384 185">
    <p class='ocr_par' dir='ltr' id='par_1_2' title="bbox 535 149 1384 185">
     <span class='ocr_line' id='line_1_2' title="bbox 535 149 1384 185; baseline -0.004 -1"><span class='ocrx_word' id='word_1_2' title='bbox 535 151 738 185; x_wconf 82' lang='lat' dir='ltr'>MANUELIS</span> <span class='ocrx_word' id='word_1_3' title='bbox 759 150 933 183; x_wconf 76' lang='lat' dir='ltr'>GOMNENI</span> <span class='ocrx_word' id='word_1_4' title='bbox 955 149 1156 181; x_wconf 81' lang='lat' dir='ltr'>LAUDATIO</span> <span class='ocrx_word' id='word_1_5' title='bbox 1178 149 1384 182; x_wconf 83' lang='lat' dir='ltr'>FUNEBRIS.</span> 
     </span>
    </p>
   </div>
   <div class='ocr_carea' id='block_1_3' title="bbox 1734 154 1815 185">
    <p class='ocr_par' dir='ltr' id='par_1_3' title="bbox 1734 154 1815 185">
     <span class='ocr_line' id='line_1_3' title="bbox 1734 154 1815 185; baseline 0.025 -2"><span class='ocrx_word' id='word_1_6' title='bbox 1734 154 1815 185; x_wconf 79' lang='grc'>1030</span> 
     </span>
    </p>
   </div>
   <div class='ocr_carea' id='block_1_4' title="bbox 103 215 939 256">
    <p class='ocr_par' dir='ltr' id='par_1_4' title="bbox 103 215 934 256">
     <span class='ocr_line' id='line_1_4' title="bbox 103 215 934 256; baseline -0.008 -6"><span class='ocrx_word' id='word_1_7' title='bbox 103 222 154 250; x_wconf 87' lang='grc' dir='ltr'>καὶ</span> <span class='ocrx_word' id='word_1_8' title='bbox 169 221 317 250; x_wconf 79' lang='grc' dir='ltr'>ἀνελίττων</span> <span class='ocrx_word' id='word_1_9' title='bbox 342 219 489 251; x_wconf 80' lang='grc' dir='ltr'>σπουδαίας</span> <span class='ocrx_word' id='word_1_10' title='bbox 513 218 632 256; x_wconf 81' lang='grc' dir='ltr'>πράξεις,</span> <span class='ocrx_word' id='word_1_11' title='bbox 655 218 704 249; x_wconf 83' lang='grc' dir='ltr'>τὰς</span> <span class='ocrx_word' id='word_1_12' title='bbox 729 217 787 254; x_wconf 79' lang='grc' dir='ltr'>μὶν,</span> <span class='ocrx_word' id='word_1_13' title='bbox 811 215 842 248; x_wconf 72' lang='grc' dir='ltr'>ἃς</span> <span class='ocrx_word' id='word_1_14' title='bbox 872 217 934 246; x_wconf 78' lang='grc' dir='ltr'>νοῦς</span> 
     </span>
    </p>
   </div>
   <div class='ocr_carea' id='block_1_5' title="bbox 995 215 1814 256">
    <p class='ocr_par' dir='ltr' id='par_1_5' title="bbox 995 215 1814 256">
     <span class='ocr_line' id='line_1_5' title="bbox 995 215 1814 256; baseline 0.007 -13"><span class='ocrx_word' id='word_1_15' title='bbox 995 218 1127 244; x_wconf 78' lang='lat' dir='ltr'>strenuae</span> <span class='ocrx_word' id='word_1_16' title='bbox 1137 216 1277 250; x_wconf 83' lang='lat' dir='ltr'>actiones,</span> <span class='ocrx_word' id='word_1_17' title='bbox 1291 215 1344 244; x_wconf 84' lang='lat' dir='ltr'>has</span> <span class='ocrx_word' id='word_1_18' title='bbox 1355 217 1473 252; x_wconf 85' lang='lat' dir='ltr'><strong>quidem</strong></span> <span class='ocrx_word' id='word_1_19' title='bbox 1484 227 1558 254; x_wconf 84' lang='lat' dir='ltr'>quas</span> <span class='ocrx_word' id='word_1_20' title='bbox 1570 219 1632 255; x_wconf 86' lang='lat' dir='ltr'>ejus</span> <span class='ocrx_word' id='word_1_21' title='bbox 1640 220 1719 256; x_wconf 82' lang='lat' dir='ltr'>regia</span> <span class='ocrx_word' id='word_1_22' title='bbox 1730 228 1814 249; x_wconf 87' lang='lat' dir='ltr'>mens</span> 
     </span>
    </p>
   </div>
   <div class='ocr_carea' id='block_1_6' title="bbox 107 260 934 305">
    <p class='ocr_par' dir='ltr' id='par_1_6' title="bbox 107 260 934 305">
     <span class='ocr_line' id='line_1_6' title="bbox 107 260 934 305; baseline -0.01 -10"><span class='ocrx_word' id='word_1_23' title='bbox 107 266 254 305; x_wconf 76' lang='grc' dir='ltr'>βασιλικὸς</span> <span class='ocrx_word' id='word_1_24' title='bbox 277 265 381 294; x_wconf 63' lang='grc' dir='ltr'>ἐκείνου</span> <span class='ocrx_word' id='word_1_25' title='bbox 402 261 581 302; x_wconf 77' lang='grc' dir='ltr'>προεϐάλετο,</span> <span class='ocrx_word' id='word_1_26' title='bbox 605 263 652 293; x_wconf 81' lang='grc' dir='ltr'>τὰς</span> <span class='ocrx_word' id='word_1_27' title='bbox 679 260 709 305; x_wconf 52' lang='grc' dir='ltr'>δὶ</span> <span class='ocrx_word' id='word_1_28' title='bbox 737 261 868 296; x_wconf 78' lang='grc' dir='ltr'>παλαιὰς,</span> <span class='ocrx_word' id='word_1_29' title='bbox 893 261 934 291; x_wconf 78' lang='grc' dir='ltr'>αἶς</span> 
     </span>
    </p>
   </div>
   <div class='ocr_carea' id='block_1_7' title="bbox 105 304 935 349">
    <p class='ocr_par' dir='ltr' id='par_1_7' title="bbox 105 304 935 349">
     <span class='ocr_line' id='line_1_7' title="bbox 105 304 935 349; baseline -0.008 -10"><span class='ocrx_word' id='word_1_30' title='bbox 105 304 366 349; x_wconf 77' lang='grc' dir='ltr'>παραδειγματικῶς</span> <span class='ocrx_word' id='word_1_31' title='bbox 395 310 442 340; x_wconf 79' lang='grc' dir='ltr'>τὰς</span> <span class='ocrx_word' id='word_1_32' title='bbox 479 309 575 335; x_wconf 68' lang='grc' dir='ltr'>ἑαυτοῦ</span> <span class='ocrx_word' id='word_1_33' title='bbox 613 304 792 345; x_wconf 73' lang='grc' dir='ltr'>παρέϐαλλε·</span> <span class='ocrx_word' id='word_1_34' title='bbox 824 304 935 333; x_wconf 78' lang='grc' dir='ltr'>διαιτῶν</span> 
     </span>
    </p>
   </div>
   <div class='ocr_carea' id='block_1_8' title="bbox 109 349 933 389">
    <p class='ocr_par' dir='ltr' id='par_1_8' title="bbox 109 349 933 389">
     <span class='ocr_line' id='line_1_8' title="bbox 109 349 933 389; baseline -0.01 -5"><span class='ocrx_word' id='word_1_35' title='bbox 109 356 265 389; x_wconf 74' lang='grc' dir='ltr'>ὑποθέσεσι,</span> <span class='ocrx_word' id='word_1_36' title='bbox 293 354 327 382; x_wconf 84' lang='grc' dir='ltr'>δι’</span> <span class='ocrx_word' id='word_1_37' title='bbox 356 355 392 381; x_wconf 83' lang='grc' dir='ltr'>ὧν</span> <span class='ocrx_word' id='word_1_38' title='bbox 414 352 608 384; x_wconf 80' lang='grc' dir='ltr'>ἀπευθύνονται</span> <span class='ocrx_word' id='word_1_39' title='bbox 638 351 735 381; x_wconf 83' lang='grc' dir='ltr'>πόλεις</span> <span class='ocrx_word' id='word_1_40' title='bbox 752 359 760 369; x_wconf 73' lang='grc'><strong><em>⁸</em></strong></span> <span class='ocrx_word' id='word_1_41' title='bbox 788 349 933 383; x_wconf 80' lang='grc' dir='ltr'>διδάσκων,</span> 
     </span>
    </p>
   </div>
   <div class='ocr_carea' id='block_1_9' title="bbox 107 393 933 436">
    <p class='ocr_par' dir='ltr' id='par_1_9' title="bbox 107 393 933 436">
     <span class='ocr_line' id='line_1_9' title="bbox 107 393 933 436; baseline -0.008 -9"><span class='ocrx_word' id='word_1_42' title='bbox 107 401 158 427; x_wconf 81' lang='grc' dir='ltr'>ἅτι</span> <span class='ocrx_word' id='word_1_43' title='bbox 187 398 221 433; x_wconf 76' lang='grc' dir='ltr'>δὴ</span> <span class='ocrx_word' id='word_1_44' title='bbox 245 399 290 426; x_wconf 86' lang='grc' dir='ltr'>καὶ</span> <span class='ocrx_word' id='word_1_45' title='bbox 314 399 382 436; x_wconf 76' lang='grc' dir='ltr'>ἀνὴρ</span> <span class='ocrx_word' id='word_1_46' title='bbox 408 396 603 429; x_wconf 83' lang='grc' dir='ltr'>ἀποστολικὸς,</span> <span class='ocrx_word' id='word_1_47' title='bbox 628 395 654 423; x_wconf 79' lang='lat' dir='ltr'>ei’</span> <span class='ocrx_word' id='word_1_48' title='bbox 675 406 727 422; x_wconf 83' lang='grc' dir='ltr'>που</span> <span class='ocrx_word' id='word_1_49' title='bbox 760 393 933 422; x_wconf 76' lang='grc' dir='ltr'>διδασκάλιόν</span> 
     </span>
    </p>
   </div>
   <div class='ocr_carea' id='block_1_10' title="bbox 106 437 933 480">
    <p class='ocr_par' dir='ltr' id='par_1_10' title="bbox 106 437 933 480">
     <span class='ocr_line' id='line_1_10' title="bbox 106 437 933 480; baseline -0.008 -9"><span class='ocrx_word' id='word_1_50' title='bbox 106 455 135 472; x_wconf 92' lang='grc' dir='ltr'>τι</span> <span class='ocrx_word' id='word_1_51' title='bbox 176 443 327 480; x_wconf 85' lang='grc' dir='ltr'>ἀπορηθείη</span> <span class='ocrx_word' id='word_1_52' title='bbox 354 453 361 460; x_wconf 85' lang='grc'><strong>·</strong></span> <span class='ocrx_word' id='word_1_53' title='bbox 400 442 426 469; x_wconf 69' lang='grc' dir='ltr'>έν</span> <span class='ocrx_word' id='word_1_54' title='bbox 463 440 627 477; x_wconf 80' lang='grc' dir='ltr'>δικαιώμασι</span> <span class='ocrx_word' id='word_1_55' title='bbox 667 440 733 467; x_wconf 79' lang='grc' dir='ltr'>Θεοῦ</span> <span class='ocrx_word' id='word_1_56' title='bbox 775 437 933 475; x_wconf 81' lang='grc' dir='ltr'>ἀδολεσχῶν</span> 
     </span>
    </p>
   </div>
   <div class='ocr_carea' id='block_1_11' title="bbox 110 482 934 524">
    <p class='ocr_par' dir='ltr' id='par_1_11' title="bbox 110 482 934 524">
     <span class='ocr_line' id='line_1_11' title="bbox 110 482 934 524; baseline -0.007 -9"><span class='ocrx_word' id='word_1_57' title='bbox 110 488 180 524; x_wconf 71' lang='grc' dir='ltr'>μετὰ</span> <span class='ocrx_word' id='word_1_58' title='bbox 195 489 243 514; x_wconf 80' lang='grc' dir='ltr'>τοῦ</span> <span class='ocrx_word' id='word_1_59' title='bbox 266 485 347 514; x_wconf 79' lang='grc' dir='ltr'>Δαυΐδ</span> <span class='ocrx_word' id='word_1_60' title='bbox 372 485 525 523; x_wconf 82' lang='grc' dir='ltr'>θεολογίαις</span> <span class='ocrx_word' id='word_1_61' title='bbox 551 482 710 522; x_wconf 78' lang='grc' dir='ltr'>έμϐαθύνων</span> <span class='ocrx_word' id='word_1_62' title='bbox 737 483 829 519; x_wconf 86' lang='grc' dir='ltr'>λεπτῷ</span> <span class='ocrx_word' id='word_1_63' title='bbox 856 482 934 520; x_wconf 87' lang='grc' dir='ltr'>λογι-</span> 
     </span>
    </p>
   </div>
   <div class='ocr_carea' id='block_1_12' title="bbox 109 526 933 568">
    <p class='ocr_par' dir='ltr' id='par_1_12' title="bbox 109 526 933 568">
     <span class='ocr_line' id='line_1_12' title="bbox 109 526 933 568; baseline -0.007 -9"><span class='ocrx_word' id='word_1_64' title='bbox 109 533 174 568; x_wconf 80' lang='grc' dir='ltr'>σμῷ</span> <span class='ocrx_word' id='word_1_65' title='bbox 188 531 233 559; x_wconf 84' lang='grc' dir='ltr'>καὶ</span> <span class='ocrx_word' id='word_1_66' title='bbox 248 532 339 568; x_wconf 81' lang='grc' dir='ltr'>θυμῷ,</span> <span class='ocrx_word' id='word_1_67' title='bbox 353 531 399 558; x_wconf 84' lang='grc' dir='ltr'>καὶ</span> <span class='ocrx_word' id='word_1_68' title='bbox 412 529 493 568; x_wconf 77' lang='grc' dir='ltr'>ὀλίγα</span> <span class='ocrx_word' id='word_1_69' title='bbox 509 529 653 567; x_wconf 82' lang='grc' dir='ltr'>μετέχοντι</span> <span class='ocrx_word' id='word_1_70' title='bbox 676 529 812 565; x_wconf 87' lang='grc' dir='ltr'>σώματος·</span> <span class='ocrx_word' id='word_1_71' title='bbox 829 526 933 554; x_wconf 78' lang='grc' dir='ltr'>τάσσων</span> 
     </span>
    </p>
   </div>
   <div class='ocr_carea' id='block_1_13' title="bbox 110 571 936 615">
    <p class='ocr_par' dir='ltr' id='par_1_13' title="bbox 110 571 936 615">
     <span class='ocr_line' id='line_1_13' title="bbox 110 571 936 615; baseline -0.007 -11"><span class='ocrx_word' id='word_1_72' title='bbox 110 576 255 615; x_wconf 72' lang='grc' dir='ltr'>έμφρόνως</span> <span class='ocrx_word' id='word_1_73' title='bbox 269 575 304 603; x_wconf 84' lang='grc' dir='ltr'>τὰ</span> <span class='ocrx_word' id='word_1_74' title='bbox 325 575 383 602; x_wconf 84' lang='grc' dir='ltr'>κατ’</span> <span class='ocrx_word' id='word_1_75' title='bbox 409 573 502 602; x_wconf 71' lang='grc' dir='ltr'>αὐτόν’</span> <span class='ocrx_word' id='word_1_76' title='bbox 527 572 676 601; x_wconf 78' lang='grc' dir='ltr'>ἐπιτάσσων</span> <span class='ocrx_word' id='word_1_77' title='bbox 704 571 884 610; x_wconf 79' lang='grc' dir='ltr'>μεγαλοφυῶς</span> <span class='ocrx_word' id='word_1_78' title='bbox 902 571 936 598; x_wconf 79' lang='grc' dir='ltr'>τὰ</span> 
     </span>
    </p>
   </div>
   <div class='ocr_carea' id='block_1_14' title="bbox 112 615 935 657">
    <p class='ocr_par' dir='ltr' id='par_1_14' title="bbox 112 615 935 657">
     <span class='ocr_line' id='line_1_14' title="bbox 112 615 935 657; baseline -0.006 -9"><span class='ocrx_word' id='word_1_79' title='bbox 112 621 172 657; x_wconf 79' lang='grc' dir='ltr'>μετ’</span> <span class='ocrx_word' id='word_1_80' title='bbox 195 619 285 647; x_wconf 82' lang='grc' dir='ltr'>αὐτόν·</span> <span class='ocrx_word' id='word_1_81' title='bbox 314 620 352 651; x_wconf 84' lang='grc' dir='ltr'>εἷς</span> <span class='ocrx_word' id='word_1_82' title='bbox 375 618 457 650; x_wconf 84' lang='grc' dir='ltr'>τέλος</span> <span class='ocrx_word' id='word_1_83' title='bbox 482 618 623 656; x_wconf 81' lang='grc' dir='ltr'>προάγων,</span> <span class='ocrx_word' id='word_1_84' title='bbox 640 617 657 645; x_wconf 75' lang='grc' dir='ltr'>ἃ</span> <span class='ocrx_word' id='word_1_85' title='bbox 673 618 711 654; x_wconf 83' lang='grc' dir='ltr'>μή</span> <span class='ocrx_word' id='word_1_86' title='bbox 738 616 840 656; x_wconf 76' lang='grc' dir='ltr'>φθάσας</span> <span class='ocrx_word' id='word_1_87' title='bbox 861 615 935 652; x_wconf 78' lang='grc' dir='ltr'>εὐερ-</span> 
     </span>
    </p>
   </div>
   <div class='ocr_carea' id='block_1_15' title="bbox 109 659 936 703">
    <p class='ocr_par' dir='ltr' id='par_1_15' title="bbox 109 659 936 703">
     <span class='ocr_line' id='line_1_15' title="bbox 109 659 936 703; baseline -0.006 -11"><span class='ocrx_word' id='word_1_88' title='bbox 109 666 225 703; x_wconf 74' lang='grc' dir='ltr'>γετικῶς</span> <span class='ocrx_word' id='word_1_89' title='bbox 241 664 278 695; x_wconf 76' lang='grc' dir='ltr'>εἷς</span> <span class='ocrx_word' id='word_1_90' title='bbox 302 663 406 695; x_wconf 72' lang='grc' dir='ltr'>έντελὶς</span> <span class='ocrx_word' id='word_1_91' title='bbox 430 662 523 701; x_wconf 74' lang='grc' dir='ltr'>ἤγαγε·</span> <span class='ocrx_word' id='word_1_92' title='bbox 551 661 672 698; x_wconf 83' lang='grc' dir='ltr'>δημοσία</span> <span class='ocrx_word' id='word_1_93' title='bbox 694 672 724 689; x_wconf 82' lang='grc' dir='ltr'>τε</span> <span class='ocrx_word' id='word_1_94' title='bbox 747 661 791 688; x_wconf 84' lang='grc' dir='ltr'>καὶ</span> <span class='ocrx_word' id='word_1_95' title='bbox 817 660 875 688; x_wconf 82' lang='grc' dir='ltr'>κατ’</span> <span class='ocrx_word' id='word_1_96' title='bbox 890 659 936 687; x_wconf 81' lang='grc' dir='ltr'>ἄν-</span> 
     </span>
    </p>
   </div>
   <div class='ocr_carea' id='block_1_16' title="bbox 111 703 936 746">
    <p class='ocr_par' dir='ltr' id='par_1_16' title="bbox 111 703 936 746">
     <span class='ocr_line' id='line_1_16' title="bbox 111 703 936 746; baseline -0.006 -10"><span class='ocrx_word' id='word_1_97' title='bbox 111 709 177 746; x_wconf 76' lang='grc' dir='ltr'>δρας</span> <span class='ocrx_word' id='word_1_98' title='bbox 194 709 278 745; x_wconf 76' lang='grc' dir='ltr'>ἀξίαις</span> <span class='ocrx_word' id='word_1_99' title='bbox 293 705 461 745; x_wconf 71' lang='grc' dir='ltr'>έμϐιϐάζῶν*</span> <span class='ocrx_word' id='word_1_100' title='bbox 480 707 617 738; x_wconf 79' lang='grc' dir='ltr'>πλούτους</span> <span class='ocrx_word' id='word_1_101' title='bbox 633 703 788 744; x_wconf 75' lang='grc' dir='ltr'>έπιϐρέχων</span> <span class='ocrx_word' id='word_1_102' title='bbox 802 707 862 737; x_wconf 86' lang='grc' dir='ltr'>τοῖς</span> <span class='ocrx_word' id='word_1_103' title='bbox 887 705 936 732; x_wconf 81' lang='grc' dir='ltr'>ὅσα</span> 
     </span>
    </p>
   </div>
   <div class='ocr_carea' id='block_1_17' title="bbox 109 749 936 792">
    <p class='ocr_par' dir='ltr' id='par_1_17' title="bbox 109 749 936 792">
     <span class='ocr_line' id='line_1_17' title="bbox 109 749 936 792; baseline -0.006 -11"><span class='ocrx_word' id='word_1_104' title='bbox 109 753 156 781; x_wconf 87' lang='grc' dir='ltr'>καὶ</span> <span class='ocrx_word' id='word_1_105' title='bbox 170 756 205 792; x_wconf 84' lang='grc' dir='ltr'>γῆ</span> <span class='ocrx_word' id='word_1_106' title='bbox 231 752 337 790; x_wconf 81' lang='grc' dir='ltr'>διψῶσα</span> <span class='ocrx_word' id='word_1_107' title='bbox 360 751 556 788; x_wconf 78' lang='grc' dir='ltr'>ἐπιδεομένοις·</span> <span class='ocrx_word' id='word_1_108' title='bbox 573 754 675 789; x_wconf 83' lang='grc' dir='ltr'>χρυσᾶς</span> <span class='ocrx_word' id='word_1_109' title='bbox 699 749 827 780; x_wconf 79' lang='grc' dir='ltr'>ἐπιτιθεὶς</span> <span class='ocrx_word' id='word_1_110' title='bbox 847 759 936 786; x_wconf 80' lang='grc' dir='ltr'>κορω-</span> 
     </span>
    </p>
   </div>
   <div class='ocr_carea' id='block_1_18' title="bbox 109 794 935 835">
    <p class='ocr_par' dir='ltr' id='par_1_18' title="bbox 109 794 935 835">
     <span class='ocr_line' id='line_1_18' title="bbox 109 794 935 835; baseline -0.007 -9"><span class='ocrx_word' id='word_1_111' title='bbox 109 798 186 829; x_wconf 77' lang='grc' dir='ltr'>νίδας</span> <span class='ocrx_word' id='word_1_112' title='bbox 210 797 358 834; x_wconf 76' lang='grc' dir='ltr'>ἱκετηρίαις</span> <span class='ocrx_word' id='word_1_113' title='bbox 381 797 534 835; x_wconf 85' lang='grc' dir='ltr'>γράμμασι,</span> <span class='ocrx_word' id='word_1_114' title='bbox 553 796 718 834; x_wconf 79' lang='grc' dir='ltr'>σφραγίζων,</span> <span class='ocrx_word' id='word_1_115' title='bbox 735 794 935 833; x_wconf 67' lang='grc' dir='ltr'>ἱπισφραγίζων</span> 
     </span>
    </p>
   </div>
   <div class='ocr_carea' id='block_1_19' title="bbox 109 838 934 880">
    <p class='ocr_par' dir='ltr' id='par_1_19' title="bbox 109 838 934 880">
     <span class='ocr_line' id='line_1_19' title="bbox 109 838 934 880; baseline -0.007 -10"><span class='ocrx_word' id='word_1_116' title='bbox 109 843 145 871; x_wconf 79' lang='grc' dir='ltr'>τὰ</span> <span class='ocrx_word' id='word_1_117' title='bbox 161 843 207 880; x_wconf 73' lang='grc' dir='ltr'>μὲν</span> <span class='ocrx_word' id='word_1_118' title='bbox 224 842 254 870; x_wconf 67' lang='grc' dir='ltr'>ἐκ</span> <span class='ocrx_word' id='word_1_119' title='bbox 275 845 380 876; x_wconf 78' lang='grc' dir='ltr'>καινῆς,</span> <span class='ocrx_word' id='word_1_120' title='bbox 397 841 431 868; x_wconf 73' lang='grc' dir='ltr'>τὰ</span> <span class='ocrx_word' id='word_1_121' title='bbox 454 840 477 868; x_wconf 83' lang='grc' dir='ltr'>δ’</span> <span class='ocrx_word' id='word_1_122' title='bbox 502 841 540 872; x_wconf 79' lang='grc' dir='ltr'>εἰς</span> <span class='ocrx_word' id='word_1_123' title='bbox 560 840 657 868; x_wconf 74' lang='grc' dir='ltr'>πλεῖον</span> <span class='ocrx_word' id='word_1_124' title='bbox 677 840 827 876; x_wconf 85' lang='grc' dir='ltr'>στερέωμα,</span> <span class='ocrx_word' id='word_1_125' title='bbox 844 838 869 865; x_wconf 85' lang='grc' dir='ltr'>έν</span> <span class='ocrx_word' id='word_1_126' title='bbox 895 838 934 868; x_wconf 79' lang='grc' dir='ltr'>οἶς</span> 
     </span>
    </p>
   </div>
   <div class='ocr_carea' id='block_1_20' title="bbox 110 883 936 924">
    <p class='ocr_par' dir='ltr' id='par_1_20' title="bbox 110 883 936 924">
     <span class='ocr_line' id='line_1_20' title="bbox 110 883 936 924; baseline -0.007 -9"><span class='ocrx_word' id='word_1_127' title='bbox 110 888 156 915; x_wconf 79' lang='grc' dir='ltr'>καὶ</span> <span class='ocrx_word' id='word_1_128' title='bbox 171 889 189 922; x_wconf 83' lang='grc' dir='ltr'>ἡ</span> <span class='ocrx_word' id='word_1_129' title='bbox 201 889 255 914; x_wconf 86' lang='grc' dir='ltr'>τῶν</span> <span class='ocrx_word' id='word_1_130' title='bbox 269 887 421 921; x_wconf 69' lang='grc' dir='ltr'>ἐκκλησιῶν</span> <span class='ocrx_word' id='word_1_131' title='bbox 438 885 547 924; x_wconf 82' lang='grc' dir='ltr'>φροντὶς</span> <span class='ocrx_word' id='word_1_132' title='bbox 556 885 601 913; x_wconf 87' lang='grc' dir='ltr'>καὶ</span> <span class='ocrx_word' id='word_1_133' title='bbox 615 885 782 922; x_wconf 72' lang='grc' dir='ltr'>προμήθεια,</span> <span class='ocrx_word' id='word_1_134' title='bbox 798 884 829 918; x_wconf 83' lang='grc' dir='ltr'>ἦν</span> <span class='ocrx_word' id='word_1_135' title='bbox 846 883 936 920; x_wconf 71' lang='grc' dir='ltr'>ἀγχοῦ</span> 
     </span>
    </p>
   </div>
   <div class='ocr_carea' id='block_1_21' title="bbox 111 928 936 969">
    <p class='ocr_par' dir='ltr' id='par_1_21' title="bbox 111 928 936 969">
     <span class='ocr_line' id='line_1_21' title="bbox 111 928 936 969; baseline -0.007 -10"><span class='ocrx_word' id='word_1_136' title='bbox 111 942 165 959; x_wconf 86' lang='grc' dir='ltr'>που</span> <span class='ocrx_word' id='word_1_137' title='bbox 179 933 291 969; x_wconf 77' lang='grc' dir='ltr'>ἡμερῶν</span> <span class='ocrx_word' id='word_1_138' title='bbox 307 932 325 966; x_wconf 86' lang='grc' dir='ltr'>ὴ</span> <span class='ocrx_word' id='word_1_139' title='bbox 338 933 392 958; x_wconf 85' lang='grc' dir='ltr'>τῶν</span> <span class='ocrx_word' id='word_1_140' title='bbox 409 929 560 965; x_wconf 77' lang='grc' dir='ltr'>ἐκκλησιῶν</span> <span class='ocrx_word' id='word_1_141' title='bbox 586 929 720 968; x_wconf 79' lang='grc' dir='ltr'>κορυφαία</span> <span class='ocrx_word' id='word_1_142' title='bbox 741 928 844 965; x_wconf 76' lang='grc' dir='ltr'>ἐκρότει</span> <span class='ocrx_word' id='word_1_143' title='bbox 859 937 936 965; x_wconf 88' lang='grc' dir='ltr'>περι-</span> 
     </span>
    </p>
   </div>
   <div class='ocr_carea' id='block_1_22' title="bbox 112 971 936 1013">
    <p class='ocr_par' dir='ltr' id='par_1_22' title="bbox 112 971 936 1013">
     <span class='ocr_line' id='line_1_22' title="bbox 112 971 936 1013; baseline -0.007 -9"><span class='ocrx_word' id='word_1_144' title='bbox 112 976 311 1013; x_wconf 78' lang='grc' dir='ltr'>σαλπιχθεῖσαν</span> <span class='ocrx_word' id='word_1_145' title='bbox 336 974 489 1010; x_wconf 73' lang='grc' dir='ltr'>ἰξάκουστα”</span> <span class='ocrx_word' id='word_1_146' title='bbox 519 975 550 1001; x_wconf 88' lang='grc' dir='ltr'>τὸ</span> <span class='ocrx_word' id='word_1_147' title='bbox 578 977 630 1001; x_wconf 76' lang='grc' dir='ltr'>πᾶν</span> <span class='ocrx_word' id='word_1_148' title='bbox 657 973 740 1001; x_wconf 74' lang='grc' dir='ltr'>εἰπεῖν</span> <span class='ocrx_word' id='word_1_149' title='bbox 759 994 766 1006; x_wconf 91' lang='grc'>,</span> <span class='ocrx_word' id='word_1_150' title='bbox 794 971 936 1009; x_wconf 83' lang='grc' dir='ltr'>θεμελίους</span> 
     </span>
    </p>
   </div>
   <div class='ocr_carea' id='block_1_23' title="bbox 116 1015 936 1060">
    <p class='ocr_par' dir='ltr' id='par_1_23' title="bbox 116 1015 936 1060">
     <span class='ocr_line' id='line_1_23' title="bbox 116 1015 936 1060; baseline -0.007 -12"><span class='ocrx_word' id='word_1_151' title='bbox 116 1021 234 1060; x_wconf 77' lang='grc' dir='ltr'>ὑφιστῶν</span> <span class='ocrx_word' id='word_1_152' title='bbox 263 1019 386 1057; x_wconf 73' lang='grc' dir='ltr'>στερεοὺς</span> <span class='ocrx_word' id='word_1_153' title='bbox 413 1021 453 1055; x_wconf 86' lang='grc' dir='ltr'>τῷ</span> <span class='ocrx_word' id='word_1_154' title='bbox 480 1020 529 1054; x_wconf 81' lang='grc' dir='ltr'>τὴν</span> <span class='ocrx_word' id='word_1_155' title='bbox 559 1018 751 1054; x_wconf 76' lang='grc' dir='ltr'>οἱκουμενικὴν</span> <span class='ocrx_word' id='word_1_156' title='bbox 787 1015 936 1053; x_wconf 77' lang='grc' dir='ltr'>οἰκοδομὴν</span> 
     </span>
    </p>
   </div>
   <div class='ocr_carea' id='block_1_24' title="bbox 116 1060 936 1102">
    <p class='ocr_par' dir='ltr' id='par_1_24' title="bbox 116 1060 936 1102">
     <span class='ocr_line' id='line_1_24' title="bbox 116 1060 936 1102; baseline -0.006 -10"><span class='ocrx_word' id='word_1_157' title='bbox 116 1064 298 1101; x_wconf 75' lang='grc' dir='ltr'>διαδιξομένῳ</span> <span class='ocrx_word' id='word_1_158' title='bbox 314 1064 365 1100; x_wconf 82' lang='grc' dir='ltr'>υἱῷ</span> <span class='ocrx_word' id='word_1_159' title='bbox 382 1063 498 1102; x_wconf 71' lang='grc' dir='ltr'>βασιλεῖ’</span> <span class='ocrx_word' id='word_1_160' title='bbox 515 1063 544 1094; x_wconf 80' lang='grc' dir='ltr'>ὃς</span> <span class='ocrx_word' id='word_1_161' title='bbox 567 1062 624 1100; x_wconf 73' lang='grc' dir='ltr'>ἅμα</span> <span class='ocrx_word' id='word_1_162' title='bbox 650 1063 684 1097; x_wconf 84' lang='grc' dir='ltr'>ἦν</span> <span class='ocrx_word' id='word_1_163' title='bbox 708 1061 752 1090; x_wconf 75' lang='grc' dir='ltr'>ὅτε</span> <span class='ocrx_word' id='word_1_164' title='bbox 774 1060 936 1098; x_wconf 83' lang='grc' dir='ltr'>σπαργάνοις</span> 
     </span>
    </p>
   </div>
   <div class='ocr_carea' id='block_1_25' title="bbox 114 1105 938 1147">
    <p class='ocr_par' dir='ltr' id='par_1_25' title="bbox 114 1105 938 1147">
     <span class='ocr_line' id='line_1_25' title="bbox 114 1105 938 1147; baseline -0.005 -11"><span class='ocrx_word' id='word_1_165' title='bbox 114 1108 302 1147; x_wconf 79' lang='grc' dir='ltr'>περιειλίχθη,</span> <span class='ocrx_word' id='word_1_166' title='bbox 330 1108 375 1136; x_wconf 88' lang='grc' dir='ltr'>καὶ</span> <span class='ocrx_word' id='word_1_167' title='bbox 406 1107 463 1144; x_wconf 78' lang='grc' dir='ltr'>ἅμα</span> <span class='ocrx_word' id='word_1_168' title='bbox 491 1106 640 1143; x_wconf 73' lang='grc' dir='ltr'>διαδήματι</span> <span class='ocrx_word' id='word_1_169' title='bbox 667 1106 863 1144; x_wconf 74' lang='grc' dir='ltr'>περιελήφθη,</span> <span class='ocrx_word' id='word_1_170' title='bbox 893 1105 938 1132; x_wconf 79' lang='grc' dir='ltr'>καὶ</span> 
     </span>
    </p>
   </div>
   <div class='ocr_carea' id='block_1_26' title="bbox 114 1149 939 1191">
    <p class='ocr_par' dir='ltr' id='par_1_26' title="bbox 114 1149 939 1191">
     <span class='ocr_line' id='line_1_26' title="bbox 114 1149 939 1191; baseline -0.006 -10"><span class='ocrx_word' id='word_1_171' title='bbox 114 1153 250 1189; x_wconf 81' lang='grc' dir='ltr'>στέμματι</span> <span class='ocrx_word' id='word_1_172' title='bbox 276 1152 404 1191; x_wconf 77' lang='grc' dir='ltr'>βρεφόθιν</span> <span class='ocrx_word' id='word_1_173' title='bbox 431 1151 551 1189; x_wconf 77' lang='grc' dir='ltr'>ὡραΐσθη</span> <span class='ocrx_word' id='word_1_174' title='bbox 579 1150 713 1189; x_wconf 80' lang='grc' dir='ltr'>βασιλικῷ</span> <span class='ocrx_word' id='word_1_175' title='bbox 730 1172 737 1186; x_wconf 86' lang='grc'>,</span> <span class='ocrx_word' id='word_1_176' title='bbox 759 1149 806 1178; x_wconf 73' lang='grc' dir='ltr'>’ίνα</span> <span class='ocrx_word' id='word_1_177' title='bbox 830 1149 939 1177; x_wconf 85' lang='grc' dir='ltr'>διαπαν-</span> 
     </span>
    </p>
   </div>
   <div class='ocr_carea' id='block_1_27' title="bbox 113 1193 938 1234">
    <p class='ocr_par' dir='ltr' id='par_1_27' title="bbox 113 1193 938 1234">
     <span class='ocr_line' id='line_1_27' title="bbox 113 1193 938 1234; baseline -0.006 -9"><span class='ocrx_word' id='word_1_178' title='bbox 113 1198 161 1228; x_wconf 79' lang='grc' dir='ltr'>τὸς</span> <span class='ocrx_word' id='word_1_179' title='bbox 177 1196 214 1224; x_wconf 83' lang='grc' dir='ltr'>ὢν</span> <span class='ocrx_word' id='word_1_180' title='bbox 230 1196 370 1234; x_wconf 82' lang='grc' dir='ltr'>βασιλιὺς,</span> <span class='ocrx_word' id='word_1_181' title='bbox 394 1195 630 1232; x_wconf 79' lang='grc' dir='ltr'>συνδιῖκνούμενον</span> <span class='ocrx_word' id='word_1_182' title='bbox 647 1194 715 1234; x_wconf 75' lang='grc' dir='ltr'>φέρῃ</span> <span class='ocrx_word' id='word_1_183' title='bbox 729 1198 790 1226; x_wconf 86' lang='grc' dir='ltr'>ταῖς</span> <span class='ocrx_word' id='word_1_184' title='bbox 814 1193 938 1229; x_wconf 81' lang='grc' dir='ltr'>ἡλικίαις</span> 
     </span>
    </p>
   </div>
   <div class='ocr_carea' id='block_1_28' title="bbox 114 1238 938 1278">
    <p class='ocr_par' dir='ltr' id='par_1_28' title="bbox 114 1238 938 1278">
     <span class='ocr_line' id='line_1_28' title="bbox 114 1238 938 1278; baseline -0.005 -9"><span class='ocrx_word' id='word_1_185' title='bbox 114 1242 229 1272; x_wconf 80' lang='grc' dir='ltr'>ἁπάσαις</span> <span class='ocrx_word' id='word_1_186' title='bbox 254 1241 286 1268; x_wconf 87' lang='grc' dir='ltr'>τὸ</span> <span class='ocrx_word' id='word_1_187' title='bbox 309 1243 368 1273; x_wconf 89' lang='grc' dir='ltr'>τοῖς</span> <span class='ocrx_word' id='word_1_188' title='bbox 395 1241 534 1278; x_wconf 71' lang='grc' dir='ltr'>βασιλεῦσι</span> <span class='ocrx_word' id='word_1_189' title='bbox 559 1240 661 1278; x_wconf 88' lang='grc' dir='ltr'>πρέπον</span> <span class='ocrx_word' id='word_1_190' title='bbox 691 1239 865 1277; x_wconf 73' lang='grc' dir='ltr'>εὐεργετικὸν,</span> <span class='ocrx_word' id='word_1_191' title='bbox 893 1238 938 1265; x_wconf 84' lang='grc' dir='ltr'>καὶ</span> 
     </span>
    </p>
   </div>
   <div class='ocr_carea' id='block_1_29' title="bbox 114 1282 936 1321">
    <p class='ocr_par' dir='ltr' id='par_1_29' title="bbox 114 1282 936 1321">
     <span class='ocr_line' id='line_1_29' title="bbox 114 1282 936 1321; baseline -0.006 -8"><span class='ocrx_word' id='word_1_192' title='bbox 114 1285 305 1321; x_wconf 83' lang='grc' dir='ltr'>συνεπαυξάνοι</span> <span class='ocrx_word' id='word_1_193' title='bbox 328 1285 360 1313; x_wconf 83' lang='grc' dir='ltr'>τὸ</span> <span class='ocrx_word' id='word_1_194' title='bbox 385 1284 484 1320; x_wconf 74' lang='grc' dir='ltr'>ἔνθεον,</span> <span class='ocrx_word' id='word_1_195' title='bbox 506 1285 551 1312; x_wconf 84' lang='grc' dir='ltr'>καὶ</span> <span class='ocrx_word' id='word_1_196' title='bbox 575 1285 620 1312; x_wconf 83' lang='grc' dir='ltr'>τὸν</span> <span class='ocrx_word' id='word_1_197' title='bbox 648 1283 731 1321; x_wconf 71' lang='grc' dir='ltr'>μέγαν</span> <span class='ocrx_word' id='word_1_198' title='bbox 758 1282 870 1320; x_wconf 87' lang='grc' dir='ltr'>βασιλέα</span> <span class='ocrx_word' id='word_1_199' title='bbox 892 1283 936 1309; x_wconf 79' lang='grc' dir='ltr'>καὶ</span> 
     </span>
    </p>
   </div>
   <div class='ocr_carea' id='block_1_30' title="bbox 113 1327 937 1367">
    <p class='ocr_par' dir='ltr' id='par_1_30' title="bbox 113 1327 937 1367">
     <span class='ocr_line' id='line_1_30' title="bbox 113 1327 937 1367; baseline -0.005 -10"><span class='ocrx_word' id='word_1_200' title='bbox 113 1329 198 1357; x_wconf 81' lang='grc' dir='ltr'>παῖδα</span> <span class='ocrx_word' id='word_1_201' title='bbox 216 1330 255 1361; x_wconf 84' lang='grc' dir='ltr'>είς</span> <span class='ocrx_word' id='word_1_202' title='bbox 280 1328 364 1367; x_wconf 75' lang='grc' dir='ltr'>ἄνδρα</span> <span class='ocrx_word' id='word_1_203' title='bbox 389 1329 543 1357; x_wconf 77' lang='grc' dir='ltr'>τελιιώσειε</span> <span class='ocrx_word' id='word_1_204' title='bbox 568 1329 706 1366; x_wconf 83' lang='grc' dir='ltr'>μέγιστον,</span> <span class='ocrx_word' id='word_1_205' title='bbox 733 1327 937 1366; x_wconf 85' lang='grc' dir='ltr'>βασιλεύτατον·</span> 
     </span>
    </p>
   </div>
   <div class='ocr_carea' id='block_1_31' title="bbox 115 1373 937 1412">
    <p class='ocr_par' dir='ltr' id='par_1_31' title="bbox 115 1373 937 1412">
     <span class='ocr_line' id='line_1_31' title="bbox 115 1373 937 1412; baseline -0.005 -10"><span class='ocrx_word' id='word_1_206' title='bbox 115 1374 180 1412; x_wconf 75' lang='grc' dir='ltr'>ὅπερ</span> <span class='ocrx_word' id='word_1_207' title='bbox 205 1374 251 1401; x_wconf 80' lang='grc' dir='ltr'>καὶ</span> <span class='ocrx_word' id='word_1_208' title='bbox 274 1373 471 1412; x_wconf 79' lang='grc' dir='ltr'>εὐαγγελίζεται</span> <span class='ocrx_word' id='word_1_209' title='bbox 499 1374 567 1409; x_wconf 85' lang='grc' dir='ltr'>ἡμῖν</span> <span class='ocrx_word' id='word_1_210' title='bbox 593 1374 729 1410; x_wconf 75' lang='grc' dir='ltr'>τεκμήρια</span> <span class='ocrx_word' id='word_1_211' title='bbox 756 1374 937 1410; x_wconf 83' lang='grc' dir='ltr'>παραφαῖνον,</span> 
     </span>
    </p>
   </div>
   <div class='ocr_carea' id='block_1_32' title="bbox 116 1415 938 1454">
    <p class='ocr_par' dir='ltr' id='par_1_32' title="bbox 116 1415 938 1454">
     <span class='ocr_line' id='line_1_32' title="bbox 116 1415 938 1454; baseline -0.005 -8"><span class='ocrx_word' id='word_1_212' title='bbox 116 1420 159 1450; x_wconf 81' lang='grc' dir='ltr'>οἷς</span> <span class='ocrx_word' id='word_1_213' title='bbox 185 1418 235 1447; x_wconf 77' lang='grc' dir='ltr'>οὐκ</span> <span class='ocrx_word' id='word_1_214' title='bbox 259 1418 313 1446; x_wconf 76' lang='grc' dir='ltr'>ἔστι</span> <span class='ocrx_word' id='word_1_215' title='bbox 339 1418 448 1446; x_wconf 81' lang='grc' dir='ltr'>λύεσθαι</span> <span class='ocrx_word' id='word_1_216' title='bbox 471 1418 490 1452; x_wconf 69' lang='grc' dir='ltr'><strong>ἢ</strong></span> <span class='ocrx_word' id='word_1_217' title='bbox 515 1417 651 1446; x_wconf 75' lang='grc' dir='ltr'>ἐκπίπτειν</span> <span class='ocrx_word' id='word_1_218' title='bbox 666 1417 703 1448; x_wconf 83' lang='grc' dir='ltr'>εἷς</span> <span class='ocrx_word' id='word_1_219' title='bbox 722 1417 753 1445; x_wconf 85' lang='grc' dir='ltr'>τὸ</span> <span class='ocrx_word' id='word_1_220' title='bbox 769 1415 938 1454; x_wconf 86' lang='grc' dir='ltr'>δυστέκμαρ-</span> 
     </span>
    </p>
   </div>
   <div class='ocr_carea' id='block_1_33' title="bbox 115 1473 173 1492">
    <p class='ocr_par' dir='ltr' id='par_1_33' title="bbox 115 1473 173 1492">
     <span class='ocr_line' id='line_1_33' title="bbox 115 1473 173 1492; baseline 0.017 -1"><span class='ocrx_word' id='word_1_221' title='bbox 115 1473 160 1491; x_wconf 78' lang='grc' dir='ltr'>τον</span> <span class='ocrx_word' id='word_1_222' title='bbox 166 1485 173 1492; x_wconf 85' lang='grc'><strong>.</strong></span> 
     </span>
    </p>
   </div>
   <div class='ocr_carea' id='block_1_34' title="bbox 153 1565 938 1606">
    <p class='ocr_par' dir='ltr' id='par_1_34' title="bbox 153 1565 938 1606">
     <span class='ocr_line' id='line_1_34' title="bbox 153 1565 938 1606; baseline -0.006 -8"><span class='ocrx_word' id='word_1_223' title='bbox 153 1570 203 1606; x_wconf 78' lang='grc' dir='ltr'>οη“.</span> <span class='ocrx_word' id='word_1_224' title='bbox 219 1568 308 1598; x_wconf 77' lang='grc' dir='ltr'>Ἀλλὰ</span> <span class='ocrx_word' id='word_1_225' title='bbox 323 1579 406 1597; x_wconf 75' lang='grc' dir='ltr'>ταυτα</span> <span class='ocrx_word' id='word_1_226' title='bbox 423 1569 471 1606; x_wconf 88' lang='grc' dir='ltr'>μέν</span> <span class='ocrx_word' id='word_1_227' title='bbox 500 1579 545 1606; x_wconf 84' lang='grc' dir='ltr'>μοι</span> <span class='ocrx_word' id='word_1_228' title='bbox 561 1569 578 1603; x_wconf 82' lang='grc' dir='ltr'>ἡ</span> <span class='ocrx_word' id='word_1_229' title='bbox 595 1568 622 1595; x_wconf 83' lang='grc' dir='ltr'>έν</span> <span class='ocrx_word' id='word_1_230' title='bbox 638 1566 713 1606; x_wconf 80' lang='grc' dir='ltr'>λόγῳ</span> <span class='ocrx_word' id='word_1_231' title='bbox 738 1568 873 1605; x_wconf 81' lang='grc' dir='ltr'>θερμότης</span> <span class='ocrx_word' id='word_1_232' title='bbox 888 1565 938 1601; x_wconf 75' lang='grc' dir='ltr'>ἔξω</span> 
     </span>
    </p>
   </div>
   <div class='ocr_carea' id='block_1_35' title="bbox 115 1611 939 1653">
    <p class='ocr_par' dir='ltr' id='par_1_35' title="bbox 115 1611 939 1653">
     <span class='ocr_line' id='line_1_35' title="bbox 115 1611 939 1653; baseline -0.005 -11"><span class='ocrx_word' id='word_1_233' title='bbox 115 1617 164 1643; x_wconf 72' lang='grc' dir='ltr'>τοῦ</span> <span class='ocrx_word' id='word_1_234' title='bbox 191 1614 372 1653; x_wconf 70' lang='grc' dir='ltr'>προκειμένου</span> <span class='ocrx_word' id='word_1_235' title='bbox 400 1612 552 1652; x_wconf 78' lang='grc' dir='ltr'>παρέθετο.</span> <span class='ocrx_word' id='word_1_236' title='bbox 584 1613 703 1644; x_wconf 83' lang='grc' dir='ltr'>Ἐκεῖνος</span> <span class='ocrx_word' id='word_1_237' title='bbox 734 1611 762 1639; x_wconf 73' lang='grc' dir='ltr'>δὲ</span> <span class='ocrx_word' id='word_1_238' title='bbox 790 1611 853 1640; x_wconf 80' lang='grc' dir='ltr'>ἀλλ’</span> <span class='ocrx_word' id='word_1_239' title='bbox 882 1611 939 1638; x_wconf 81' lang='grc' dir='ltr'>ἐπεὶ</span> 
     </span>
    </p>
   </div>
   <div class='ocr_carea' id='block_1_36' title="bbox 116 1655 938 1698">
    <p class='ocr_par' dir='ltr' id='par_1_36' title="bbox 116 1655 938 1698">
     <span class='ocr_line' id='line_1_36' title="bbox 116 1655 938 1698; baseline -0.006 -11"><span class='ocrx_word' id='word_1_240' title='bbox 116 1660 200 1687; x_wconf 72' lang='grc' dir='ltr'>πάντα</span> <span class='ocrx_word' id='word_1_241' title='bbox 228 1658 312 1698; x_wconf 78' lang='grc' dir='ltr'>πέρας</span> <span class='ocrx_word' id='word_1_242' title='bbox 351 1657 424 1695; x_wconf 81' lang='grc' dir='ltr'>αὖτῷ</span> <span class='ocrx_word' id='word_1_243' title='bbox 462 1657 522 1695; x_wconf 81' lang='grc' dir='ltr'>εὗρε</span> <span class='ocrx_word' id='word_1_244' title='bbox 555 1657 588 1685; x_wconf 77' lang='grc' dir='ltr'>τὰ</span> <span class='ocrx_word' id='word_1_245' title='bbox 615 1657 729 1694; x_wconf 83' lang='grc' dir='ltr'>κρείττω</span> <span class='ocrx_word' id='word_1_246' title='bbox 747 1679 753 1691; x_wconf 85' lang='grc'>,</span> <span class='ocrx_word' id='word_1_247' title='bbox 783 1656 828 1684; x_wconf 80' lang='grc' dir='ltr'>καὶ</span> <span class='ocrx_word' id='word_1_248' title='bbox 855 1655 938 1683; x_wconf 82' lang='grc' dir='ltr'>εἰπεῖν</span> 
     </span>
    </p>
   </div>
   <div class='ocr_carea' id='block_1_37' title="bbox 116 1700 941 1743">
    <p class='ocr_par' dir='ltr' id='par_1_37' title="bbox 116 1700 941 1743">
     <span class='ocr_line' id='line_1_37' title="bbox 116 1700 941 1743; baseline -0.006 -11"><span class='ocrx_word' id='word_1_249' title='bbox 116 1703 180 1743; x_wconf 73' lang='grc' dir='ltr'>ἔσχε</span> <span class='ocrx_word' id='word_1_250' title='bbox 194 1703 238 1732; x_wconf 81' lang='grc' dir='ltr'>καὶ</span> <span class='ocrx_word' id='word_1_251' title='bbox 255 1703 344 1738; x_wconf 74' lang='grc' dir='ltr'>αὐτὸς,</span> <span class='ocrx_word' id='word_1_252' title='bbox 368 1703 405 1734; x_wconf 80' lang='grc' dir='ltr'>ὡς</span> <span class='ocrx_word' id='word_1_253' title='bbox 431 1701 485 1738; x_wconf 75' lang='grc' dir='ltr'>ἤδη</span> <span class='ocrx_word' id='word_1_254' title='bbox 513 1701 676 1735; x_wconf 69' lang='grc' dir='ltr'>τετέλεσται,</span> <span class='ocrx_word' id='word_1_255' title='bbox 700 1701 745 1728; x_wconf 81' lang='grc' dir='ltr'>καὶ</span> <span class='ocrx_word' id='word_1_256' title='bbox 770 1701 787 1728; x_wconf 79' lang='grc' dir='ltr'>ἃ</span> <span class='ocrx_word' id='word_1_257' title='bbox 813 1700 860 1737; x_wconf 70' lang='grc' dir='ltr'>μὲν</span> <span class='ocrx_word' id='word_1_258' title='bbox 873 1700 941 1728; x_wconf 76' lang='grc' dir='ltr'>κατὰ</span> 
     </span>
    </p>
   </div>
   <div class='ocr_carea' id='block_1_38' title="bbox 117 1743 941 1786">
    <p class='ocr_par' dir='ltr' id='par_1_38' title="bbox 117 1743 941 1786">
     <span class='ocr_line' id='line_1_38' title="bbox 117 1743 941 1786; baseline -0.006 -10"><span class='ocrx_word' id='word_1_259' title='bbox 117 1749 215 1777; x_wconf 84' lang='grc' dir='ltr'>σκοπὸν</span> <span class='ocrx_word' id='word_1_260' title='bbox 244 1748 288 1776; x_wconf 80' lang='grc' dir='ltr'>καὶ</span> <span class='ocrx_word' id='word_1_261' title='bbox 316 1749 347 1775; x_wconf 91' lang='grc' dir='ltr'>τὸ</span> <span class='ocrx_word' id='word_1_262' title='bbox 377 1748 512 1786; x_wconf 80' lang='grc' dir='ltr'>βιώσιμον</span> <span class='ocrx_word' id='word_1_263' title='bbox 527 1746 566 1778; x_wconf 70' lang='grc' dir='ltr'>δὲ,</span> <span class='ocrx_word' id='word_1_264' title='bbox 592 1746 755 1785; x_wconf 74' lang='grc' dir='ltr'>ἆποῤῥιπτεῖ</span> <span class='ocrx_word' id='word_1_265' title='bbox 777 1746 824 1783; x_wconf 75' lang='grc' dir='ltr'>μὲν</span> <span class='ocrx_word' id='word_1_266' title='bbox 843 1745 874 1772; x_wconf 87' lang='grc' dir='ltr'>τὸ</span> <span class='ocrx_word' id='word_1_267' title='bbox 890 1743 941 1782; x_wconf 60' lang='grc' dir='ltr'>ἔμα</span> 
     </span>
    </p>
   </div>
   <div class='ocr_carea' id='block_1_39' title="bbox 116 1789 940 1831">
    <p class='ocr_par' dir='ltr' id='par_1_39' title="bbox 116 1789 940 1831">
     <span class='ocr_line' id='line_1_39' title="bbox 116 1789 940 1831; baseline -0.005 -11"><span class='ocrx_word' id='word_1_268' title='bbox 116 1791 185 1828; x_wconf 74' lang='grc' dir='ltr'>ὄιον,</span> <span class='ocrx_word' id='word_1_269' title='bbox 210 1792 311 1831; x_wconf 88' lang='grc' dir='ltr'>γίνεται</span> <span class='ocrx_word' id='word_1_270' title='bbox 339 1790 368 1819; x_wconf 71' lang='grc' dir='ltr'><strong>δὲ</strong></span> <span class='ocrx_word' id='word_1_271' title='bbox 387 1794 436 1820; x_wconf 82' lang='grc' dir='ltr'>τοῦ</span> <span class='ocrx_word' id='word_1_272' title='bbox 460 1789 558 1819; x_wconf 75' lang='grc' dir='ltr'>ἀϐίου.</span> <span class='ocrx_word' id='word_1_273' title='bbox 582 1790 631 1819; x_wconf 81' lang='grc' dir='ltr'>Καὶ</span> <span class='ocrx_word' id='word_1_274' title='bbox 656 1791 757 1828; x_wconf 80' lang='grc' dir='ltr'>χρυσὸς</span> <span class='ocrx_word' id='word_1_275' title='bbox 785 1790 831 1826; x_wconf 72' lang='grc' dir='ltr'>μὶν</span> <span class='ocrx_word' id='word_1_276' title='bbox 858 1789 940 1824; x_wconf 81' lang='grc' dir='ltr'>ἡλίου</span> 
     </span>
    </p>
   </div>
   <div class='ocr_carea' id='block_1_40' title="bbox 116 1835 940 1874">
    <p class='ocr_par' dir='ltr' id='par_1_40' title="bbox 116 1835 940 1874">
     <span class='ocr_line' id='line_1_40' title="bbox 116 1835 940 1874; baseline -0.004 -9"><span class='ocrx_word' id='word_1_277' title='bbox 116 1837 285 1874; x_wconf 77' lang='grc' dir='ltr'>ἇιντίμιμος²</span> <span class='ocrx_word' id='word_1_278' title='bbox 326 1836 372 1864; x_wconf 82' lang='grc' dir='ltr'>καὶ</span> <span class='ocrx_word' id='word_1_279' title='bbox 414 1835 554 1874; x_wconf 78' lang='grc' dir='ltr'>μάργαρος</span> <span class='ocrx_word' id='word_1_280' title='bbox 600 1835 813 1873; x_wconf 77' lang='grc' dir='ltr'>ὑποκρινόμενος</span> <span class='ocrx_word' id='word_1_281' title='bbox 857 1835 913 1872; x_wconf 79' lang='grc' dir='ltr'>φῶς</span> <span class='ocrx_word' id='word_1_282' title='bbox 933 1854 940 1868; x_wconf 91' lang='lat'><strong><em>,</em></strong></span> 
     </span>
    </p>
   </div>
   <div class='ocr_carea' id='block_1_41' title="bbox 117 1877 940 1919">
    <p class='ocr_par' dir='ltr' id='par_1_41' title="bbox 117 1877 940 1919">
     <span class='ocr_line' id='line_1_41' title="bbox 117 1877 940 1919; baseline -0.006 -9"><span class='ocrx_word' id='word_1_283' title='bbox 117 1883 160 1910; x_wconf 82' lang='grc' dir='ltr'>καὶ</span> <span class='ocrx_word' id='word_1_284' title='bbox 211 1881 285 1914; x_wconf 80' lang='grc' dir='ltr'>λίθοι</span> <span class='ocrx_word' id='word_1_285' title='bbox 333 1883 501 1919; x_wconf 83' lang='grc' dir='ltr'>πυραυγεῖς,</span> <span class='ocrx_word' id='word_1_286' title='bbox 545 1880 590 1908; x_wconf 77' lang='grc' dir='ltr'>καὶ</span> <span class='ocrx_word' id='word_1_287' title='bbox 627 1881 685 1907; x_wconf 75' lang='grc' dir='ltr'>ὅσοι</span> <span class='ocrx_word' id='word_1_288' title='bbox 727 1878 829 1910; x_wconf 87' lang='grc' dir='ltr'>κάλλος</span> <span class='ocrx_word' id='word_1_289' title='bbox 873 1877 940 1906; x_wconf 74' lang='grc' dir='ltr'>ἅπαν</span> 
     </span>
    </p>
   </div>
   <div class='ocr_carea' id='block_1_42' title="bbox 117 1922 941 1964">
    <p class='ocr_par' dir='ltr' id='par_1_42' title="bbox 117 1922 941 1964">
     <span class='ocr_line' id='line_1_42' title="bbox 117 1922 941 1964; baseline -0.006 -10"><span class='ocrx_word' id='word_1_290' title='bbox 117 1926 216 1954; x_wconf 84' lang='grc' dir='ltr'>ἀνθέων</span> <span class='ocrx_word' id='word_1_291' title='bbox 267 1924 498 1964; x_wconf 82' lang='grc' dir='ltr'>παρευδοκιμοῦσι</span> <span class='ocrx_word' id='word_1_292' title='bbox 524 1947 530 1956; x_wconf 86' lang='grc'>.</span> <span class='ocrx_word' id='word_1_293' title='bbox 572 1924 725 1963; x_wconf 82' lang='grc' dir='ltr'>λογίζονται</span> <span class='ocrx_word' id='word_1_294' title='bbox 777 1923 841 1951; x_wconf 81' lang='grc' dir='ltr'>ὡσεὶ</span> <span class='ocrx_word' id='word_1_295' title='bbox 893 1922 941 1950; x_wconf 83' lang='grc' dir='ltr'>οὐ-</span> 
     </span>
    </p>
   </div>
   <div class='ocr_carea' id='block_1_43' title="bbox 119 1967 942 2009">
    <p class='ocr_par' dir='ltr' id='par_1_43' title="bbox 119 1967 942 2009">
     <span class='ocr_line' id='line_1_43' title="bbox 139 1967 938 1982; baseline -0.009 0"><span class='ocrx_word' id='word_1_296' title='bbox 139 1971 143 1982; x_wconf 76' lang='grc'><strong>1</strong></span> <span class='ocrx_word' id='word_1_297' title='bbox 228 1971 235 1982; x_wconf 79' lang='grc' dir='ltr'><strong>Ι</strong></span> <span class='ocrx_word' id='word_1_298' title='bbox 541 1970 548 1978; x_wconf 70' lang='grc'><strong>1</strong></span> <span class='ocrx_word' id='word_1_299' title='bbox 616 1969 622 1980; x_wconf 68' lang='grc' dir='ltr'><strong><em>Ι</em></strong></span> <span class='ocrx_word' id='word_1_300' title='bbox 766 1967 780 1978; x_wconf 76' lang='lat' dir='ltr'>)I</span> <span class='ocrx_word' id='word_1_301' title='bbox 928 1967 938 1975; x_wconf 72' lang='lat' dir='ltr'>VI</span> 
     </span>
     <span class='ocr_line' id='line_1_44' title="bbox 119 1969 942 2009; baseline -0.007 -10"><span class='ocrx_word' id='word_1_302' title='bbox 119 1970 185 2000; x_wconf 69' lang='grc' dir='ltr'>δέν.</span> <span class='ocrx_word' id='word_1_303' title='bbox 237 1970 411 2009; x_wconf 81' lang='grc' dir='ltr'>Επικρίνιται</span> <span class='ocrx_word' id='word_1_304' title='bbox 455 1969 484 1997; x_wconf 63' lang='grc' dir='ltr'>δὲ</span> <span class='ocrx_word' id='word_1_305' title='bbox 522 1980 553 1997; x_wconf 83' lang='grc' dir='ltr'>το</span> <span class='ocrx_word' id='word_1_306' title='bbox 594 1979 720 2007; x_wconf 78' lang='grc' dir='ltr'>νυκτερον</span> <span class='ocrx_word' id='word_1_307' title='bbox 763 1978 887 2005; x_wconf 77' lang='grc' dir='ltr'>αμφιον,</span> <span class='ocrx_word' id='word_1_308' title='bbox 928 1976 942 1993; x_wconf 95' lang='lat' dir='ltr'>o</span> 
     </span>
    </p>
   </div>
   <div class='ocr_carea' id='block_1_44' title="bbox 118 2011 942 2052">
    <p class='ocr_par' dir='ltr' id='par_1_44' title="bbox 118 2011 942 2052">
     <span class='ocr_line' id='line_1_45' title="bbox 118 2011 942 2052; baseline -0.006 -9"><span class='ocrx_word' id='word_1_309' title='bbox 118 2017 166 2051; x_wconf 77' lang='grc' dir='ltr'>τὴν</span> <span class='ocrx_word' id='word_1_310' title='bbox 206 2015 339 2043; x_wconf 83' lang='grc' dir='ltr'>εἶσέπειτα</span> <span class='ocrx_word' id='word_1_311' title='bbox 376 2015 481 2052; x_wconf 75' lang='grc' dir='ltr'>ῆμέραν</span> <span class='ocrx_word' id='word_1_312' title='bbox 522 2013 720 2052; x_wconf 78' lang='grc' dir='ltr'>εὐαγγελίζεται</span> <span class='ocrx_word' id='word_1_313' title='bbox 739 2035 745 2047; x_wconf 85' lang='grc'>,</span> <span class='ocrx_word' id='word_1_314' title='bbox 773 2012 806 2047; x_wconf 80' lang='grc' dir='ltr'>ἧς</span> <span class='ocrx_word' id='word_1_315' title='bbox 843 2011 865 2039; x_wconf 76' lang='grc' dir='ltr'>εἰ</span> <span class='ocrx_word' id='word_1_316' title='bbox 895 2011 942 2047; x_wconf 71' lang='grc' dir='ltr'>μὲν</span> 
     </span>
    </p>
   </div>
   <div class='ocr_carea' id='block_1_45' title="bbox 119 2055 943 2099">
    <p class='ocr_par' dir='ltr' id='par_1_45' title="bbox 119 2055 943 2099">
     <span class='ocr_line' id='line_1_46' title="bbox 119 2055 943 2099; baseline -0.007 -11"><span class='ocrx_word' id='word_1_317' title='bbox 119 2061 216 2099; x_wconf 79' lang='grc' dir='ltr'>ὖρθρος</span> <span class='ocrx_word' id='word_1_318' title='bbox 231 2061 429 2098; x_wconf 78' lang='grc' dir='ltr'>προηγήσεται,</span> <span class='ocrx_word' id='word_1_319' title='bbox 447 2058 528 2096; x_wconf 87' lang='grc' dir='ltr'>λόγον</span> <span class='ocrx_word' id='word_1_320' title='bbox 545 2057 574 2086; x_wconf 80' lang='grc' dir='ltr'>ἂν</span> <span class='ocrx_word' id='word_1_321' title='bbox 600 2056 671 2096; x_wconf 66' lang='grc' dir='ltr'>ἕχον</span> <span class='ocrx_word' id='word_1_322' title='bbox 694 2057 789 2088; x_wconf 72' lang='grc' dir='ltr'>νυκτὸς</span> <span class='ocrx_word' id='word_1_323' title='bbox 807 2055 835 2084; x_wconf 74' lang='grc' dir='ltr'>δὲ</span> <span class='ocrx_word' id='word_1_324' title='bbox 850 2055 899 2083; x_wconf 74' lang='grc' dir='ltr'>οὐκ</span> <span class='ocrx_word' id='word_1_325' title='bbox 914 2055 943 2082; x_wconf 69' lang='grc' dir='ltr'>ἂν</span> 
     </span>
    </p>
   </div>
   <div class='ocr_carea' id='block_1_46' title="bbox 119 2100 942 2142">
    <p class='ocr_par' dir='ltr' id='par_1_46' title="bbox 119 2100 942 2142">
     <span class='ocr_line' id='line_1_47' title="bbox 119 2100 942 2142; baseline -0.007 -9"><span class='ocrx_word' id='word_1_326' title='bbox 119 2104 160 2140; x_wconf 64' lang='grc' dir='ltr'>ιτή</span> <span class='ocrx_word' id='word_1_327' title='bbox 178 2103 306 2142; x_wconf 75' lang='grc' dir='ltr'>διαδοχή.</span> <span class='ocrx_word' id='word_1_328' title='bbox 324 2104 376 2132; x_wconf 88' lang='grc' dir='ltr'>Καὶ</span> <span class='ocrx_word' id='word_1_329' title='bbox 402 2100 535 2139; x_wconf 79' lang='grc' dir='ltr'>συμϐόλῳ</span> <span class='ocrx_word' id='word_1_330' title='bbox 559 2102 676 2138; x_wconf 72' lang='grc' dir='ltr'>τοιούτῳ</span> <span class='ocrx_word' id='word_1_331' title='bbox 691 2100 817 2132; x_wconf 75' lang='grc' dir='ltr'>δεδωκὼς</span> <span class='ocrx_word' id='word_1_332' title='bbox 837 2100 942 2134; x_wconf 72' lang='grc' dir='ltr'>ἑαυτὸν,</span> 
     </span>
    </p>
   </div>
   <div class='ocr_carea' id='block_1_47' title="bbox 119 2142 941 2187">
    <p class='ocr_par' dir='ltr' id='par_1_47' title="bbox 119 2142 941 2187">
     <span class='ocr_line' id='line_1_48' title="bbox 119 2142 941 2187; baseline -0.009 -9"><span class='ocrx_word' id='word_1_333' title='bbox 119 2149 282 2187; x_wconf 83' lang='grc' dir='ltr'>ἀπολέγεται</span> <span class='ocrx_word' id='word_1_334' title='bbox 312 2149 358 2185; x_wconf 72' lang='grc' dir='ltr'>μὶν</span> <span class='ocrx_word' id='word_1_335' title='bbox 387 2148 436 2182; x_wconf 82' lang='grc' dir='ltr'>τήν</span> <span class='ocrx_word' id='word_1_336' title='bbox 469 2147 579 2184; x_wconf 75' lang='grc' dir='ltr'>ὑψηλὴν</span> <span class='ocrx_word' id='word_1_337' title='bbox 605 2146 649 2174; x_wconf 77' lang='grc' dir='ltr'>καὶ</span> <span class='ocrx_word' id='word_1_338' title='bbox 664 2146 797 2185; x_wconf 71' lang='grc' dir='ltr'>τρυφερὰν</span> <span class='ocrx_word' id='word_1_339' title='bbox 818 2142 941 2172; x_wconf 77' lang='grc' dir='ltr'>στιϐάδα·</span> 
     </span>
    </p>
   </div>
   <div class='ocr_carea' id='block_1_48' title="bbox 119 2187 943 2234">
    <p class='ocr_par' dir='ltr' id='par_1_48' title="bbox 119 2187 943 2234">
     <span class='ocr_line' id='line_1_49' title="bbox 119 2187 943 2234; baseline -0.008 -12"><span class='ocrx_word' id='word_1_340' title='bbox 119 2194 198 2234; x_wconf 82' lang='grc' dir='ltr'>ρίπας</span> <span class='ocrx_word' id='word_1_341' title='bbox 237 2192 266 2221; x_wconf 65' lang='grc' dir='ltr'>δὲ</span> <span class='ocrx_word' id='word_1_342' title='bbox 306 2192 539 2230; x_wconf 83' lang='grc' dir='ltr'>ὑποστορεσθῆναι</span> <span class='ocrx_word' id='word_1_343' title='bbox 570 2190 708 2226; x_wconf 70' lang='grc' dir='ltr'>θελήσας,</span> <span class='ocrx_word' id='word_1_344' title='bbox 737 2187 865 2228; x_wconf 77' lang='grc' dir='ltr'>τυγχάνει</span> <span class='ocrx_word' id='word_1_345' title='bbox 894 2191 943 2216; x_wconf 79' lang='grc' dir='ltr'>τοῦ</span> 
     </span>
    </p>
   </div>
   <div class='ocr_carea' id='block_1_49' title="bbox 119 2233 943 2278">
    <p class='ocr_par' dir='ltr' id='par_1_49' title="bbox 119 2233 943 2278">
     <span class='ocr_line' id='line_1_50' title="bbox 119 2233 943 2278; baseline -0.007 -12"><span class='ocrx_word' id='word_1_346' title='bbox 119 2239 222 2278; x_wconf 76' lang='grc' dir='ltr'>έφετοῦ.</span> <span class='ocrx_word' id='word_1_347' title='bbox 249 2237 301 2266; x_wconf 83' lang='grc' dir='ltr'>Καὶ</span> <span class='ocrx_word' id='word_1_348' title='bbox 326 2237 469 2275; x_wconf 77' lang='grc' dir='ltr'>στρωμνὴν</span> <span class='ocrx_word' id='word_1_349' title='bbox 495 2235 613 2274; x_wconf 77' lang='grc' dir='ltr'>ἐσχάτην</span> <span class='ocrx_word' id='word_1_350' title='bbox 639 2235 724 2270; x_wconf 76' lang='grc' dir='ltr'>ταύτη</span> <span class='ocrx_word' id='word_1_351' title='bbox 741 2235 827 2270; x_wconf 73' lang='grc' dir='ltr'>ἑαυτῷ</span> <span class='ocrx_word' id='word_1_352' title='bbox 841 2233 943 2278; x_wconf 75' lang='grc' dir='ltr'>τίθεται</span> 
     </span>
    </p>
   </div>
   <div class='ocr_carea' id='block_1_50' title="bbox 119 2269 984 2318">
    <p class='ocr_par' dir='ltr' id='par_1_50' title="bbox 119 2269 984 2318">
     <span class='ocr_line' id='line_1_51' title="bbox 119 2269 984 2318; baseline -0.008 -7"><span class='ocrx_word' id='word_1_353' title='bbox 119 2269 284 2313; x_wconf 49' lang='grc' dir='ltr'>ὁιπολλάκις</span> <span class='ocrx_word' id='word_1_354' title='bbox 298 2269 382 2318; x_wconf 74' lang='grc' dir='ltr'>ὅμοία</span> <span class='ocrx_word' id='word_1_355' title='bbox 398 2281 552 2315; x_wconf 77' lang='grc' dir='ltr'>πεπονθὼς,</span> <span class='ocrx_word' id='word_1_356' title='bbox 569 2281 610 2312; x_wconf 85' lang='grc' dir='ltr'>οἷς</span> <span class='ocrx_word' id='word_1_357' title='bbox 635 2280 700 2317; x_wconf 77' lang='grc' dir='ltr'>ὑπὶρ</span> <span class='ocrx_word' id='word_1_358' title='bbox 727 2281 807 2316; x_wconf 80' lang='grc' dir='ltr'>ἡμῶν</span> <span class='ocrx_word' id='word_1_359' title='bbox 824 2277 942 2313; x_wconf 78' lang='grc' dir='ltr'>ένήολει·</span> <span class='ocrx_word' id='word_1_360' title='bbox 959 2269 984 2303; x_wconf 83' lang='grc' dir='ltr'>Ῑ)</span> 
     </span>
    </p>
   </div>
   <div class='ocr_carea' id='block_1_51' title="bbox 119 2321 942 2361">
    <p class='ocr_par' dir='ltr' id='par_1_51' title="bbox 119 2321 942 2361">
     <span class='ocr_line' id='line_1_52' title="bbox 119 2321 942 2361; baseline -0.006 -7"><span class='ocrx_word' id='word_1_361' title='bbox 119 2327 162 2355; x_wconf 76' lang='grc' dir='ltr'>καί</span> <span class='ocrx_word' id='word_1_362' title='bbox 191 2324 309 2357; x_wconf 70' lang='grc' dir='ltr'>καταϐὰς</span> <span class='ocrx_word' id='word_1_363' title='bbox 335 2327 385 2361; x_wconf 75' lang='grc' dir='ltr'>τὴν</span> <span class='ocrx_word' id='word_1_364' title='bbox 415 2326 441 2353; x_wconf 77' lang='grc' dir='ltr'>έν</span> <span class='ocrx_word' id='word_1_365' title='bbox 470 2325 630 2353; x_wconf 83' lang='grc' dir='ltr'>ταπεινώσει</span> <span class='ocrx_word' id='word_1_366' title='bbox 657 2323 757 2358; x_wconf 71' lang='grc' dir='ltr'>ταύτην</span> <span class='ocrx_word' id='word_1_367' title='bbox 784 2321 942 2357; x_wconf 72' lang='grc' dir='ltr'>κατάϐασιν,</span> 
     </span>
    </p>
   </div>
   <div class='ocr_carea' id='block_1_52' title="bbox 121 2366 943 2408">
    <p class='ocr_par' dir='ltr' id='par_1_52' title="bbox 121 2366 943 2408">
     <span class='ocr_line' id='line_1_53' title="bbox 121 2366 943 2408; baseline -0.007 -8"><span class='ocrx_word' id='word_1_368' title='bbox 121 2369 298 2407; x_wconf 74' lang='grc' dir='ltr'>ἀναϐέϐηκεν,</span> <span class='ocrx_word' id='word_1_369' title='bbox 316 2371 399 2408; x_wconf 72' lang='grc' dir='ltr'>οὗπερ</span> <span class='ocrx_word' id='word_1_370' title='bbox 415 2370 542 2408; x_wconf 78' lang='grc' dir='ltr'>ἀνωτέρω</span> <span class='ocrx_word' id='word_1_371' title='bbox 557 2370 589 2397; x_wconf 82' lang='grc' dir='ltr'>οὐ</span> <span class='ocrx_word' id='word_1_372' title='bbox 610 2369 687 2406; x_wconf 83' lang='grc' dir='ltr'>θέμις</span> <span class='ocrx_word' id='word_1_373' title='bbox 703 2367 824 2400; x_wconf 79' lang='grc' dir='ltr'>ἀνελθεῖν</span> <span class='ocrx_word' id='word_1_374' title='bbox 839 2366 943 2403; x_wconf 73' lang='grc' dir='ltr'>ἄνθρω-</span> 
     </span>
    </p>
   </div>
   <div class='ocr_carea' id='block_1_53' title="bbox 121 2411 944 2455">
    <p class='ocr_par' dir='ltr' id='par_1_53' title="bbox 121 2411 944 2455">
     <span class='ocr_line' id='line_1_54' title="bbox 121 2411 944 2455; baseline -0.007 -11"><span class='ocrx_word' id='word_1_375' title='bbox 121 2427 182 2445; x_wconf 86' lang='grc' dir='ltr'>πον.</span> <span class='ocrx_word' id='word_1_376' title='bbox 206 2417 254 2444; x_wconf 80' lang='grc' dir='ltr'>Καὶ</span> <span class='ocrx_word' id='word_1_377' title='bbox 281 2415 480 2455; x_wconf 75' lang='grc' dir='ltr'>φιλοσοφήσας,</span> <span class='ocrx_word' id='word_1_378' title='bbox 507 2415 556 2442; x_wconf 79' lang='grc' dir='ltr'>ὅσα</span> <span class='ocrx_word' id='word_1_379' title='bbox 580 2414 656 2452; x_wconf 78' lang='grc' dir='ltr'>ψυχὴ</span> <span class='ocrx_word' id='word_1_380' title='bbox 680 2413 783 2451; x_wconf 76' lang='grc' dir='ltr'>καθαρᾶ</span> <span class='ocrx_word' id='word_1_381' title='bbox 798 2411 842 2440; x_wconf 82' lang='grc' dir='ltr'>καὶ</span> <span class='ocrx_word' id='word_1_382' title='bbox 859 2417 944 2444; x_wconf 79' lang='grc' dir='ltr'>θεοει-</span> 
     </span>
    </p>
   </div>
   <div class='ocr_carea' id='block_1_54' title="bbox 122 2457 943 2498">
    <p class='ocr_par' dir='ltr' id='par_1_54' title="bbox 122 2457 943 2498">
     <span class='ocr_line' id='line_1_55' title="bbox 122 2457 943 2498; baseline -0.007 -9"><span class='ocrx_word' id='word_1_383' title='bbox 122 2460 181 2497; x_wconf 83' lang='grc' dir='ltr'>δὴς,</span> <span class='ocrx_word' id='word_1_384' title='bbox 205 2461 358 2498; x_wconf 81' lang='grc' dir='ltr'>μονάζουσα</span> <span class='ocrx_word' id='word_1_385' title='bbox 381 2460 519 2496; x_wconf 83' lang='grc' dir='ltr'>σώματος,</span> <span class='ocrx_word' id='word_1_386' title='bbox 543 2459 588 2486; x_wconf 81' lang='grc' dir='ltr'>καὶ</span> <span class='ocrx_word' id='word_1_387' title='bbox 611 2458 775 2496; x_wconf 80' lang='grc' dir='ltr'>ἐπιγνώμων</span> <span class='ocrx_word' id='word_1_388' title='bbox 798 2457 943 2495; x_wconf 87' lang='grc' dir='ltr'>γενόμενος</span> 
     </span>
    </p>
   </div>
   <div class='ocr_carea' id='block_1_55' title="bbox 120 2501 945 2540">
    <p class='ocr_par' dir='ltr' id='par_1_55' title="bbox 120 2501 945 2540">
     <span class='ocr_line' id='line_1_56' title="bbox 120 2501 945 2540; baseline -0.007 -6"><span class='ocrx_word' id='word_1_389' title='bbox 120 2509 170 2540; x_wconf 85' lang='grc' dir='ltr'>τῆς</span> <span class='ocrx_word' id='word_1_390' title='bbox 186 2505 349 2539; x_wconf 76' lang='grc' dir='ltr'>ἀναλύσεως,</span> <span class='ocrx_word' id='word_1_391' title='bbox 375 2505 418 2532; x_wconf 84' lang='grc' dir='ltr'>καὶ</span> <span class='ocrx_word' id='word_1_392' title='bbox 445 2504 528 2531; x_wconf 68' lang='grc' dir='ltr'>εῗπὼν</span> <span class='ocrx_word' id='word_1_393' title='bbox 554 2505 658 2540; x_wconf 70' lang='grc' dir='ltr'>ἡσυχῆ,</span> <span class='ocrx_word' id='word_1_394' title='bbox 673 2503 718 2530; x_wconf 79' lang='grc' dir='ltr'>καὶ</span> <span class='ocrx_word' id='word_1_395' title='bbox 743 2502 862 2533; x_wconf 80' lang='grc' dir='ltr'>ἀκούσας</span> <span class='ocrx_word' id='word_1_396' title='bbox 877 2501 945 2538; x_wconf 86' lang='grc' dir='ltr'>πρὸς</span> 
     </span>
    </p>
   </div>
   <div class='ocr_carea' id='block_1_56' title="bbox 120 2545 944 2588">
    <p class='ocr_par' dir='ltr' id='par_1_56' title="bbox 120 2545 944 2588">
     <span class='ocr_line' id='line_1_57' title="bbox 120 2545 944 2588; baseline -0.007 -10"><span class='ocrx_word' id='word_1_397' title='bbox 120 2552 172 2578; x_wconf 82' lang='grc' dir='ltr'>τῶν</span> <span class='ocrx_word' id='word_1_398' title='bbox 195 2549 318 2588; x_wconf 79' lang='grc' dir='ltr'>ἔγγιστα,</span> <span class='ocrx_word' id='word_1_399' title='bbox 344 2549 392 2576; x_wconf 76' lang='grc' dir='ltr'>ὅσα</span> <span class='ocrx_word' id='word_1_400' title='bbox 416 2548 513 2586; x_wconf 70' lang='grc' dir='ltr'>ἐχρῆν,</span> <span class='ocrx_word' id='word_1_401' title='bbox 537 2547 658 2582; x_wconf 68' lang='grc' dir='ltr'>ἀπελύθη</span> <span class='ocrx_word' id='word_1_402' title='bbox 683 2547 731 2575; x_wconf 78' lang='grc' dir='ltr'>τοῦ</span> <span class='ocrx_word' id='word_1_403' title='bbox 747 2546 858 2583; x_wconf 76' lang='grc' dir='ltr'>δεσμοῦ·</span> <span class='ocrx_word' id='word_1_404' title='bbox 875 2545 944 2582; x_wconf 84' lang='grc' dir='ltr'>μᾶλ-</span> 
     </span>
    </p>
   </div>
   <div class='ocr_carea' id='block_1_57' title="bbox 121 2589 949 2632">
    <p class='ocr_par' dir='ltr' id='par_1_57' title="bbox 121 2589 949 2632">
     <span class='ocr_line' id='line_1_58' title="bbox 121 2589 949 2632; baseline -0.007 -9"><span class='ocrx_word' id='word_1_405' title='bbox 121 2594 169 2623; x_wconf 89' lang='grc' dir='ltr'>λον</span> <span class='ocrx_word' id='word_1_406' title='bbox 186 2595 232 2632; x_wconf 77' lang='grc' dir='ltr'>μὲν</span> <span class='ocrx_word' id='word_1_407' title='bbox 259 2593 306 2622; x_wconf 77' lang='grc' dir='ltr'>οὖν</span> <span class='ocrx_word' id='word_1_408' title='bbox 331 2593 440 2628; x_wconf 82' lang='grc' dir='ltr'>ἀληθῶς</span> <span class='ocrx_word' id='word_1_409' title='bbox 456 2591 637 2629; x_wconf 81' lang='grc' dir='ltr'>έκδεὸήμηκε,</span> <span class='ocrx_word' id='word_1_410' title='bbox 659 2591 864 2628; x_wconf 72' lang='grc' dir='ltr'>συνταξάμενος,</span> <span class='ocrx_word' id='word_1_411' title='bbox 879 2591 893 2618; x_wconf 80' lang='grc' dir='ltr'><strong>ὃ</strong></span> <span class='ocrx_word' id='word_1_412' title='bbox 910 2589 949 2629; x_wconf 72' lang='grc' dir='ltr'>δὴ</span> 
     </span>
    </p>
   </div>
   <div class='ocr_carea' id='block_1_58' title="bbox 123 2636 944 2677">
    <p class='ocr_par' dir='ltr' id='par_1_58' title="bbox 123 2636 944 2677">
     <span class='ocr_line' id='line_1_59' title="bbox 123 2636 944 2677; baseline -0.006 -10"><span class='ocrx_word' id='word_1_413' title='bbox 123 2640 327 2677; x_wconf 83' lang='grc' dir='ltr'>μακαριώτατον</span> <span class='ocrx_word' id='word_1_414' title='bbox 353 2637 476 2673; x_wconf 80' lang='grc' dir='ltr'>ἀληθῶς,</span> <span class='ocrx_word' id='word_1_415' title='bbox 502 2636 546 2665; x_wconf 87' lang='grc' dir='ltr'>καὶ</span> <span class='ocrx_word' id='word_1_416' title='bbox 570 2637 723 2674; x_wconf 83' lang='grc' dir='ltr'>ἀνθρώποις</span> <span class='ocrx_word' id='word_1_417' title='bbox 743 2647 773 2674; x_wconf 81' lang='grc' dir='ltr'>γε</span> <span class='ocrx_word' id='word_1_418' title='bbox 788 2637 862 2663; x_wconf 76' lang='grc' dir='ltr'>οὖσιν</span> <span class='ocrx_word' id='word_1_419' title='bbox 876 2637 944 2671; x_wconf 82' lang='grc' dir='ltr'>ἡμῖν</span> 
     </span>
    </p>
   </div>
   <div class='ocr_carea' id='block_1_59' title="bbox 122 2680 945 2718">
    <p class='ocr_par' dir='ltr' id='par_1_59' title="bbox 122 2680 945 2718">
     <span class='ocr_line' id='line_1_60' title="bbox 122 2680 945 2718; baseline -0.005 -7"><span class='ocrx_word' id='word_1_420' title='bbox 122 2685 217 2711; x_wconf 76' lang='grc' dir='ltr'>ἅπασιν</span> <span class='ocrx_word' id='word_1_421' title='bbox 245 2682 443 2711; x_wconf 80' lang='grc' dir='ltr'>εὐκταιότατον.</span> <span class='ocrx_word' id='word_1_422' title='bbox 474 2682 583 2709; x_wconf 82' lang='grc' dir='ltr'>Κεῖσθαι</span> <span class='ocrx_word' id='word_1_423' title='bbox 615 2681 663 2717; x_wconf 78' lang='grc' dir='ltr'>μὶν</span> <span class='ocrx_word' id='word_1_424' title='bbox 692 2682 744 2718; x_wconf 84' lang='grc' dir='ltr'>γὰρ</span> <span class='ocrx_word' id='word_1_425' title='bbox 771 2680 945 2717; x_wconf 76' lang='grc' dir='ltr'>ἐμπνέοντα,</span> 
     </span>
    </p>
   </div>
   <div class='ocr_carea' id='block_1_60' title="bbox 120 2724 945 2765">
    <p class='ocr_par' dir='ltr' id='par_1_60' title="bbox 120 2724 945 2765">
     <span class='ocr_line' id='line_1_61' title="bbox 120 2724 945 2765; baseline -0.006 -9"><span class='ocrx_word' id='word_1_426' title='bbox 120 2729 164 2756; x_wconf 88' lang='grc' dir='ltr'>καὶ</span> <span class='ocrx_word' id='word_1_427' title='bbox 177 2730 267 2765; x_wconf 84' lang='grc' dir='ltr'>σιωπῇ</span> <span class='ocrx_word' id='word_1_428' title='bbox 283 2728 462 2764; x_wconf 79' lang='grc' dir='ltr'>κατάσχετον,</span> <span class='ocrx_word' id='word_1_429' title='bbox 479 2727 524 2753; x_wconf 85' lang='grc' dir='ltr'>καὶ</span> <span class='ocrx_word' id='word_1_430' title='bbox 541 2724 602 2753; x_wconf 73' lang='grc' dir='ltr'>οὐδὲ</span> <span class='ocrx_word' id='word_1_431' title='bbox 617 2728 725 2764; x_wconf 79' lang='grc' dir='ltr'>φρονεῖν</span> <span class='ocrx_word' id='word_1_432' title='bbox 748 2724 849 2757; x_wconf 77' lang='grc' dir='ltr'>εἷδότα,</span> <span class='ocrx_word' id='word_1_433' title='bbox 865 2727 945 2752; x_wconf 80' lang='grc' dir='ltr'>τοῦτο</span> 
     </span>
    </p>
   </div>
   <div class='ocr_carea' id='block_1_61' title="bbox 121 2768 944 2810">
    <p class='ocr_par' dir='ltr' id='par_1_61' title="bbox 121 2768 944 2810">
     <span class='ocr_line' id='line_1_62' title="bbox 121 2768 944 2810; baseline -0.005 -10"><span class='ocrx_word' id='word_1_434' title='bbox 121 2772 243 2808; x_wconf 73' lang='grc' dir='ltr'>θνήσκείν</span> <span class='ocrx_word' id='word_1_435' title='bbox 260 2771 289 2799; x_wconf 75' lang='grc' dir='ltr'>ἃν</span> <span class='ocrx_word' id='word_1_436' title='bbox 316 2770 410 2810; x_wconf 70' lang='grc' dir='ltr'>ῥηθείη</span> <span class='ocrx_word' id='word_1_437' title='bbox 427 2770 546 2806; x_wconf 79' lang='grc' dir='ltr'>ἀληθῶς·</span> <span class='ocrx_word' id='word_1_438' title='bbox 575 2771 737 2806; x_wconf 84' lang='grc' dir='ltr'>μεταστῆσαι</span> <span class='ocrx_word' id='word_1_439' title='bbox 755 2768 783 2797; x_wconf 79' lang='grc' dir='ltr'>δὶ</span> <span class='ocrx_word' id='word_1_440' title='bbox 798 2768 944 2804; x_wconf 72' lang='grc' dir='ltr'>λαλοῦντα,</span> 
     </span>
    </p>
   </div>
   <div class='ocr_carea' id='block_1_62' title="bbox 124 2814 943 2854">
    <p class='ocr_par' dir='ltr' id='par_1_62' title="bbox 124 2814 943 2854">
     <span class='ocr_line' id='line_1_63' title="bbox 124 2814 943 2854; baseline -0.005 -9"><span class='ocrx_word' id='word_1_441' title='bbox 124 2818 160 2845; x_wconf 79' lang='grc' dir='ltr'>ὧν</span> <span class='ocrx_word' id='word_1_442' title='bbox 185 2816 350 2854; x_wconf 80' lang='grc' dir='ltr'>μεμνήσεταί</span> <span class='ocrx_word' id='word_1_443' title='bbox 375 2826 417 2848; x_wconf 87' lang='grc' dir='ltr'>τις</span> <span class='ocrx_word' id='word_1_444' title='bbox 438 2814 476 2846; x_wconf 72' lang='grc' dir='ltr'>εἰς</span> <span class='ocrx_word' id='word_1_445' title='bbox 504 2814 613 2852; x_wconf 81' lang='grc' dir='ltr'>ἀγαθὸν,</span> <span class='ocrx_word' id='word_1_446' title='bbox 637 2814 682 2842; x_wconf 83' lang='grc' dir='ltr'>καὶ</span> <span class='ocrx_word' id='word_1_447' title='bbox 707 2816 763 2851; x_wconf 83' lang='grc' dir='ltr'>σῷα</span> <span class='ocrx_word' id='word_1_448' title='bbox 784 2816 943 2853; x_wconf 73' lang='grc' dir='ltr'>φρονοῦντα,</span> 
     </span>
    </p>
   </div>
   <div class='ocr_carea' id='block_1_63' title="bbox 990 260 1814 302">
    <p class='ocr_par' dir='ltr' id='par_1_63' title="bbox 990 260 1814 302">
     <span class='ocr_line' id='line_1_64' title="bbox 990 260 1814 302; baseline 0.008 -15"><span class='ocrx_word' id='word_1_449' title='bbox 990 263 1191 296; x_wconf 79' lang='lat' dir='ltr'>proposuerat,</span> <span class='ocrx_word' id='word_1_450' title='bbox 1218 260 1285 288; x_wconf 80' lang='lat' dir='ltr'>illas</span> <span class='ocrx_word' id='word_1_451' title='bbox 1311 269 1377 289; x_wconf 88' lang='lat' dir='ltr'>vero</span> <span class='ocrx_word' id='word_1_452' title='bbox 1406 265 1525 297; x_wconf 85' lang='lat' dir='ltr'>veteres,</span> <span class='ocrx_word' id='word_1_453' title='bbox 1556 264 1664 300; x_wconf 80' lang='lat' dir='ltr'>quibus</span> <span class='ocrx_word' id='word_1_454' title='bbox 1686 266 1814 302; x_wconf 83' lang='lat' dir='ltr'>exempli</span> 
     </span>
    </p>
   </div>
   <div class='ocr_carea' id='block_1_64' title="bbox 990 306 1815 343">
    <p class='ocr_par' dir='ltr' id='par_1_64' title="bbox 990 306 1815 343">
     <span class='ocr_line' id='line_1_65' title="bbox 990 306 1815 343; baseline 0.007 -11"><span class='ocrx_word' id='word_1_455' title='bbox 990 313 1078 333; x_wconf 85' lang='lat' dir='ltr'>causa</span> <span class='ocrx_word' id='word_1_456' title='bbox 1094 313 1163 333; x_wconf 86' lang='lat' dir='ltr'>suas</span> <span class='ocrx_word' id='word_1_457' title='bbox 1174 306 1375 341; x_wconf 67' lang='lat' dir='ltr'>aquiparabat</span> <span class='ocrx_word' id='word_1_458' title='bbox 1386 315 1393 340; x_wconf 88' lang='lat'><strong>;</strong></span> <span class='ocrx_word' id='word_1_459' title='bbox 1406 307 1550 343; x_wconf 84' lang='lat' dir='ltr'>principia</span> <span class='ocrx_word' id='word_1_460' title='bbox 1559 309 1630 336; x_wconf 80' lang='lat' dir='ltr'>scite</span> <span class='ocrx_word' id='word_1_461' title='bbox 1645 309 1815 338; x_wconf 77' lang='lat' dir='ltr'>discernens</span> 
     </span>
    </p>
   </div>
   <div class='ocr_carea' id='block_1_65' title="bbox 991 349 1814 386">
    <p class='ocr_par' dir='ltr' id='par_1_65' title="bbox 991 349 1814 386">
     <span class='ocr_line' id='line_1_66' title="bbox 991 349 1814 386; baseline 0.009 -11"><span class='ocrx_word' id='word_1_462' title='bbox 991 349 1098 385; x_wconf 84' lang='lat' dir='ltr'>quibus</span> <span class='ocrx_word' id='word_1_463' title='bbox 1111 352 1186 377; x_wconf 87' lang='lat' dir='ltr'>recte</span> <span class='ocrx_word' id='word_1_464' title='bbox 1200 351 1675 386; x_wconf 81' lang='lat' dir='ltr'>gubernanturcivitates;docens</span> <span class='ocrx_word' id='word_1_465' title='bbox 1686 354 1814 382; x_wconf 84' lang='lat' dir='ltr'>sicutvir</span> 
     </span>
    </p>
   </div>
   <div class='ocr_carea' id='block_1_66' title="bbox 989 393 1813 432">
    <p class='ocr_par' dir='ltr' id='par_1_66' title="bbox 989 393 1813 432">
     <span class='ocr_line' id='line_1_67' title="bbox 989 393 1813 432; baseline 0.007 -12"><span class='ocrx_word' id='word_1_466' title='bbox 989 393 1178 429; x_wconf 72' lang='lat' dir='ltr'>apostolicus,</span> <span class='ocrx_word' id='word_1_467' title='bbox 1196 394 1221 422; x_wconf 90' lang='lat' dir='ltr'>si</span> <span class='ocrx_word' id='word_1_468' title='bbox 1238 395 1310 422; x_wconf 78' lang='lat' dir='ltr'>forte</span> <span class='ocrx_word' id='word_1_469' title='bbox 1326 396 1535 424; x_wconf 78' lang='lat' dir='ltr'>documentum</span> <span class='ocrx_word' id='word_1_470' title='bbox 1546 398 1692 432; x_wconf 81' lang='lat' dir='ltr'>quoddam</span> <span class='ocrx_word' id='word_1_471' title='bbox 1706 399 1813 426; x_wconf 87' lang='lat' dir='ltr'>exami-</span> 
     </span>
    </p>
   </div>
   <div class='ocr_carea' id='block_1_67' title="bbox 990 438 1814 478">
    <p class='ocr_par' dir='ltr' id='par_1_67' title="bbox 990 438 1814 478">
     <span class='ocr_line' id='line_1_68' title="bbox 990 438 1814 478; baseline 0.007 -13"><span class='ocrx_word' id='word_1_472' title='bbox 990 439 1121 466; x_wconf 87' lang='lat' dir='ltr'>nandum</span> <span class='ocrx_word' id='word_1_473' title='bbox 1137 441 1215 466; x_wconf 86' lang='lat' dir='ltr'>esset</span> <span class='ocrx_word' id='word_1_474' title='bbox 1229 448 1236 472; x_wconf 90' lang='lat'><strong>;</strong></span> <span class='ocrx_word' id='word_1_475' title='bbox 1253 438 1281 466; x_wconf 91' lang='lat' dir='ltr'>in</span> <span class='ocrx_word' id='word_1_476' title='bbox 1294 439 1418 474; x_wconf 86' lang='lat' dir='ltr'>judiciis</span> <span class='ocrx_word' id='word_1_477' title='bbox 1433 441 1541 468; x_wconf 81' lang='lat' dir='ltr'>divinis</span> <span class='ocrx_word' id='word_1_478' title='bbox 1558 442 1716 477; x_wconf 93' lang='lat' dir='ltr'>procedens</span> <span class='ocrx_word' id='word_1_479' title='bbox 1729 444 1814 478; x_wconf 82' lang='lat' dir='ltr'>juxta</span> 
     </span>
    </p>
   </div>
   <div class='ocr_carea' id='block_1_68' title="bbox 989 482 1812 515">
    <p class='ocr_par' dir='ltr' id='par_1_68' title="bbox 989 482 1812 515">
     <span class='ocr_line' id='line_1_69' title="bbox 989 482 1812 515; baseline 0.007 -6"><span class='ocrx_word' id='word_1_480' title='bbox 989 482 1097 514; x_wconf 78' lang='lat' dir='ltr'>David;</span> <span class='ocrx_word' id='word_1_481' title='bbox 1115 483 1224 511; x_wconf 84' lang='lat' dir='ltr'>divinis</span> <span class='ocrx_word' id='word_1_482' title='bbox 1246 483 1376 511; x_wconf 81' lang='lat' dir='ltr'>scientiis</span> <span class='ocrx_word' id='word_1_483' title='bbox 1404 484 1577 514; x_wconf 82' lang='lat' dir='ltr'>incumbens</span> <span class='ocrx_word' id='word_1_484' title='bbox 1603 486 1704 514; x_wconf 80' lang='lat' dir='ltr'>subtili</span> <span class='ocrx_word' id='word_1_485' title='bbox 1726 487 1812 515; x_wconf 89' lang='lat' dir='ltr'>ratio-</span> 
     </span>
    </p>
   </div>
   <div class='ocr_carea' id='block_1_69' title="bbox 990 526 1815 566">
    <p class='ocr_par' dir='ltr' id='par_1_69' title="bbox 990 526 1815 566">
     <span class='ocr_line' id='line_1_70' title="bbox 990 526 1815 566; baseline 0.006 -12"><span class='ocrx_word' id='word_1_486' title='bbox 990 526 1066 555; x_wconf 83' lang='lat' dir='ltr'>cinio</span> <span class='ocrx_word' id='word_1_487' title='bbox 1081 530 1110 555; x_wconf 90' lang='lat' dir='ltr'>et</span> <span class='ocrx_word' id='word_1_488' title='bbox 1132 528 1246 562; x_wconf 88' lang='lat' dir='ltr'>ardore,</span> <span class='ocrx_word' id='word_1_489' title='bbox 1277 530 1305 555; x_wconf 88' lang='lat' dir='ltr'>et</span> <span class='ocrx_word' id='word_1_490' title='bbox 1332 535 1437 564; x_wconf 90' lang='lat' dir='ltr'>parum</span> <span class='ocrx_word' id='word_1_491' title='bbox 1466 530 1596 564; x_wconf 88' lang='lat' dir='ltr'>corporis</span> <span class='ocrx_word' id='word_1_492' title='bbox 1619 539 1674 566; x_wconf 84' lang='lat' dir='ltr'>ope</span> <span class='ocrx_word' id='word_1_493' title='bbox 1698 532 1815 566; x_wconf 75' lang='lat' dir='ltr'>egenti;</span> 
     </span>
    </p>
   </div>
   <div class='ocr_carea' id='block_1_70' title="bbox 994 571 1814 610">
    <p class='ocr_par' dir='ltr' id='par_1_70' title="bbox 994 571 1814 610">
     <span class='ocr_line' id='line_1_71' title="bbox 994 571 1814 610; baseline 0.007 -12"><span class='ocrx_word' id='word_1_494' title='bbox 994 571 1154 607; x_wconf 80' lang='lat' dir='ltr'>prudenter</span> <span class='ocrx_word' id='word_1_495' title='bbox 1167 580 1221 599; x_wconf 86' lang='lat' dir='ltr'>sua</span> <span class='ocrx_word' id='word_1_496' title='bbox 1236 580 1357 608; x_wconf 84' lang='lat' dir='ltr'>regens;</span> <span class='ocrx_word' id='word_1_497' title='bbox 1376 573 1561 608; x_wconf 82' lang='lat' dir='ltr'>magnanime</span> <span class='ocrx_word' id='word_1_498' title='bbox 1576 582 1640 610; x_wconf 78' lang='lat' dir='ltr'>quea</span> <span class='ocrx_word' id='word_1_499' title='bbox 1656 578 1726 603; x_wconf 87' lang='lat' dir='ltr'>sunt</span> <span class='ocrx_word' id='word_1_500' title='bbox 1737 575 1814 604; x_wconf 85' lang='lat' dir='ltr'>circa</span> 
     </span>
    </p>
   </div>
   <div class='ocr_carea' id='block_1_71' title="bbox 989 615 1814 655">
    <p class='ocr_par' dir='ltr' id='par_1_71' title="bbox 989 615 1814 655">
     <span class='ocr_line' id='line_1_72' title="bbox 989 615 1814 655; baseline 0.006 -11"><span class='ocrx_word' id='word_1_501' title='bbox 989 615 1089 651; x_wconf 87' lang='lat' dir='ltr'>ipsum</span> <span class='ocrx_word' id='word_1_502' title='bbox 1118 616 1267 652; x_wconf 82' lang='lat' dir='ltr'>dirigens;</span> <span class='ocrx_word' id='word_1_503' title='bbox 1293 617 1329 645; x_wconf 86' lang='lat' dir='ltr'>ad</span> <span class='ocrx_word' id='word_1_504' title='bbox 1358 617 1447 645; x_wconf 86' lang='lat' dir='ltr'>ﬂnem</span> <span class='ocrx_word' id='word_1_505' title='bbox 1478 618 1648 654; x_wconf 88' lang='lat' dir='ltr'>perducens,</span> <span class='ocrx_word' id='word_1_506' title='bbox 1673 628 1735 655; x_wconf 72' lang='lat' dir='ltr'>quea</span> <span class='ocrx_word' id='word_1_507' title='bbox 1755 629 1814 649; x_wconf 85' lang='lat' dir='ltr'>non</span> 
     </span>
    </p>
   </div>
   <div class='ocr_carea' id='block_1_72' title="bbox 990 660 1814 698">
    <p class='ocr_par' dir='ltr' id='par_1_72' title="bbox 990 660 1814 698">
     <span class='ocr_line' id='line_1_73' title="bbox 990 660 1814 698; baseline 0.005 -10"><span class='ocrx_word' id='word_1_508' title='bbox 990 661 1026 688; x_wconf 86' lang='lat' dir='ltr'>ab</span> <span class='ocrx_word' id='word_1_509' title='bbox 1048 660 1132 688; x_wconf 88' lang='lat' dir='ltr'>initio</span> <span class='ocrx_word' id='word_1_510' title='bbox 1162 664 1239 689; x_wconf 86' lang='lat' dir='ltr'>recte</span> <span class='ocrx_word' id='word_1_511' title='bbox 1268 662 1304 689; x_wconf 89' lang='lat' dir='ltr'>ad</span> <span class='ocrx_word' id='word_1_512' title='bbox 1331 661 1469 689; x_wconf 89' lang='lat' dir='ltr'>ultimum</span> <span class='ocrx_word' id='word_1_513' title='bbox 1499 663 1587 691; x_wconf 77' lang='lat' dir='ltr'>linem</span> <span class='ocrx_word' id='word_1_514' title='bbox 1618 664 1814 698; x_wconf 83' lang='lat' dir='ltr'>perduxerat;</span> 
     </span>
    </p>
   </div>
   <div class='ocr_carea' id='block_1_73' title="bbox 990 705 1812 743">
    <p class='ocr_par' dir='ltr' id='par_1_73' title="bbox 990 705 1812 743">
     <span class='ocr_line' id='line_1_74' title="bbox 990 705 1812 743; baseline 0.005 -11"><span class='ocrx_word' id='word_1_515' title='bbox 990 705 1116 741; x_wconf 83' lang='lat' dir='ltr'>publicis</span> <span class='ocrx_word' id='word_1_516' title='bbox 1132 709 1159 733; x_wconf 82' lang='lat' dir='ltr'>et</span> <span class='ocrx_word' id='word_1_517' title='bbox 1184 706 1303 742; x_wconf 78' lang='lat' dir='ltr'>privatis</span> <span class='ocrx_word' id='word_1_518' title='bbox 1329 706 1525 743; x_wconf 79' lang='lat' dir='ltr'>dignitatibus</span> <span class='ocrx_word' id='word_1_519' title='bbox 1552 708 1740 742; x_wconf 82' lang='lat' dir='ltr'>perfunctus;</span> <span class='ocrx_word' id='word_1_520' title='bbox 1765 709 1812 736; x_wconf 90' lang='lat' dir='ltr'>di-</span> 
     </span>
    </p>
   </div>
   <div class='ocr_carea' id='block_1_74' title="bbox 989 750 1816 788">
    <p class='ocr_par' dir='ltr' id='par_1_74' title="bbox 989 750 1816 788">
     <span class='ocr_line' id='line_1_75' title="bbox 989 750 1816 788; baseline 0.005 -10"><span class='ocrx_word' id='word_1_521' title='bbox 989 750 1076 778; x_wconf 87' lang='lat' dir='ltr'>vitias</span> <span class='ocrx_word' id='word_1_522' title='bbox 1088 751 1241 779; x_wconf 84' lang='lat' dir='ltr'>cumulans</span> <span class='ocrx_word' id='word_1_523' title='bbox 1253 751 1282 779; x_wconf 90' lang='lat' dir='ltr'>in</span> <span class='ocrx_word' id='word_1_524' title='bbox 1295 761 1344 779; x_wconf 90' lang='lat' dir='ltr'>eos</span> <span class='ocrx_word' id='word_1_525' title='bbox 1355 752 1406 787; x_wconf 87' lang='lat' dir='ltr'>qui</span> <span class='ocrx_word' id='word_1_526' title='bbox 1417 753 1587 788; x_wconf 83' lang='lat' dir='ltr'>indigebant</span> <span class='ocrx_word' id='word_1_527' title='bbox 1597 754 1674 781; x_wconf 83' lang='lat' dir='ltr'>sicut</span> <span class='ocrx_word' id='word_1_528' title='bbox 1685 758 1761 782; x_wconf 88' lang='lat' dir='ltr'>lerra</span> <span class='ocrx_word' id='word_1_529' title='bbox 1772 754 1816 782; x_wconf 82' lang='lat' dir='ltr'>in-</span> 
     </span>
    </p>
   </div>
   <div class='ocr_carea' id='block_1_75' title="bbox 991 798 1815 835">
    <p class='ocr_par' dir='ltr' id='par_1_75' title="bbox 991 798 1815 835">
     <span class='ocr_line' id='line_1_76' title="bbox 991 798 1815 835; baseline 0.005 -12"><span class='ocrx_word' id='word_1_530' title='bbox 991 803 1119 831; x_wconf 83' lang='lat' dir='ltr'>aquosa;</span> <span class='ocrx_word' id='word_1_531' title='bbox 1135 805 1241 824; x_wconf 86' lang='lat' dir='ltr'>aureas</span> <span class='ocrx_word' id='word_1_532' title='bbox 1255 805 1406 832; x_wconf 85' lang='lat' dir='ltr'>apponens</span> <span class='ocrx_word' id='word_1_533' title='bbox 1416 798 1620 826; x_wconf 86' lang='lat' dir='ltr'>conclusiones</span> <span class='ocrx_word' id='word_1_534' title='bbox 1630 799 1815 835; x_wconf 89' lang='lat' dir='ltr'>supplicibus</span> 
     </span>
    </p>
   </div>
   <div class='ocr_carea' id='block_1_76' title="bbox 990 839 1813 878">
    <p class='ocr_par' dir='ltr' id='par_1_76' title="bbox 990 839 1813 878">
     <span class='ocr_line' id='line_1_77' title="bbox 990 839 1813 878; baseline 0.006 -12"><span class='ocrx_word' id='word_1_535' title='bbox 990 839 1108 873; x_wconf 80' lang='lat' dir='ltr'>litteris,</span> <span class='ocrx_word' id='word_1_536' title='bbox 1124 840 1220 876; x_wconf 85' lang='lat' dir='ltr'>sigillo</span> <span class='ocrx_word' id='word_1_537' title='bbox 1240 841 1371 876; x_wconf 75' lang='lat' dir='ltr'>signans,</span> <span class='ocrx_word' id='word_1_538' title='bbox 1397 841 1568 876; x_wconf 82' lang='lat' dir='ltr'>obﬁrmans,</span> <span class='ocrx_word' id='word_1_539' title='bbox 1594 842 1651 870; x_wconf 85' lang='lat' dir='ltr'>alia</span> <span class='ocrx_word' id='word_1_540' title='bbox 1672 843 1708 870; x_wconf 90' lang='lat' dir='ltr'>de</span> <span class='ocrx_word' id='word_1_541' title='bbox 1728 851 1813 878; x_wconf 81' lang='lat' dir='ltr'>novo,</span> 
     </span>
    </p>
   </div>
   <div class='ocr_carea' id='block_1_77' title="bbox 991 883 1817 921">
    <p class='ocr_par' dir='ltr' id='par_1_77' title="bbox 991 883 1817 921">
     <span class='ocr_line' id='line_1_78' title="bbox 991 883 1817 921; baseline 0.006 -11"><span class='ocrx_word' id='word_1_542' title='bbox 991 883 1091 911; x_wconf 84' lang='lat' dir='ltr'>aliain</span> <span class='ocrx_word' id='word_1_543' title='bbox 1117 884 1289 920; x_wconf 78' lang='lat' dir='ltr'>ampliorem</span> <span class='ocrx_word' id='word_1_544' title='bbox 1314 886 1578 921; x_wconf 81' lang='lat' dir='ltr'>confirmationem,</span> <span class='ocrx_word' id='word_1_545' title='bbox 1606 887 1636 914; x_wconf 87' lang='lat' dir='ltr'>in</span> <span class='ocrx_word' id='word_1_546' title='bbox 1665 887 1773 919; x_wconf 82' lang='lat' dir='ltr'>quibus</span> <span class='ocrx_word' id='word_1_547' title='bbox 1788 890 1817 915; x_wconf 89' lang='lat' dir='ltr'>et</span> 
     </span>
    </p>
   </div>
   <div class='ocr_carea' id='block_1_78' title="bbox 991 928 1816 966">
    <p class='ocr_par' dir='ltr' id='par_1_78' title="bbox 991 928 1816 966">
     <span class='ocr_line' id='line_1_79' title="bbox 991 928 1816 966; baseline 0.005 -11"><span class='ocrx_word' id='word_1_548' title='bbox 991 928 1179 956; x_wconf 71' lang='lat' dir='ltr'>ecclesiarum</span> <span class='ocrx_word' id='word_1_549' title='bbox 1207 929 1373 957; x_wconf 88' lang='lat' dir='ltr'>sollicitudo</span> <span class='ocrx_word' id='word_1_550' title='bbox 1402 932 1430 957; x_wconf 88' lang='lat' dir='ltr'>et</span> <span class='ocrx_word' id='word_1_551' title='bbox 1451 930 1630 965; x_wconf 81' lang='lat' dir='ltr'>providentia</span> <span class='ocrx_word' id='word_1_552' title='bbox 1658 940 1747 966; x_wconf 87' lang='lat' dir='ltr'>quam</span> <span class='ocrx_word' id='word_1_553' title='bbox 1769 931 1816 959; x_wconf 89' lang='lat' dir='ltr'>his</span> 
     </span>
    </p>
   </div>
   <div class='ocr_carea' id='block_1_79' title="bbox 991 972 1816 1008">
    <p class='ocr_par' dir='ltr' id='par_1_79' title="bbox 991 972 1816 1008">
     <span class='ocr_line' id='line_1_80' title="bbox 991 972 1816 1008; baseline 0.006 -9"><span class='ocrx_word' id='word_1_554' title='bbox 991 972 1105 1000; x_wconf 84' lang='lat' dir='ltr'>ultimis</span> <span class='ocrx_word' id='word_1_555' title='bbox 1134 973 1237 1001; x_wconf 89' lang='lat' dir='ltr'>diebus</span> <span class='ocrx_word' id='word_1_556' title='bbox 1265 974 1456 1002; x_wconf 81' lang='lat' dir='ltr'>ecclesiarum</span> <span class='ocrx_word' id='word_1_557' title='bbox 1493 975 1610 1008; x_wconf 65' lang='lat' dir='ltr'>fastigia</span> <span class='ocrx_word' id='word_1_558' title='bbox 1639 976 1816 1004; x_wconf 82' lang='lat' dir='ltr'>resonabant</span> 
     </span>
    </p>
   </div>
   <div class='ocr_carea' id='block_1_80' title="bbox 992 1019 1815 1055">
    <p class='ocr_par' dir='ltr' id='par_1_80' title="bbox 992 1019 1815 1055">
     <span class='ocr_line' id='line_1_81' title="bbox 992 1019 1815 1055; baseline 0.005 -10"><span class='ocrx_word' id='word_1_559' title='bbox 992 1019 1131 1046; x_wconf 85' lang='lat' dir='ltr'>tubarum</span> <span class='ocrx_word' id='word_1_560' title='bbox 1148 1019 1267 1053; x_wconf 85' lang='lat' dir='ltr'>sonitu;</span> <span class='ocrx_word' id='word_1_561' title='bbox 1285 1022 1316 1047; x_wconf 88' lang='lat' dir='ltr'>ut</span> <span class='ocrx_word' id='word_1_562' title='bbox 1330 1020 1430 1048; x_wconf 82' lang='lat' dir='ltr'>omnia</span> <span class='ocrx_word' id='word_1_563' title='bbox 1455 1020 1600 1055; x_wconf 80' lang='lat' dir='ltr'>dicamus,</span> <span class='ocrx_word' id='word_1_564' title='bbox 1626 1021 1815 1049; x_wconf 81' lang='lat' dir='ltr'>fundationes</span> 
     </span>
    </p>
   </div>
   <div class='ocr_carea' id='block_1_81' title="bbox 992 1062 1816 1094">
    <p class='ocr_par' dir='ltr' id='par_1_81' title="bbox 992 1062 1816 1094">
     <span class='ocr_line' id='line_1_82' title="bbox 992 1062 1816 1094; baseline 0.006 -5"><span class='ocrx_word' id='word_1_565' title='bbox 992 1062 1102 1090; x_wconf 87' lang='lat' dir='ltr'>solidas</span> <span class='ocrx_word' id='word_1_566' title='bbox 1119 1063 1270 1091; x_wconf 85' lang='lat' dir='ltr'>stabiliens</span> <span class='ocrx_word' id='word_1_567' title='bbox 1296 1064 1356 1091; x_wconf 82' lang='lat' dir='ltr'>filio</span> <span class='ocrx_word' id='word_1_568' title='bbox 1380 1064 1411 1092; x_wconf 90' lang='lat' dir='ltr'>in</span> <span class='ocrx_word' id='word_1_569' title='bbox 1435 1065 1629 1093; x_wconf 72' lang='lat' dir='ltr'>mdiﬁcatione</span> <span class='ocrx_word' id='word_1_570' title='bbox 1658 1065 1816 1094; x_wconf 83' lang='lat' dir='ltr'>universali</span> 
     </span>
    </p>
   </div>
   <div class='ocr_carea' id='block_1_82' title="bbox 993 1109 1816 1144">
    <p class='ocr_par' dir='ltr' id='par_1_82' title="bbox 993 1109 1816 1144">
     <span class='ocr_line' id='line_1_83' title="bbox 993 1109 1816 1144; baseline 0.005 -10"><span class='ocrx_word' id='word_1_571' title='bbox 993 1115 1164 1135; x_wconf 85' lang='lat' dir='ltr'>successuro</span> <span class='ocrx_word' id='word_1_572' title='bbox 1194 1109 1265 1144; x_wconf 84' lang='lat' dir='ltr'>regi,</span> <span class='ocrx_word' id='word_1_573' title='bbox 1295 1109 1346 1144; x_wconf 89' lang='lat' dir='ltr'>qui</span> <span class='ocrx_word' id='word_1_574' title='bbox 1376 1109 1464 1136; x_wconf 89' lang='lat' dir='ltr'>simul</span> <span class='ocrx_word' id='word_1_575' title='bbox 1493 1118 1526 1137; x_wconf 87' lang='lat' dir='ltr'>ac</span> <span class='ocrx_word' id='word_1_576' title='bbox 1556 1110 1637 1137; x_wconf 81' lang='lat' dir='ltr'>faciis</span> <span class='ocrx_word' id='word_1_577' title='bbox 1666 1110 1816 1138; x_wconf 82' lang='lat' dir='ltr'>involutus</span> 
     </span>
    </p>
   </div>
   <div class='ocr_carea' id='block_1_83' title="bbox 993 1151 1816 1190">
    <p class='ocr_par' dir='ltr' id='par_1_83' title="bbox 993 1151 1816 1190">
     <span class='ocr_line' id='line_1_84' title="bbox 993 1151 1816 1190; baseline 0.004 -11"><span class='ocrx_word' id='word_1_578' title='bbox 993 1151 1058 1187; x_wconf 81' lang='lat' dir='ltr'>fuit,</span> <span class='ocrx_word' id='word_1_579' title='bbox 1075 1152 1240 1180; x_wconf 88' lang='lat' dir='ltr'>diademate</span> <span class='ocrx_word' id='word_1_580' title='bbox 1254 1152 1370 1180; x_wconf 87' lang='lat' dir='ltr'>cinctus</span> <span class='ocrx_word' id='word_1_581' title='bbox 1385 1153 1524 1189; x_wconf 85' lang='lat' dir='ltr'>vittisque</span> <span class='ocrx_word' id='word_1_582' title='bbox 1539 1154 1575 1181; x_wconf 84' lang='lat' dir='ltr'>ab</span> <span class='ocrx_word' id='word_1_583' title='bbox 1589 1154 1713 1182; x_wconf 82' lang='lat' dir='ltr'>infantia</span> <span class='ocrx_word' id='word_1_584' title='bbox 1727 1154 1816 1190; x_wconf 85' lang='lat' dir='ltr'>regiis</span> 
     </span>
    </p>
   </div>
   <div class='ocr_carea' id='block_1_84' title="bbox 993 1196 1818 1229">
    <p class='ocr_par' dir='ltr' id='par_1_84' title="bbox 993 1196 1818 1229">
     <span class='ocr_line' id='line_1_85' title="bbox 993 1196 1818 1229; baseline 0.002 -5"><span class='ocrx_word' id='word_1_585' title='bbox 993 1196 1146 1224; x_wconf 85' lang='lat' dir='ltr'>decoratus</span> <span class='ocrx_word' id='word_1_586' title='bbox 1166 1199 1219 1229; x_wconf 87' lang='lat' dir='ltr'>est,</span> <span class='ocrx_word' id='word_1_587' title='bbox 1237 1199 1269 1224; x_wconf 90' lang='lat' dir='ltr'>ut</span> <span class='ocrx_word' id='word_1_588' title='bbox 1284 1197 1420 1224; x_wconf 91' lang='lat' dir='ltr'>omnibus</span> <span class='ocrx_word' id='word_1_589' title='bbox 1444 1198 1574 1225; x_wconf 90' lang='lat' dir='ltr'>numeris</span> <span class='ocrx_word' id='word_1_590' title='bbox 1598 1198 1753 1226; x_wconf 84' lang='lat' dir='ltr'>absolutus</span> <span class='ocrx_word' id='word_1_591' title='bbox 1768 1207 1818 1226; x_wconf 82' lang='lat' dir='ltr'>rex</span> 
     </span>
    </p>
   </div>
   <div class='ocr_carea' id='block_1_85' title="bbox 993 1241 1817 1278">
    <p class='ocr_par' dir='ltr' id='par_1_85' title="bbox 993 1241 1817 1278">
     <span class='ocr_line' id='line_1_86' title="bbox 993 1241 1817 1278; baseline 0.004 -11"><span class='ocrx_word' id='word_1_592' title='bbox 993 1241 1147 1275; x_wconf 77' lang='lat' dir='ltr'>proﬁciens</span> <span class='ocrx_word' id='word_1_593' title='bbox 1172 1241 1252 1268; x_wconf 89' lang='lat' dir='ltr'>omni</span> <span class='ocrx_word' id='word_1_594' title='bbox 1275 1242 1355 1269; x_wconf 66' lang='lat' dir='ltr'>aetati</span> <span class='ocrx_word' id='word_1_595' title='bbox 1384 1244 1511 1277; x_wconf 81' lang='lat' dir='ltr'>gestaret</span> <span class='ocrx_word' id='word_1_596' title='bbox 1537 1243 1712 1270; x_wconf 84' lang='lat' dir='ltr'>beneﬁcium</span> <span class='ocrx_word' id='word_1_597' title='bbox 1736 1251 1817 1278; x_wconf 87' lang='lat' dir='ltr'>reges</span> 
     </span>
    </p>
   </div>
   <div class='ocr_carea' id='block_1_86' title="bbox 993 1285 1816 1323">
    <p class='ocr_par' dir='ltr' id='par_1_86' title="bbox 993 1285 1816 1323">
     <span class='ocr_line' id='line_1_87' title="bbox 993 1285 1816 1323; baseline 0.002 -11"><span class='ocrx_word' id='word_1_598' title='bbox 993 1285 1110 1317; x_wconf 81' lang='lat' dir='ltr'>decens,</span> <span class='ocrx_word' id='word_1_599' title='bbox 1119 1287 1239 1321; x_wconf 83' lang='lat' dir='ltr'>augeret</span> <span class='ocrx_word' id='word_1_600' title='bbox 1246 1285 1521 1322; x_wconf 83' lang='lat' dir='ltr'>divineinspiratam</span> <span class='ocrx_word' id='word_1_601' title='bbox 1529 1287 1669 1319; x_wconf 84' lang='lat' dir='ltr'>dotem,et</span> <span class='ocrx_word' id='word_1_602' title='bbox 1676 1295 1816 1323; x_wconf 81' lang='lat' dir='ltr'>magnum</span> 
     </span>
    </p>
   </div>
   <div class='ocr_carea' id='block_1_87' title="bbox 993 1330 1818 1367">
    <p class='ocr_par' dir='ltr' id='par_1_87' title="bbox 993 1330 1818 1367">
     <span class='ocr_line' id='line_1_88' title="bbox 993 1330 1818 1367; baseline 0.005 -11"><span class='ocrx_word' id='word_1_603' title='bbox 993 1337 1091 1364; x_wconf 85' lang='lat' dir='ltr'>regem</span> <span class='ocrx_word' id='word_1_604' title='bbox 1107 1331 1135 1357; x_wconf 88' lang='lat' dir='ltr'>et</span> <span class='ocrx_word' id='word_1_605' title='bbox 1151 1338 1273 1364; x_wconf 89' lang='lat' dir='ltr'>puerum</span> <span class='ocrx_word' id='word_1_606' title='bbox 1286 1330 1315 1357; x_wconf 89' lang='lat' dir='ltr'>in</span> <span class='ocrx_word' id='word_1_607' title='bbox 1331 1331 1425 1358; x_wconf 91' lang='lat' dir='ltr'>virum</span> <span class='ocrx_word' id='word_1_608' title='bbox 1438 1332 1598 1358; x_wconf 85' lang='lat' dir='ltr'>maximum</span> <span class='ocrx_word' id='word_1_609' title='bbox 1615 1331 1693 1367; x_wconf 82' lang='lat' dir='ltr'>regio</span> <span class='ocrx_word' id='word_1_610' title='bbox 1706 1332 1818 1360; x_wconf 87' lang='lat' dir='ltr'>nomine</span> 
     </span>
    </p>
   </div>
   <div class='ocr_carea' id='block_1_88' title="bbox 993 1373 1816 1410">
    <p class='ocr_par' dir='ltr' id='par_1_88' title="bbox 993 1373 1816 1410">
     <span class='ocr_line' id='line_1_89' title="bbox 993 1373 1816 1410; baseline 0.004 -10"><span class='ocrx_word' id='word_1_611' title='bbox 993 1373 1202 1409; x_wconf 86' lang='lat' dir='ltr'>dignissimum</span> <span class='ocrx_word' id='word_1_612' title='bbox 1219 1378 1457 1409; x_wconf 84' lang='lat' dir='ltr'>consummaret;</span> <span class='ocrx_word' id='word_1_613' title='bbox 1475 1376 1551 1410; x_wconf 87' lang='lat' dir='ltr'>quod</span> <span class='ocrx_word' id='word_1_614' title='bbox 1569 1378 1598 1403; x_wconf 87' lang='lat' dir='ltr'>et</span> <span class='ocrx_word' id='word_1_615' title='bbox 1613 1377 1724 1403; x_wconf 88' lang='lat' dir='ltr'>bonum</span> <span class='ocrx_word' id='word_1_616' title='bbox 1737 1385 1816 1403; x_wconf 92' lang='lat' dir='ltr'>nun-</span> 
     </span>
    </p>
   </div>
   <div class='ocr_carea' id='block_1_89' title="bbox 992 1419 1820 1457">
    <p class='ocr_par' dir='ltr' id='par_1_89' title="bbox 992 1419 1820 1457">
     <span class='ocr_line' id='line_1_90' title="bbox 992 1419 1820 1457; baseline 0.004 -11"><span class='ocrx_word' id='word_1_617' title='bbox 992 1419 1067 1446; x_wconf 87' lang='lat' dir='ltr'>tium</span> <span class='ocrx_word' id='word_1_618' title='bbox 1084 1421 1112 1446; x_wconf 88' lang='lat' dir='ltr'>ct</span> <span class='ocrx_word' id='word_1_619' title='bbox 1126 1419 1244 1454; x_wconf 87' lang='lat' dir='ltr'>signum</span> <span class='ocrx_word' id='word_1_620' title='bbox 1262 1420 1344 1448; x_wconf 84' lang='lat' dir='ltr'>nobis</span> <span class='ocrx_word' id='word_1_621' title='bbox 1357 1421 1480 1448; x_wconf 72' lang='lat' dir='ltr'>efferens</span> <span class='ocrx_word' id='word_1_622' title='bbox 1493 1421 1615 1456; x_wconf 85' lang='lat' dir='ltr'>fulget,a</span> <span class='ocrx_word' id='word_1_623' title='bbox 1630 1430 1687 1457; x_wconf 90' lang='lat' dir='ltr'>quo</span> <span class='ocrx_word' id='word_1_624' title='bbox 1703 1430 1760 1449; x_wconf 88' lang='lat' dir='ltr'>non</span> <span class='ocrx_word' id='word_1_625' title='bbox 1774 1424 1820 1449; x_wconf 84' lang='lat' dir='ltr'>est</span> 
     </span>
    </p>
   </div>
   <div class='ocr_carea' id='block_1_90' title="bbox 993 1463 1816 1500">
    <p class='ocr_par' dir='ltr' id='par_1_90' title="bbox 993 1463 1816 1500">
     <span class='ocr_line' id='line_1_91' title="bbox 993 1463 1816 1500; baseline 0.005 -11"><span class='ocrx_word' id='word_1_626' title='bbox 993 1463 1070 1497; x_wconf 89' lang='lat' dir='ltr'>quod</span> <span class='ocrx_word' id='word_1_627' title='bbox 1086 1463 1235 1490; x_wconf 86' lang='lat' dir='ltr'>solvamur</span> <span class='ocrx_word' id='word_1_628' title='bbox 1250 1466 1278 1490; x_wconf 89' lang='lat' dir='ltr'>et</span> <span class='ocrx_word' id='word_1_629' title='bbox 1293 1464 1321 1490; x_wconf 89' lang='lat' dir='ltr'>in</span> <span class='ocrx_word' id='word_1_630' title='bbox 1338 1464 1536 1492; x_wconf 84' lang='lat' dir='ltr'>infaustorum</span> <span class='ocrx_word' id='word_1_631' title='bbox 1553 1466 1751 1500; x_wconf 84' lang='lat' dir='ltr'>conjecturam</span> <span class='ocrx_word' id='word_1_632' title='bbox 1768 1466 1816 1494; x_wconf 86' lang='lat' dir='ltr'>de-</span> 
     </span>
    </p>
   </div>
   <div class='ocr_carea' id='block_1_91' title="bbox 993 1507 1139 1534">
    <p class='ocr_par' dir='ltr' id='par_1_91' title="bbox 993 1507 1139 1534">
     <span class='ocr_line' id='line_1_92' title="bbox 993 1507 1139 1534; baseline 0 0"><span class='ocrx_word' id='word_1_633' title='bbox 993 1507 1139 1534; x_wconf 87' lang='lat' dir='ltr'>cidamus.</span> 
     </span>
    </p>
   </div>
   <div class='ocr_carea' id='block_1_92' title="bbox 1029 1568 1818 1607">
    <p class='ocr_par' dir='ltr' id='par_1_92' title="bbox 1029 1568 1818 1607">
     <span class='ocr_line' id='line_1_93' title="bbox 1029 1568 1818 1607; baseline 0.004 -12"><span class='ocrx_word' id='word_1_634' title='bbox 1029 1568 1154 1596; x_wconf 72' lang='lat' dir='ltr'>78.Heec</span> <span class='ocrx_word' id='word_1_635' title='bbox 1184 1569 1301 1604; x_wconf 89' lang='lat' dir='ltr'>quidem</span> <span class='ocrx_word' id='word_1_636' title='bbox 1331 1569 1403 1597; x_wconf 89' lang='lat' dir='ltr'>mihi</span> <span class='ocrx_word' id='word_1_637' title='bbox 1434 1571 1575 1598; x_wconf 86' lang='lat' dir='ltr'>sermonis</span> <span class='ocrx_word' id='word_1_638' title='bbox 1606 1571 1692 1598; x_wconf 87' lang='lat' dir='ltr'>nrdor</span> <span class='ocrx_word' id='word_1_639' title='bbox 1714 1573 1818 1607; x_wconf 73' lang='lat' dir='ltr'>praeter</span> 
     </span>
    </p>
   </div>
   <div class='ocr_carea' id='block_1_93' title="bbox 996 1613 1818 1651">
    <p class='ocr_par' dir='ltr' id='par_1_93' title="bbox 996 1613 1818 1651">
     <span class='ocr_line' id='line_1_94' title="bbox 996 1613 1818 1651; baseline 0.005 -12"><span class='ocrx_word' id='word_1_640' title='bbox 996 1615 1203 1649; x_wconf 74' lang='lat' dir='ltr'>argumentum</span> <span class='ocrx_word' id='word_1_641' title='bbox 1220 1614 1354 1648; x_wconf 79' lang='lat' dir='ltr'>subjecit.</span> <span class='ocrx_word' id='word_1_642' title='bbox 1373 1613 1422 1641; x_wconf 88' lang='lat' dir='ltr'>Ille</span> <span class='ocrx_word' id='word_1_643' title='bbox 1442 1623 1508 1642; x_wconf 85' lang='lat' dir='ltr'>vero</span> <span class='ocrx_word' id='word_1_644' title='bbox 1532 1624 1596 1643; x_wconf 92' lang='lat' dir='ltr'>cum</span> <span class='ocrx_word' id='word_1_645' title='bbox 1623 1624 1745 1651; x_wconf 80' lang='lat' dir='ltr'>scopum</span> <span class='ocrx_word' id='word_1_646' title='bbox 1761 1615 1818 1643; x_wconf 84' lang='lat' dir='ltr'>sibi</span> 
     </span>
    </p>
   </div>
   <div class='ocr_carea' id='block_1_94' title="bbox 994 1657 1818 1696">
    <p class='ocr_par' dir='ltr' id='par_1_94' title="bbox 994 1657 1818 1696">
     <span class='ocr_line' id='line_1_95' title="bbox 994 1657 1818 1696; baseline 0.005 -13"><span class='ocrx_word' id='word_1_647' title='bbox 994 1657 1093 1684; x_wconf 81' lang='lat' dir='ltr'>omnia</span> <span class='ocrx_word' id='word_1_648' title='bbox 1121 1657 1232 1684; x_wconf 83' lang='lat' dir='ltr'>invenit</span> <span class='ocrx_word' id='word_1_649' title='bbox 1261 1657 1390 1692; x_wconf 80' lang='lat' dir='ltr'>meliora,</span> <span class='ocrx_word' id='word_1_650' title='bbox 1420 1660 1448 1685; x_wconf 89' lang='lat' dir='ltr'>et</span> <span class='ocrx_word' id='word_1_651' title='bbox 1463 1659 1558 1686; x_wconf 77' lang='lat' dir='ltr'>dicere</span> <span class='ocrx_word' id='word_1_652' title='bbox 1587 1659 1681 1696; x_wconf 87' lang='lat' dir='ltr'>potuit</span> <span class='ocrx_word' id='word_1_653' title='bbox 1705 1662 1734 1687; x_wconf 89' lang='lat' dir='ltr'>et</span> <span class='ocrx_word' id='word_1_654' title='bbox 1756 1659 1818 1696; x_wconf 86' lang='lat' dir='ltr'>ipse</span> 
     </span>
    </p>
   </div>
   <div class='ocr_carea' id='block_1_95' title="bbox 995 1702 1819 1739">
    <p class='ocr_par' dir='ltr' id='par_1_95' title="bbox 995 1702 1819 1739">
     <span class='ocr_line' id='line_1_96' title="bbox 995 1702 1819 1739; baseline 0.004 -11"><span class='ocrx_word' id='word_1_655' title='bbox 995 1702 1071 1738; x_wconf 90' lang='lat' dir='ltr'>quod</span> <span class='ocrx_word' id='word_1_656' title='bbox 1085 1702 1146 1736; x_wconf 88' lang='lat' dir='ltr'>jam</span> <span class='ocrx_word' id='word_1_657' title='bbox 1163 1705 1400 1730; x_wconf 83' lang='lat' dir='ltr'>consummatum</span> <span class='ocrx_word' id='word_1_658' title='bbox 1419 1705 1472 1736; x_wconf 87' lang='lat' dir='ltr'>est,</span> <span class='ocrx_word' id='word_1_659' title='bbox 1490 1704 1566 1739; x_wconf 86' lang='lat' dir='ltr'>quod</span> <span class='ocrx_word' id='word_1_660' title='bbox 1584 1704 1745 1732; x_wconf 85' lang='lat' dir='ltr'>secundum</span> <span class='ocrx_word' id='word_1_661' title='bbox 1761 1706 1819 1731; x_wconf 87' lang='lat' dir='ltr'>ter-</span> 
     </span>
    </p>
   </div>
   <div class='ocr_carea' id='block_1_96' title="bbox 996 1746 1822 1784">
    <p class='ocr_par' dir='ltr' id='par_1_96' title="bbox 996 1746 1822 1784">
     <span class='ocr_line' id='line_1_97' title="bbox 996 1746 1822 1784; baseline 0.004 -11"><span class='ocrx_word' id='word_1_662' title='bbox 996 1746 1107 1774; x_wconf 90' lang='lat' dir='ltr'>minum</span> <span class='ocrx_word' id='word_1_663' title='bbox 1124 1748 1153 1774; x_wconf 89' lang='lat' dir='ltr'>et</span> <span class='ocrx_word' id='word_1_664' title='bbox 1168 1746 1351 1782; x_wconf 79' lang='lat' dir='ltr'>vitalitatem,</span> <span class='ocrx_word' id='word_1_665' title='bbox 1368 1747 1462 1782; x_wconf 87' lang='lat' dir='ltr'>rejicit</span> <span class='ocrx_word' id='word_1_666' title='bbox 1482 1749 1558 1784; x_wconf 90' lang='lat' dir='ltr'>quod</span> <span class='ocrx_word' id='word_1_667' title='bbox 1584 1748 1670 1776; x_wconf 86' lang='lat' dir='ltr'>vitale</span> <span class='ocrx_word' id='word_1_668' title='bbox 1685 1751 1730 1776; x_wconf 86' lang='lat' dir='ltr'>est</span> <span class='ocrx_word' id='word_1_669' title='bbox 1745 1751 1774 1776; x_wconf 90' lang='lat' dir='ltr'>et</span> <span class='ocrx_word' id='word_1_670' title='bbox 1789 1749 1822 1775; x_wconf 83' lang='lat' dir='ltr'>ﬁt</span> 
     </span>
    </p>
   </div>
   <div class='ocr_carea' id='block_1_97' title="bbox 995 1791 1819 1829">
    <p class='ocr_par' dir='ltr' id='par_1_97' title="bbox 995 1791 1819 1829">
     <span class='ocr_line' id='line_1_98' title="bbox 995 1791 1819 1829; baseline 0.002 -11"><span class='ocrx_word' id='word_1_671' title='bbox 995 1791 1059 1818; x_wconf 66' lang='lat' dir='ltr'>vitae</span> <span class='ocrx_word' id='word_1_672' title='bbox 1074 1791 1194 1819; x_wconf 87' lang='lat' dir='ltr'>minime</span> <span class='ocrx_word' id='word_1_673' title='bbox 1222 1791 1318 1819; x_wconf 82' lang='lat' dir='ltr'>vitalis</span> <span class='ocrx_word' id='word_1_674' title='bbox 1347 1792 1503 1829; x_wconf 85' lang='lat' dir='ltr'>particeps.</span> <span class='ocrx_word' id='word_1_675' title='bbox 1537 1794 1570 1820; x_wconf 81' lang='lat' dir='ltr'>Et</span> <span class='ocrx_word' id='word_1_676' title='bbox 1598 1801 1701 1820; x_wconf 86' lang='lat' dir='ltr'>aurum</span> <span class='ocrx_word' id='word_1_677' title='bbox 1728 1792 1819 1821; x_wconf 88' lang='lat' dir='ltr'>solem</span> 
     </span>
    </p>
   </div>
   <div class='ocr_carea' id='block_1_98' title="bbox 997 1836 1821 1874">
    <p class='ocr_par' dir='ltr' id='par_1_98' title="bbox 997 1836 1821 1874">
     <span class='ocr_line' id='line_1_99' title="bbox 997 1836 1821 1874; baseline 0.002 -11"><span class='ocrx_word' id='word_1_678' title='bbox 997 1836 1127 1869; x_wconf 84' lang='lat' dir='ltr'>imitans,</span> <span class='ocrx_word' id='word_1_679' title='bbox 1144 1838 1172 1863; x_wconf 89' lang='lat' dir='ltr'>et</span> <span class='ocrx_word' id='word_1_680' title='bbox 1187 1836 1346 1872; x_wconf 82' lang='lat' dir='ltr'>margarita</span> <span class='ocrx_word' id='word_1_681' title='bbox 1370 1836 1466 1865; x_wconf 90' lang='lat' dir='ltr'>lucem</span> <span class='ocrx_word' id='word_1_682' title='bbox 1495 1837 1639 1866; x_wconf 87' lang='lat' dir='ltr'>simulans</span> <span class='ocrx_word' id='word_1_683' title='bbox 1656 1840 1683 1866; x_wconf 89' lang='lat' dir='ltr'>et</span> <span class='ocrx_word' id='word_1_684' title='bbox 1699 1846 1821 1874; x_wconf 76' lang='lat' dir='ltr'>gemmea</span> 
     </span>
    </p>
   </div>
   <div class='ocr_carea' id='block_1_99' title="bbox 997 1879 1821 1918">
    <p class='ocr_par' dir='ltr' id='par_1_99' title="bbox 997 1879 1821 1918">
     <span class='ocr_line' id='line_1_100' title="bbox 997 1879 1821 1918; baseline 0.004 -11"><span class='ocrx_word' id='word_1_685' title='bbox 997 1879 1162 1916; x_wconf 70' lang='lat' dir='ltr'>ignicolorsa</span> <span class='ocrx_word' id='word_1_686' title='bbox 1183 1882 1212 1908; x_wconf 85' lang='lat' dir='ltr'>et</span> <span class='ocrx_word' id='word_1_687' title='bbox 1233 1889 1295 1916; x_wconf 76' lang='lat' dir='ltr'>quas</span> <span class='ocrx_word' id='word_1_688' title='bbox 1315 1880 1420 1909; x_wconf 85' lang='lat' dir='ltr'>ﬂorum</span> <span class='ocrx_word' id='word_1_689' title='bbox 1436 1881 1685 1918; x_wconf 83' lang='lat' dir='ltr'>pulchritudinem</span> <span class='ocrx_word' id='word_1_690' title='bbox 1702 1890 1821 1910; x_wconf 88' lang='lat' dir='ltr'>omnem</span> 
     </span>
    </p>
   </div>
   <div class='ocr_carea' id='block_1_100' title="bbox 998 1926 1824 1963">
    <p class='ocr_par' dir='ltr' id='par_1_100' title="bbox 998 1926 1824 1963">
     <span class='ocr_line' id='line_1_101' title="bbox 998 1926 1824 1963; baseline 0.002 -11"><span class='ocrx_word' id='word_1_691' title='bbox 998 1927 1139 1960; x_wconf 81' lang='lat' dir='ltr'>superant</span> <span class='ocrx_word' id='word_1_692' title='bbox 1180 1927 1319 1961; x_wconf 82' lang='lat' dir='ltr'>tanquam</span> <span class='ocrx_word' id='word_1_693' title='bbox 1364 1926 1436 1953; x_wconf 86' lang='lat' dir='ltr'>nihil</span> <span class='ocrx_word' id='word_1_694' title='bbox 1475 1927 1668 1954; x_wconf 59' lang='lat' dir='ltr'>aestimantur.</span> <span class='ocrx_word' id='word_1_695' title='bbox 1699 1926 1824 1963; x_wconf 87' lang='lat' dir='ltr'>Eligitur</span> 
     </span>
    </p>
   </div>
   <div class='ocr_carea' id='block_1_101' title="bbox 997 1969 1822 2007">
    <p class='ocr_par' dir='ltr' id='par_1_101' title="bbox 997 1969 1822 2007">
     <span class='ocr_line' id='line_1_102' title="bbox 997 1969 1822 2007; baseline 0.002 -11"><span class='ocrx_word' id='word_1_696' title='bbox 997 1977 1063 1996; x_wconf 90' lang='lat' dir='ltr'>vero</span> <span class='ocrx_word' id='word_1_697' title='bbox 1079 1971 1254 1996; x_wconf 85' lang='lat' dir='ltr'>nocturnum</span> <span class='ocrx_word' id='word_1_698' title='bbox 1267 1969 1473 1998; x_wconf 84' lang='lat' dir='ltr'>indumentum</span> <span class='ocrx_word' id='word_1_699' title='bbox 1489 1972 1564 2006; x_wconf 86' lang='lat' dir='ltr'>quod</span> <span class='ocrx_word' id='word_1_700' title='bbox 1580 1971 1656 1998; x_wconf 68' lang='lat' dir='ltr'>diem</span> <span class='ocrx_word' id='word_1_701' title='bbox 1674 1975 1822 2007; x_wconf 77' lang='lat' dir='ltr'>posterum</span> 
     </span>
    </p>
   </div>
   <div class='ocr_carea' id='block_1_102' title="bbox 998 2013 1822 2049">
    <p class='ocr_par' dir='ltr' id='par_1_102' title="bbox 998 2013 1822 2049">
     <span class='ocr_line' id='line_1_103' title="bbox 998 2013 1822 2049; baseline 0.001 -8"><span class='ocrx_word' id='word_1_702' title='bbox 998 2013 1172 2047; x_wconf 78' lang='lat' dir='ltr'>annuntiat;</span> <span class='ocrx_word' id='word_1_703' title='bbox 1190 2014 1273 2048; x_wconf 84' lang='lat' dir='ltr'>cujus</span> <span class='ocrx_word' id='word_1_704' title='bbox 1289 2013 1312 2041; x_wconf 89' lang='lat' dir='ltr'>si</span> <span class='ocrx_word' id='word_1_705' title='bbox 1330 2013 1493 2042; x_wconf 89' lang='lat' dir='ltr'>diluculum</span> <span class='ocrx_word' id='word_1_706' title='bbox 1512 2016 1654 2049; x_wconf 73' lang='lat' dir='ltr'>praecedet</span> <span class='ocrx_word' id='word_1_707' title='bbox 1669 2015 1736 2042; x_wconf 90' lang='lat' dir='ltr'>huic</span> <span class='ocrx_word' id='word_1_708' title='bbox 1753 2023 1822 2042; x_wconf 89' lang='lat' dir='ltr'>con-</span> 
     </span>
    </p>
   </div>
   <div class='ocr_carea' id='block_1_103' title="bbox 998 2057 1823 2092">
    <p class='ocr_par' dir='ltr' id='par_1_103' title="bbox 998 2057 1823 2092">
     <span class='ocr_line' id='line_1_104' title="bbox 998 2057 1823 2092; baseline 0.001 -7"><span class='ocrx_word' id='word_1_709' title='bbox 998 2061 1139 2085; x_wconf 66' lang='lat' dir='ltr'>sentanea</span> <span class='ocrx_word' id='word_1_710' title='bbox 1153 2057 1218 2092; x_wconf 84' lang='lat' dir='ltr'>erit,</span> <span class='ocrx_word' id='word_1_711' title='bbox 1239 2057 1333 2085; x_wconf 78' lang='lat' dir='ltr'>noctis</span> <span class='ocrx_word' id='word_1_712' title='bbox 1363 2067 1429 2086; x_wconf 78' lang='lat' dir='ltr'>vero</span> <span class='ocrx_word' id='word_1_713' title='bbox 1455 2059 1536 2087; x_wconf 82' lang='lat' dir='ltr'>nulla</span> <span class='ocrx_word' id='word_1_714' title='bbox 1561 2059 1718 2087; x_wconf 81' lang='lat' dir='ltr'>successio.</span> <span class='ocrx_word' id='word_1_715' title='bbox 1735 2059 1771 2086; x_wconf 87' lang='lat' dir='ltr'>Et</span> <span class='ocrx_word' id='word_1_716' title='bbox 1788 2059 1823 2086; x_wconf 84' lang='lat' dir='ltr'>ad</span> 
     </span>
    </p>
   </div>
   <div class='ocr_carea' id='block_1_104' title="bbox 998 2102 1823 2138">
    <p class='ocr_par' dir='ltr' id='par_1_104' title="bbox 998 2102 1823 2138">
     <span class='ocr_line' id='line_1_105' title="bbox 998 2102 1823 2138; baseline 0.002 -9"><span class='ocrx_word' id='word_1_717' title='bbox 998 2102 1115 2138; x_wconf 84' lang='lat' dir='ltr'>signum</span> <span class='ocrx_word' id='word_1_718' title='bbox 1131 2105 1246 2129; x_wconf 86' lang='lat' dir='ltr'>tantum</span> <span class='ocrx_word' id='word_1_719' title='bbox 1260 2102 1308 2138; x_wconf 87' lang='lat' dir='ltr'>qui</span> <span class='ocrx_word' id='word_1_720' title='bbox 1325 2111 1355 2130; x_wconf 89' lang='lat' dir='ltr'>se</span> <span class='ocrx_word' id='word_1_721' title='bbox 1366 2103 1455 2136; x_wconf 80' lang='lat' dir='ltr'>dedit,</span> <span class='ocrx_word' id='word_1_722' title='bbox 1473 2103 1566 2138; x_wconf 81' lang='lat' dir='ltr'>rejicit</span> <span class='ocrx_word' id='word_1_723' title='bbox 1581 2103 1698 2138; x_wconf 88' lang='lat' dir='ltr'>quidem</span> <span class='ocrx_word' id='word_1_724' title='bbox 1712 2103 1823 2131; x_wconf 83' lang='lat' dir='ltr'>elatum</span> 
     </span>
    </p>
   </div>
   <div class='ocr_carea' id='block_1_105' title="bbox 998 2146 1825 2181">
    <p class='ocr_par' dir='ltr' id='par_1_105' title="bbox 998 2146 1825 2181">
     <span class='ocr_line' id='line_1_106' title="bbox 998 2146 1825 2181; baseline 0.002 -8"><span class='ocrx_word' id='word_1_725' title='bbox 998 2149 1027 2174; x_wconf 87' lang='lat' dir='ltr'>et</span> <span class='ocrx_word' id='word_1_726' title='bbox 1042 2146 1198 2174; x_wconf 82' lang='lat' dir='ltr'>delicatum</span> <span class='ocrx_word' id='word_1_727' title='bbox 1215 2147 1321 2174; x_wconf 88' lang='lat' dir='ltr'>lectum</span> <span class='ocrx_word' id='word_1_728' title='bbox 1339 2147 1524 2181; x_wconf 87' lang='lat' dir='ltr'>deiiciosum,</span> <span class='ocrx_word' id='word_1_729' title='bbox 1541 2151 1635 2175; x_wconf 81' lang='lat' dir='ltr'>crates</span> <span class='ocrx_word' id='word_1_730' title='bbox 1651 2156 1716 2175; x_wconf 85' lang='lat' dir='ltr'>vero</span> <span class='ocrx_word' id='word_1_731' title='bbox 1733 2147 1825 2175; x_wconf 80' lang='lat' dir='ltr'>sterni</span> 
     </span>
    </p>
   </div>
   <div class='ocr_carea' id='block_1_106' title="bbox 998 2190 1826 2226">
    <p class='ocr_par' dir='ltr' id='par_1_106' title="bbox 998 2190 1826 2226">
     <span class='ocr_line' id='line_1_107' title="bbox 998 2190 1826 2226; baseline 0.001 -8"><span class='ocrx_word' id='word_1_732' title='bbox 998 2190 1108 2226; x_wconf 85' lang='lat' dir='ltr'>volens,</span> <span class='ocrx_word' id='word_1_733' title='bbox 1123 2191 1199 2226; x_wconf 90' lang='lat' dir='ltr'>quod</span> <span class='ocrx_word' id='word_1_734' title='bbox 1216 2191 1327 2226; x_wconf 87' lang='lat' dir='ltr'>cupivit</span> <span class='ocrx_word' id='word_1_735' title='bbox 1353 2192 1474 2220; x_wconf 91' lang='lat' dir='ltr'>obtinet.</span> <span class='ocrx_word' id='word_1_736' title='bbox 1504 2194 1633 2219; x_wconf 85' lang='lat' dir='ltr'>Stratum</span> <span class='ocrx_word' id='word_1_737' title='bbox 1659 2191 1731 2219; x_wconf 87' lang='lat' dir='ltr'>illud</span> <span class='ocrx_word' id='word_1_738' title='bbox 1757 2192 1826 2219; x_wconf 92' lang='lat' dir='ltr'>ulti-</span> 
     </span>
    </p>
   </div>
   <div class='ocr_carea' id='block_1_107' title="bbox 1000 2235 1825 2272">
    <p class='ocr_par' dir='ltr' id='par_1_107' title="bbox 1000 2235 1825 2272">
     <span class='ocr_line' id='line_1_108' title="bbox 1000 2235 1825 2272; baseline 0.002 -10"><span class='ocrx_word' id='word_1_739' title='bbox 1000 2243 1080 2263; x_wconf 90' lang='lat' dir='ltr'>mum</span> <span class='ocrx_word' id='word_1_740' title='bbox 1095 2235 1152 2263; x_wconf 87' lang='lat' dir='ltr'>sibi</span> <span class='ocrx_word' id='word_1_741' title='bbox 1176 2238 1259 2271; x_wconf 85' lang='lat' dir='ltr'>parat</span> <span class='ocrx_word' id='word_1_742' title='bbox 1283 2235 1332 2271; x_wconf 89' lang='lat' dir='ltr'>qui</span> <span class='ocrx_word' id='word_1_743' title='bbox 1357 2244 1433 2272; x_wconf 72' lang='lat' dir='ltr'>saepe</span> <span class='ocrx_word' id='word_1_744' title='bbox 1458 2236 1568 2264; x_wconf 89' lang='lat' dir='ltr'>similia</span> <span class='ocrx_word' id='word_1_745' title='bbox 1592 2244 1749 2272; x_wconf 86' lang='lat' dir='ltr'>perpessus</span> <span class='ocrx_word' id='word_1_746' title='bbox 1770 2239 1825 2269; x_wconf 83' lang='lat' dir='ltr'>est;</span> 
     </span>
    </p>
   </div>
   <div class='ocr_carea' id='block_1_108' title="bbox 1000 2280 1826 2316">
    <p class='ocr_par' dir='ltr' id='par_1_108' title="bbox 1000 2280 1826 2316">
     <span class='ocr_line' id='line_1_109' title="bbox 1000 2280 1826 2316; baseline 0.002 -9"><span class='ocrx_word' id='word_1_747' title='bbox 1000 2280 1108 2316; x_wconf 85' lang='lat' dir='ltr'>quibus</span> <span class='ocrx_word' id='word_1_748' title='bbox 1125 2289 1176 2316; x_wconf 89' lang='lat' dir='ltr'>pro</span> <span class='ocrx_word' id='word_1_749' title='bbox 1193 2280 1277 2308; x_wconf 91' lang='lat' dir='ltr'>nobis</span> <span class='ocrx_word' id='word_1_750' title='bbox 1303 2289 1333 2307; x_wconf 84' lang='lat' dir='ltr'>se</span> <span class='ocrx_word' id='word_1_751' title='bbox 1358 2281 1520 2313; x_wconf 82' lang='lat' dir='ltr'>exercebat,</span> <span class='ocrx_word' id='word_1_752' title='bbox 1542 2284 1570 2308; x_wconf 85' lang='lat' dir='ltr'>et</span> <span class='ocrx_word' id='word_1_753' title='bbox 1592 2281 1773 2309; x_wconf 81' lang='lat' dir='ltr'>descendens</span> <span class='ocrx_word' id='word_1_754' title='bbox 1789 2282 1826 2309; x_wconf 87' lang='lat' dir='ltr'>ad</span> 
     </span>
    </p>
   </div>
   <div class='ocr_carea' id='block_1_109' title="bbox 997 2324 1824 2360">
    <p class='ocr_par' dir='ltr' id='par_1_109' title="bbox 997 2324 1824 2360">
     <span class='ocr_line' id='line_1_110' title="bbox 997 2324 1824 2360; baseline 0.001 -8"><span class='ocrx_word' id='word_1_755' title='bbox 997 2325 1086 2353; x_wconf 89' lang='lat' dir='ltr'>talem</span> <span class='ocrx_word' id='word_1_756' title='bbox 1102 2325 1131 2352; x_wconf 89' lang='lat' dir='ltr'>in</span> <span class='ocrx_word' id='word_1_757' title='bbox 1148 2324 1315 2352; x_wconf 81' lang='lat' dir='ltr'>humilitate</span> <span class='ocrx_word' id='word_1_758' title='bbox 1330 2325 1561 2360; x_wconf 86' lang='lat' dir='ltr'>depressionem,</span> <span class='ocrx_word' id='word_1_759' title='bbox 1575 2325 1719 2352; x_wconf 80' lang='lat' dir='ltr'>exeltalus</span> <span class='ocrx_word' id='word_1_760' title='bbox 1735 2326 1824 2353; x_wconf 82' lang='lat' dir='ltr'>estad</span> 
     </span>
    </p>
   </div>
   <div class='ocr_carea' id='block_1_110' title="bbox 999 2369 1826 2405">
    <p class='ocr_par' dir='ltr' id='par_1_110' title="bbox 999 2369 1826 2405">
     <span class='ocr_line' id='line_1_111' title="bbox 999 2369 1826 2405; baseline 0 -8"><span class='ocrx_word' id='word_1_761' title='bbox 999 2369 1114 2397; x_wconf 86' lang='lat' dir='ltr'>culmen</span> <span class='ocrx_word' id='word_1_762' title='bbox 1128 2369 1204 2405; x_wconf 89' lang='lat' dir='ltr'>quod</span> <span class='ocrx_word' id='word_1_763' title='bbox 1218 2376 1358 2404; x_wconf 83' lang='lat' dir='ltr'>superare</span> <span class='ocrx_word' id='word_1_764' title='bbox 1369 2377 1461 2404; x_wconf 78' lang='lat' dir='ltr'>genus</span> <span class='ocrx_word' id='word_1_765' title='bbox 1479 2369 1630 2396; x_wconf 85' lang='lat' dir='ltr'>hominum</span> <span class='ocrx_word' id='word_1_766' title='bbox 1648 2370 1691 2396; x_wconf 84' lang='lat' dir='ltr'>fas</span> <span class='ocrx_word' id='word_1_767' title='bbox 1702 2378 1758 2396; x_wconf 91' lang='lat' dir='ltr'>non</span> <span class='ocrx_word' id='word_1_768' title='bbox 1772 2372 1826 2397; x_wconf 86' lang='lat' dir='ltr'>est.</span> 
     </span>
    </p>
   </div>
   <div class='ocr_carea' id='block_1_111' title="bbox 999 2412 1827 2449">
    <p class='ocr_par' dir='ltr' id='par_1_111' title="bbox 999 2412 1827 2449">
     <span class='ocr_line' id='line_1_112' title="bbox 999 2412 1827 2449; baseline 0 -8"><span class='ocrx_word' id='word_1_769' title='bbox 999 2416 1033 2441; x_wconf 90' lang='lat' dir='ltr'>Et</span> <span class='ocrx_word' id='word_1_770' title='bbox 1049 2412 1249 2449; x_wconf 81' lang='lat' dir='ltr'>philosophice</span> <span class='ocrx_word' id='word_1_771' title='bbox 1261 2413 1418 2440; x_wconf 85' lang='lat' dir='ltr'>meditatus</span> <span class='ocrx_word' id='word_1_772' title='bbox 1430 2416 1474 2441; x_wconf 89' lang='lat' dir='ltr'>est</span> <span class='ocrx_word' id='word_1_773' title='bbox 1486 2416 1586 2449; x_wconf 88' lang='lat' dir='ltr'>utpote</span> <span class='ocrx_word' id='word_1_774' title='bbox 1599 2413 1699 2441; x_wconf 81' lang='lat' dir='ltr'>anima</span> <span class='ocrx_word' id='word_1_775' title='bbox 1715 2415 1827 2442; x_wconf 80' lang='lat' dir='ltr'>munda</span> 
     </span>
    </p>
   </div>
   <div class='ocr_carea' id='block_1_112' title="bbox 1000 2457 1827 2494">
    <p class='ocr_par' dir='ltr' id='par_1_112' title="bbox 1000 2457 1827 2494">
     <span class='ocr_line' id='line_1_113' title="bbox 1000 2457 1827 2494; baseline 0 -8"><span class='ocrx_word' id='word_1_776' title='bbox 1000 2461 1028 2486; x_wconf 88' lang='lat' dir='ltr'>et</span> <span class='ocrx_word' id='word_1_777' title='bbox 1052 2458 1109 2486; x_wconf 90' lang='lat' dir='ltr'>Dco</span> <span class='ocrx_word' id='word_1_778' title='bbox 1138 2457 1256 2491; x_wconf 86' lang='lat' dir='ltr'>similis,</span> <span class='ocrx_word' id='word_1_779' title='bbox 1286 2466 1392 2493; x_wconf 87' lang='lat' dir='ltr'>corpus</span> <span class='ocrx_word' id='word_1_780' title='bbox 1422 2457 1594 2494; x_wconf 86' lang='lat' dir='ltr'>relinquens</span> <span class='ocrx_word' id='word_1_781' title='bbox 1621 2461 1649 2486; x_wconf 85' lang='lat' dir='ltr'>et</span> <span class='ocrx_word' id='word_1_782' title='bbox 1677 2458 1827 2486; x_wconf 88' lang='lat' dir='ltr'>liberatio-</span> 
     </span>
    </p>
   </div>
   <div class='ocr_carea' id='block_1_113' title="bbox 1000 2502 1824 2539">
    <p class='ocr_par' dir='ltr' id='par_1_113' title="bbox 1000 2502 1824 2539">
     <span class='ocr_line' id='line_1_114' title="bbox 1000 2502 1824 2539; baseline 0 -9"><span class='ocrx_word' id='word_1_783' title='bbox 1000 2511 1066 2530; x_wconf 91' lang='lat' dir='ltr'>nem</span> <span class='ocrx_word' id='word_1_784' title='bbox 1084 2502 1190 2532; x_wconf 83' lang='lat' dir='ltr'>sciens.</span> <span class='ocrx_word' id='word_1_785' title='bbox 1206 2504 1236 2530; x_wconf 84' lang='lat' dir='ltr'>et</span> <span class='ocrx_word' id='word_1_786' title='bbox 1251 2502 1375 2529; x_wconf 82' lang='lat' dir='ltr'>audiens</span> <span class='ocrx_word' id='word_1_787' title='bbox 1390 2503 1426 2528; x_wconf 85' lang='lat' dir='ltr'>ab</span> <span class='ocrx_word' id='word_1_788' title='bbox 1441 2502 1487 2529; x_wconf 89' lang='lat' dir='ltr'>his</span> <span class='ocrx_word' id='word_1_789' title='bbox 1511 2503 1560 2538; x_wconf 90' lang='lat' dir='ltr'>qui</span> <span class='ocrx_word' id='word_1_790' title='bbox 1578 2504 1716 2530; x_wconf 79' lang='lat' dir='ltr'>astabant</span> <span class='ocrx_word' id='word_1_791' title='bbox 1731 2511 1824 2539; x_wconf 86' lang='lat' dir='ltr'>quan-</span> 
     </span>
    </p>
   </div>
   <div class='ocr_carea' id='block_1_114' title="bbox 1000 2546 1826 2583">
    <p class='ocr_par' dir='ltr' id='par_1_114' title="bbox 1000 2546 1826 2583">
     <span class='ocr_line' id='line_1_115' title="bbox 1000 2546 1826 2583; baseline 0.001 -9"><span class='ocrx_word' id='word_1_792' title='bbox 1000 2549 1062 2574; x_wconf 89' lang='lat' dir='ltr'>tum</span> <span class='ocrx_word' id='word_1_793' title='bbox 1079 2547 1241 2582; x_wconf 85' lang='lat' dir='ltr'>oportebat,</span> <span class='ocrx_word' id='word_1_794' title='bbox 1258 2554 1274 2573; x_wconf 83' lang='lat' dir='ltr'>a</span> <span class='ocrx_word' id='word_1_795' title='bbox 1289 2546 1414 2574; x_wconf 85' lang='lat' dir='ltr'>vinculis</span> <span class='ocrx_word' id='word_1_796' title='bbox 1430 2546 1545 2574; x_wconf 88' lang='lat' dir='ltr'>solutus</span> <span class='ocrx_word' id='word_1_797' title='bbox 1561 2551 1624 2575; x_wconf 88' lang='lat' dir='ltr'>est:</span> <span class='ocrx_word' id='word_1_798' title='bbox 1641 2547 1711 2583; x_wconf 91' lang='lat' dir='ltr'>quin</span> <span class='ocrx_word' id='word_1_799' title='bbox 1728 2548 1826 2575; x_wconf 88' lang='lat' dir='ltr'>verius</span> 
     </span>
    </p>
   </div>
   <div class='ocr_carea' id='block_1_115' title="bbox 1000 2590 1825 2626">
    <p class='ocr_par' dir='ltr' id='par_1_115' title="bbox 1000 2590 1825 2626">
     <span class='ocr_line' id='line_1_116' title="bbox 1000 2590 1825 2626; baseline 0 -8"><span class='ocrx_word' id='word_1_800' title='bbox 1000 2591 1133 2619; x_wconf 86' lang='lat' dir='ltr'>ultimam</span> <span class='ocrx_word' id='word_1_801' title='bbox 1151 2590 1226 2618; x_wconf 86' lang='lat' dir='ltr'>viam</span> <span class='ocrx_word' id='word_1_802' title='bbox 1251 2590 1375 2626; x_wconf 88' lang='lat' dir='ltr'>arripuit</span> <span class='ocrx_word' id='word_1_803' title='bbox 1396 2591 1553 2620; x_wconf 85' lang='lat' dir='ltr'>ordinatim</span> <span class='ocrx_word' id='word_1_804' title='bbox 1580 2591 1729 2625; x_wconf 80' lang='lat' dir='ltr'>incedens,</span> <span class='ocrx_word' id='word_1_805' title='bbox 1745 2591 1825 2619; x_wconf 88' lang='lat' dir='ltr'>illam</span> 
     </span>
    </p>
   </div>
   <div class='ocr_carea' id='block_1_116' title="bbox 1001 2635 1827 2671">
    <p class='ocr_par' dir='ltr' id='par_1_116' title="bbox 1001 2635 1827 2671">
     <span class='ocr_line' id='line_1_117' title="bbox 1001 2635 1827 2671; baseline -0.002 -7"><span class='ocrx_word' id='word_1_806' title='bbox 1001 2645 1064 2671; x_wconf 78' lang='lat' dir='ltr'>quae</span> <span class='ocrx_word' id='word_1_807' title='bbox 1079 2644 1144 2664; x_wconf 88' lang='lat' dir='ltr'>vere</span> <span class='ocrx_word' id='word_1_808' title='bbox 1158 2635 1331 2663; x_wconf 85' lang='lat' dir='ltr'>beatissima</span> <span class='ocrx_word' id='word_1_809' title='bbox 1346 2637 1391 2663; x_wconf 85' lang='lat' dir='ltr'>est</span> <span class='ocrx_word' id='word_1_810' title='bbox 1406 2638 1434 2663; x_wconf 91' lang='lat' dir='ltr'>et</span> <span class='ocrx_word' id='word_1_811' title='bbox 1449 2636 1616 2664; x_wconf 87' lang='lat' dir='ltr'>hominibus</span> <span class='ocrx_word' id='word_1_812' title='bbox 1628 2637 1713 2665; x_wconf 91' lang='lat' dir='ltr'>nobis</span> <span class='ocrx_word' id='word_1_813' title='bbox 1729 2635 1827 2664; x_wconf 88' lang='lat' dir='ltr'>omni-</span> 
     </span>
    </p>
   </div>
   <div class='ocr_carea' id='block_1_117' title="bbox 1001 2679 1826 2716">
    <p class='ocr_par' dir='ltr' id='par_1_117' title="bbox 1001 2679 1826 2716">
     <span class='ocr_line' id='line_1_118' title="bbox 1001 2679 1826 2716; baseline -0.001 -8"><span class='ocrx_word' id='word_1_814' title='bbox 1001 2682 1056 2708; x_wconf 90' lang='lat' dir='ltr'>bus</span> <span class='ocrx_word' id='word_1_815' title='bbox 1086 2680 1211 2708; x_wconf 85' lang='lat' dir='ltr'>maxime</span> <span class='ocrx_word' id='word_1_816' title='bbox 1238 2679 1453 2707; x_wconf 83' lang='lat' dir='ltr'>desiderabilis.</span> <span class='ocrx_word' id='word_1_817' title='bbox 1484 2681 1556 2708; x_wconf 85' lang='lat' dir='ltr'>Nam</span> <span class='ocrx_word' id='word_1_818' title='bbox 1583 2682 1680 2716; x_wconf 81' lang='lat' dir='ltr'>jacere</span> <span class='ocrx_word' id='word_1_819' title='bbox 1707 2680 1826 2716; x_wconf 89' lang='lat' dir='ltr'>quidem</span> 
     </span>
    </p>
   </div>
   <div class='ocr_carea' id='block_1_118' title="bbox 1001 2724 1827 2762">
    <p class='ocr_par' dir='ltr' id='par_1_118' title="bbox 1001 2724 1827 2762">
     <span class='ocr_line' id='line_1_119' title="bbox 1001 2724 1827 2762; baseline -0.002 -9"><span class='ocrx_word' id='word_1_820' title='bbox 1001 2726 1160 2762; x_wconf 86' lang='lat' dir='ltr'>spirantem</span> <span class='ocrx_word' id='word_1_821' title='bbox 1193 2727 1222 2751; x_wconf 87' lang='lat' dir='ltr'>et</span> <span class='ocrx_word' id='word_1_822' title='bbox 1250 2724 1279 2751; x_wconf 91' lang='lat' dir='ltr'>in</span> <span class='ocrx_word' id='word_1_823' title='bbox 1309 2724 1425 2752; x_wconf 88' lang='lat' dir='ltr'>silentio</span> <span class='ocrx_word' id='word_1_824' title='bbox 1458 2726 1661 2761; x_wconf 65' lang='lat' dir='ltr'>prmpeditum,</span> <span class='ocrx_word' id='word_1_825' title='bbox 1692 2726 1827 2753; x_wconf 80' lang='lat' dir='ltr'>nescien—</span> 
     </span>
    </p>
   </div>
   <div class='ocr_carea' id='block_1_119' title="bbox 1000 2768 1827 2805">
    <p class='ocr_par' dir='ltr' id='par_1_119' title="bbox 1000 2768 1827 2805">
     <span class='ocr_line' id='line_1_120' title="bbox 1000 2768 1827 2805; baseline -0.002 -7"><span class='ocrx_word' id='word_1_826' title='bbox 1000 2772 1119 2805; x_wconf 86' lang='lat' dir='ltr'>temque</span> <span class='ocrx_word' id='word_1_827' title='bbox 1136 2768 1330 2805; x_wconf 85' lang='lat' dir='ltr'>prudentiam,</span> <span class='ocrx_word' id='word_1_828' title='bbox 1347 2768 1420 2796; x_wconf 91' lang='lat' dir='ltr'>illud</span> <span class='ocrx_word' id='word_1_829' title='bbox 1435 2778 1500 2797; x_wconf 88' lang='lat' dir='ltr'>vere</span> <span class='ocrx_word' id='word_1_830' title='bbox 1530 2769 1603 2797; x_wconf 88' lang='lat' dir='ltr'>mori</span> <span class='ocrx_word' id='word_1_831' title='bbox 1626 2769 1753 2803; x_wconf 86' lang='lat' dir='ltr'>dicitur;</span> <span class='ocrx_word' id='word_1_832' title='bbox 1770 2769 1827 2796; x_wconf 91' lang='lat' dir='ltr'>im-</span> 
     </span>
    </p>
   </div>
   <div class='ocr_carea' id='block_1_120' title="bbox 1001 2813 1827 2851">
    <p class='ocr_par' dir='ltr' id='par_1_120' title="bbox 1001 2813 1827 2851">
     <span class='ocr_line' id='line_1_121' title="bbox 1001 2813 1827 2851; baseline 0.002 -9"><span class='ocrx_word' id='word_1_833' title='bbox 1001 2814 1108 2843; x_wconf 86' lang='lat' dir='ltr'>mutari</span> <span class='ocrx_word' id='word_1_834' title='bbox 1125 2821 1191 2842; x_wconf 88' lang='lat' dir='ltr'>vero</span> <span class='ocrx_word' id='word_1_835' title='bbox 1203 2813 1374 2850; x_wconf 81' lang='lat' dir='ltr'>loquentem</span> <span class='ocrx_word' id='word_1_836' title='bbox 1388 2814 1423 2843; x_wconf 85' lang='lat' dir='ltr'>de</span> <span class='ocrx_word' id='word_1_837' title='bbox 1439 2814 1475 2843; x_wconf 88' lang='lat' dir='ltr'>iis</span> <span class='ocrx_word' id='word_1_838' title='bbox 1503 2823 1630 2851; x_wconf 90' lang='lat' dir='ltr'>quorum</span> <span class='ocrx_word' id='word_1_839' title='bbox 1656 2814 1827 2844; x_wconf 84' lang='lat' dir='ltr'>memineris</span> 
     </span>
    </p>
   </div>
  </div>
