2026 3156
111 190 195 221 1033

629 190 817 221 EPISTOLA
839 191 891 221 AD
912 190 1320 221 THESSALONIGENSES.

1744 191 1821 221 1034

108 256 159 284 καὶ
177 256 270 293 ¹ζήλῳ
297 258 351 284 τῶν
380 257 616 294 προηγησαμένων
638 255 768 294 ἐνάγομαι
797 256 835 287 εἷς
866 255 932 294 ἔργα

999 259 1028 284 et
1042 257 1175 293 exemplo
1192 257 1337 292 majorum
1352 257 1388 284 ad
1411 257 1488 285 idem
1506 257 1671 286 faciendum
1685 257 1820 291 inducar,

108 301 226 338 ὅμοιον,
256 301 283 328 εὖ
312 299 369 339 ἔχω
398 301 595 336 πεποιθήσεως,
621 301 744 338 εὑρὲσθαι
773 301 939 338 συγγνώμην

106 349 163 380 τῆς
180 347 335 382 μιμήσεως,
350 345 383 372 τά
396 356 425 373 τε
440 344 521 381 ἅλλα,
537 345 581 373 καὶ
599 344 668 372 διότι
695 345 771 382 λόγῳ
796 345 840 372 καὶ
863 345 941 381 νόμῳ

106 390 230 426 τοιούτῷ
240 390 284 417 καὶ
301 391 327 418 οἱ
342 389 435 421 ἄλλως
451 389 657 426 ἐπιστολιμαῖοι
678 389 758 427 λόγοι
775 389 938 427 ἐξιύρηνται.

108 433 243 469 Λαλητὸν
266 435 317 472 γὰρ
345 437 414 469 ζῶον
443 433 515 465 ὅντες
535 434 561 461 οἱ
587 433 736 472 ἄνθρωποι,
753 434 798 461 καὶ
823 433 859 461 δι’
874 434 940 461 αὐτὸ

107 477 274 517 φιλολόγον,
291 480 334 506 καί
356 479 427 506 οὕτω
452 477 640 516 φιλάλληλον,
657 478 778 511 συνόντες
801 479 848 516 μὶν
874 479 940 515 ὁμι-

107 523 191 552 λοῦσι
211 523 244 552 τὸ.
271 523 344 560 σφίσι
364 523 440 562 φίλα·
457 523 502 551 ὅτε
526 522 554 551 δὲ
566 524 611 551 καὶ
627 522 742 551 δισταῖεν
758 524 826 551 κατὰ
842 523 938 557 τόπον,

108 568 251 596 ὁσιοῦνται
275 569 309 596 τὰ
333 569 383 603 τῆς
412 567 512 600 λαλιᾶς
536 568 715 603 ἀποστόλοις,
729 572 766 603 πῆ
792 569 838 605 μὲν
856 570 937 603 ζῶσιν

106 612 280 651 ἐλλογίμως,
305 614 345 648 πῆ
373 612 402 640 δὲ
425 613 542 651 ἀψύχοις
567 613 625 649 μὲν,
653 613 821 650 ἠσκημένοις
846 612 875 640 δὲ
899 613 938 644 εἷς

104 658 305 696 προσφώνησιν
331 660 473 695 γραμμαῖς
497 660 645 695 τεχνικαῖς,
661 661 720 689 ταῖς
745 656 789 685 διὰ
820 657 937 694 μέλανος

105 705 257 741 γραφικοῦ.
280 703 330 730 Καὶ
346 702 435 730 τοίνυν
452 702 572 739 ἐννόμως
600 701 671 730 οὕτω
702 701 835 730 διδάσκων
854 703 936 740 ὑμᾶς,

106 746 159 774 ὅσα
186 747 230 774 καὶ
259 748 348 785 πατὴρ
377 748 458 781 θεῖος,
474 747 551 775 τέκνα
571 748 742 784 πνευματικὰ
769 747 798 775 ἐκ
826 746 937 782 διαστή-

109 802 198 828 ματος
227 790 317 828 τοῦδε,
333 792 348 819 ὃ
376 792 421 819 καὶ
449 792 513 819 αὐτὸ
538 792 602 823 Θεὸς
630 793 699 829 ἡμῖν
719 792 755 822 ὡς
770 792 938 831 ἐφαμάρτοις

107 835 230 873 διώρισε,
260 839 356 874 πρῶτα
387 837 434 873 μὶν
464 837 547 875 εὐχὰς
571 836 651 868 αὐτύς
678 847 707 864 τε
730 839 876 873 ποιοῦμαι,
892 841 936 867 καὶ

106 881 132 916 ἐξ
155 881 231 918 ὑμῶν
257 880 461 919 προκαλοῦμαι,
489 882 526 918 μὴ
553 881 590 913 εἰς
611 881 686 908 κενὸν
717 881 849 916 λαλῆσαι,
874 880 937 910 ἀλλ’

106 925 201 962 ὥσπερ
216 925 242 952 ἐν
258 927 297 961 τῷ
312 928 446 963 παρεῖναι,
464 925 535 953 οὕτω
550 925 594 953 καὶ
609 925 710 953 ἀπόντα
734 926 828 964 χώραν
849 926 934 964 εὑρὲἴν

109 980 144 1006 με
173 969 257 1008 φίλης
285 969 440 1006 ἀκροάσεως
461 971 524 1008 παρ’
541 970 616 1006 ὑμῖν⁵
632 970 687 997 εἶτα
710 970 754 997 καὶ
780 969 859 999 λαλῶ
886 970 935 998 οὐκ

107 1013 278 1053 ἀσύμφωνα,
312 1014 352 1044 οἷς
389 1014 489 1052 φθάσας
534 1013 759 1053 βιϐλιοφυλακεῖν
803 1015 866 1051 ὑμῖν
907 1015 932 1042 ἐν

106 1057 230 1096 καρδίαις
260 1058 362 1098 ἀφῆκα,
392 1059 513 1096 ἐχόμενα
539 1058 567 1086 δὲ
596 1060 703 1090 πάντως
739 1058 859 1096 ἐκείνων,
888 1060 933 1087 καὶ

108 1103 279 1142 στρεφόμενα
294 1103 319 1130 ἐν
344 1106 403 1135 τοῖς
426 1103 528 1135 αὐτοῖς.
546 1104 594 1130 Καὶ
610 1102 665 1131 ἔστι
680 1106 759 1131 τοῦτο
785 1107 932 1136 Δαυίτικῶς

106 1147 153 1173 καὶ
183 1146 209 1174 ἐν
238 1146 299 1183 ἐμοὶ
324 1146 504 1185 ἀδολέσχημα
520 1147 545 1175 ἐν
563 1147 726 1184 δικαιώμασι
742 1148 854 1186 Κυρίου,
869 1149 932 1176 ταύ-

105 1191 152 1218 τὸν
181 1190 203 1218 δ’
220 1191 314 1226 ιίπεῖν,
341 1191 366 1219 ἐν
386 1191 546 1229 διδάγμασιν
572 1193 714 1230 ἀρέσκουσι
738 1192 777 1229 τῷ
806 1195 874 1229 Θεῷ.
892 1194 932 1222 Οὐ

108 1235 161 1272 γὰρ
189 1234 219 1262 ἅν
252 1246 292 1266 τις
332 1234 500 1274 δυσπραγοίη
538 1237 625 1274 ψόψον
660 1238 730 1271 τινὰ,
761 1237 933 1274 δικαιώματα

109 1279 208 1317 Κυρίου
237 1280 282 1307 καὶ
310 1283 379 1308 νοῶν
407 1281 452 1308 καὶ
481 1281 683 1318 προφέρων,τὰ
707 1281 732 1308 ἐν
756 1282 930 1318 τῷξκαοόλου

106 1323 262 1351 δικαιοῦντα
277 1325 383 1352 καὶτὸν
402 1324 562 1353 διδάσκοντα
585 1326 629 1353 καὶ
653 1327 698 1353 τὸν
727 1325 929 1362 διδασκόμενον·

106 1369 152 1396 τὸν
185 1369 244 1405 μὶν,
261 1369 298 1399 ὡς
325 1369 359 1396 τὰ
383 1372 432 1397 τοῦ
457 1372 524 1398 Θεοῦ
540 1369 747 1406 λαλοῦντα,“τὸν
774 1369 812 1405 δὲ,
829 1371 866 1402 ὡς
893 1371 930 1408 μὴ

107 1415 257 1451 παρήκοον.
279 1415 328 1442 Καὶ
345 1413 416 1442 οὕτω
433 1415 481 1451 μὲν
497 1414 549 1453 ἐγὼ
565 1413 644 1442 λαλῶ
667 1414 727 1453 ἄρτι
753 1416 821 1454 πρὸς
850 1415 930 1452 ὑμᾶς,

109 1457 139 1485 οὗ
154 1459 213 1485 κκτ¹
229 1456 290 1496 ὄψιν
306 1458 415 1495 ἀμέσως
440 1460 508 1491 καθά
536 1459 590 1497 πρὸ
615 1459 730 1496 τούτων,
747 1460 784 1491 ὡς
813 1460 861 1496 ἐμὲ
882 1461 929 1496 μὲν

109 1501 253 1537 διδάσκειν,
271 1503 341 1540 ὑμᾶς
366 1502 394 1530 δὲ
418 1503 524 1531 ἀκούειν
554 1504 584 1531 ὲκ
607 1507 655 1532 τοῦ
679 1508 860 1542 παραχρῆμα,
885 1505 930 1532 καί

104 1557 158 1574 που
194 1545 268 1585 ἔχειν
308 1547 405 1575 αὖτικα
439 1547 552 1585 ἐρωτᾷν,
584 1548 610 1575 εἷ’
635 1548 661 1576 τί
690 1559 741 1576 που
780 1550 930 1585 παραπέσοι

106 1592 220 1630 ἀπορίας
249 1591 333 1628 ἄξιον,
363 1593 407 1619 καὶ
436 1593 486 1627 τήν
515 1592 591 1620 λύσιν
621 1592 646 1628 ἐξ
674 1594 753 1629 ἡμῶν
767 1596 867 1628 ζητεῖν,
886 1593 930 1620 καὶ

998 301 1258 336 persuasissimum
1287 301 1381 329 habeo
1411 301 1471 330 fore
1501 304 1533 330 ut
1560 302 1650 338 hujus
1679 301 1821 330 imitatio-

998 347 1043 374 nis
1054 346 1138 374 venia
1153 347 1328 374 concedatur
1343 349 1369 374 et
1391 347 1552 380 omnino,et
1574 347 1643 382 quia
1661 346 1719 374 alia
1747 346 1819 374 scri-

997 393 1044 426 pta
1060 391 1227 426 epistolaris
1244 391 1349 426 partim
1360 392 1454 419 forma
1469 392 1574 427 partim
1592 393 1764 427 argumento
1775 399 1821 419 eo-

996 435 1061 463 dem
1079 436 1164 463 modo
1180 437 1297 463 exarata
1312 437 1391 463 sunt.
1422 436 1494 463 Cum
1525 436 1603 464 enim
1624 436 1758 464 homines
1774 435 1819 463 lo-

995 480 1102 515 quendi
1119 479 1256 508 facultate
1272 480 1384 515 praediti
1401 481 1470 513 sint,
1495 489 1553 516 quo
1577 481 1608 508 iit
1638 482 1670 508 ut
1683 479 1818 508 lubenter

994 523 1201 560 colloquantur
1211 527 1238 552 et
1254 533 1317 552 sese
1339 524 1463 560 diligant
1477 525 1612 558 invicem,
1637 525 1755 561 quando
1771 532 1817 552 eo-

994 569 1060 596 dem
1078 569 1139 597 loco
1152 570 1272 606 degunt,
1290 570 1325 597 de
1355 570 1442 597 rebus
1458 570 1513 597 sibi
1529 570 1625 598 charis
1640 578 1814 598 conversan-

993 615 1056 642 tur:
1072 615 1190 650 quando
1206 617 1303 642 autem
1324 614 1395 642 locis
1423 617 1607 650 separantur,
1633 614 1814 643 conversatio

993 658 1205 686 transmittitur
1232 667 1284 694 per
1311 659 1440 692 nuntios,
1464 667 1542 686 nunc
1572 659 1650 686 vivos
1666 660 1694 686 et
1707 659 1815 686 diserte

993 702 1156 738 loquentes,
1169 712 1246 731 nunc
1263 706 1394 731 mortuos
1423 703 1554 739 quidem,
1582 704 1631 730 sed
1654 704 1689 731 ad
1705 703 1814 730 allocu-

993 746 1102 774 tionem
1115 750 1200 783 aptos
1215 747 1307 783 signis
1319 747 1486 775 artiﬁciosis
1500 749 1663 774 atramento
1679 746 1813 775 exaratis-

992 790 1037 818 Sic
1053 791 1285 827 igiturlegitime
1312 801 1363 819 vos
1389 792 1534 824 erudiens,
1558 791 1600 819 uti
1631 793 1712 827 pater
1740 790 1813 818 divi-

993 844 1059 869 nus,
1075 836 1201 864 infantes
1217 836 1383 872 spirituales
1399 845 1413 864 ο
1429 836 1637 873 longinquo,ad
1655 836 1733 872 quod
1751 844 1813 864 mu-

993 889 1048 908 nus
1065 890 1117 909 nos
1134 885 1300 918 peccatores
1315 882 1392 910 Deus
1421 882 1589 916 destinavit,
1621 884 1687 910 ante
1714 881 1814 910 omnia

993 934 1093 961 precor
1104 929 1133 954 et
1148 929 1299 955 utmecum
1308 927 1656 963 preceminiexhortor,ne
1664 927 1811 954 incassum

989 970 1075 998 verba
1089 971 1206 1005 faciam,
1222 972 1272 999 sed
1290 974 1330 1006 ut,
1343 971 1591 1007 quemadmodum
1617 979 1756 1007 praesens,
1771 970 1812 998 ita

988 1014 1076 1042 etiam
1092 1015 1198 1044 absens
1214 1016 1339 1044 libenter
1358 1018 1526 1052 attenteque
1542 1025 1559 1044 α
1585 1016 1668 1044 vobis
1697 1015 1809 1051 audiar,

988 1058 1135 1094 siquidem
1152 1060 1255 1095 loquor
1270 1069 1327 1087 non
1343 1060 1458 1088 diversa
1470 1060 1506 1087 ab
1531 1061 1570 1088 iis
1584 1069 1649 1096 quae
1669 1060 1751 1088 vobis
1781 1060 1810 1087 in

989 1103 1102 1131 intimis
1118 1105 1250 1132 sordium
1266 1105 1429 1133 recessibus
1445 1106 1644 1133 conservanda
1660 1105 1740 1141 prius
1753 1108 1811 1133 tra-

988 1147 1121 1181 didi,sed
1139 1157 1201 1184 quos
1224 1158 1345 1184 prorsus
1361 1158 1428 1176 cum
1449 1149 1508 1176 illis
1537 1149 1701 1177 cohaereant
1729 1151 1758 1177 et
1781 1150 1811 1178 in

988 1193 1088 1220 eodem
1106 1196 1258 1220 versentur
1275 1196 1458 1230 argumento.
1484 1193 1614 1221 Vertitur
1628 1197 1726 1222 autem
1751 1203 1813 1222 ora-

989 1235 1027 1263 tio
1043 1245 1120 1270 mea,
1137 1240 1168 1264 ut
1183 1245 1249 1264 cum
1268 1238 1372 1265 Davide
1387 1237 1533 1274 loquar,in
1547 1237 1812 1273 justilicatiouibus

990 1280 1116 1314 Domini,
1128 1281 1182 1308 hoc
1197 1284 1241 1308 est
1263 1281 1291 1308 in
1309 1282 1450 1309 doctrinis
1462 1290 1525 1317 qua:
1542 1282 1598 1309 Deo
1615 1282 1738 1317 placent.
1756 1283 1812 1310 Ne-

988 1334 1045 1360 que
1061 1326 1138 1353 euim
1156 1326 1300 1362 vituperio
1316 1327 1423 1362 dignus
1441 1327 1526 1355 fuerit
1546 1327 1594 1363 qui
1604 1330 1700 1356 mente
1716 1330 1813 1356 versat

987 1375 1015 1400 et
1031 1372 1126 1399 verbis
1143 1372 1493 1408 prol'ertjustilicationes
1516 1373 1644 1409 Domini,
1665 1375 1694 1401 et
1716 1373 1812 1409 magi-

986 1420 1082 1445 strum
1096 1419 1124 1443 et
1150 1416 1329 1452 discipulum
1359 1417 1479 1445 omnino
1500 1417 1709 1453 justificantes,
1726 1417 1809 1446 illum

986 1462 1104 1497 quidem
1122 1461 1216 1496 utqui
1233 1470 1295 1497 qua:
1311 1461 1361 1488 Dei
1383 1464 1454 1488 sunt
1477 1461 1624 1497 loquatur,
1650 1462 1728 1489 hunc
1757 1471 1809 1490 au-

985 1508 1055 1539 tem,
1072 1507 1104 1532 ut
1120 1505 1168 1540 qui
1184 1514 1240 1532 non
1256 1505 1427 1533 inobediens
1445 1506 1492 1533 sit.
1508 1506 1542 1533 Et
1553 1507 1595 1534 sic
1610 1515 1662 1542 ego
1679 1515 1757 1534 nunc
1773 1507 1809 1535 ad

986 1558 1036 1577 vos
1050 1549 1163 1585 loquar,
1182 1558 1237 1576 non
1265 1549 1433 1577 immediate
1448 1558 1463 1577 e
1488 1553 1643 1585 conspectu
1668 1551 1808 1586 quemad-

987 1594 1107 1622 modum
1123 1596 1219 1624 antea.
1232 1601 1299 1620 cum
1315 1602 1367 1630 ego
1397 1595 1537 1627 docerem,
1553 1603 1604 1622 vos
1620 1597 1719 1622 autem
1731 1595 1809 1622 auri-

107 1635 242 1674 δέχεσθαι,
260 1637 274 1663 '6
304 1635 337 1671 δὴ
364 1637 409 1664 καὶ
434 1636 497 1664 αὐτὸ
519 1637 695 1674 νομοθέτημα
715 1636 866 1673 διεξοδικῆς
891 1636 929 1664 δι-

988 1638 1041 1665 bus
1058 1646 1104 1665 me
1118 1637 1290 1672 exciperetis
1306 1640 1344 1672 et,
1362 1637 1386 1665 si
1402 1637 1471 1673 quid
1483 1641 1560 1666 esset
1575 1638 1672 1666 minus
1684 1639 1808 1673 clarum,

107 1679 253 1712 δασκαλίας
266 1681 299 1715 ἦν
315 1691 391 1708 ποτε·
409 1680 472 1708 ἀλλ’
487 1680 679 1716 ἐξαποστέλλω
702 1682 733 1709 τὸ
757 1681 930 1710 διδασκάλων

107 1725 266 1763 ἀναγκαίως,
291 1725 336 1752 καὶ
358 1727 376 1760 ἡ
400 1724 500 1763 ἀνάγκη
526 1725 592 1760 αὕτη
619 1725 715 1763 διπλῇ,
740 1737 928 1764 πραγματευο-

107 1769 172 1806 μένη
189 1770 233 1797 καὶ
249 1770 283 1797 τὰ
299 1770 363 1807 ὑπὲρ
379 1770 454 1807 ὑμῶν
485 1770 528 1798 καὶ
555 1771 585 1798 τὸ
609 1771 667 1798 κατ’
691 1770 749 1807 ἐμὲ,
767 1770 810 1798 ἶνα
832 1771 928 1806 σωζοί-

108 1820 173 1851 μεθα
203 1814 228 1850 ἐξ
254 1813 315 1841 ἴσου
346 1814 515 1851 ἷσοταλάντῳ
539 1815 621 1852 ῥοπῇ·
640 1815 692 1853 ἐγὼ
709 1815 766 1852 μὲν,
783 1815 820 1846 ὡς
851 1814 929 1842 διδά-

107 1869 175 1886 σκων
202 1859 234 1886 τὸ
263 1859 370 1896 ἀγαθὸν,
401 1859 478 1896 ὑμεῖς
506 1858 545 1894 δὲ,
569 1860 606 1892 ὡς
632 1860 824 1894 ὑπακούοντες,
849 1861 864 1887 ὃ
883 1860 928 1888 καὶ

106 1902 130 1930 ἰν
156 1906 215 1934 τοῖς
243 1904 304 1942 πρώ
331 1915 364 1939 ην
387 1903 519 1935 ἐνιαυτοῖς
561 1904 782 1942 εὐπραγούμενον
812 1905 838 1932 ἐν
864 1905 926 1941 ὑμῖν

109 1946 266 1987 διεφαίνετο.
296 1947 358 1975 Τίνα
388 1947 416 1975 δέ,
451 1959 497 1985 μοι
532 1948 566 1976 τὰ
601 1948 650 1976 οὐκ
685 1949 834 1988 ἀσύμφωνα
868 1952 926 1980 τοῖς

107 1992 248 2032 ἐφθακόσιν
278 1992 355 2029 ἐμοῖς
380 1992 474 2030 λόγοις
503 1992 685 2028 διδασκάλια;
709 1994 744 2020 Τὸ
773 1994 837 2020 ὅλον
876 1997 926 2028 τῆς

108 2036 252 2072 ἐπιστολῆς
267 2037 369 2072 ταύτης
389 2036 509 2076 ἔδάφιον,
527 2037 552 2064 ἐν
570 2037 593 2073 ᾧ
607 2037 651 2065 καὶ
673 2038 748 2073 αὐτῷ
771 2036 925 2073 δικαιοσύνη

107 2084 202 2117 κεῖται,
218 2081 272 2119 ε’ίοε
294 2083 332 2119 μή
355 2082 515 2118 κοιμωμένη
540 2081 566 2113 ἐς
588 2081 735 2119 ἄπρακτον,
752 2081 815 2109 ἀλλ’
830 2082 927 2109 ἐπανα-

108 2127 258 2163 παυομένη,
287 2127 355 2154 κατὰ
374 2129 433 2154 νοῦν
456 2127 599 2164 γραφικὸν,
620 2127 664 2154 καὶ
691 2127 829 2165 γρήγορος
859 2127 925 2162 αὖτὴ

75 2203 78 2206 π
107 2171 319 2210 προσφερομένη·
333 2171 529 2210 ἐγρρηγορόσιν
549 2172 624 2208 ὑμῖν.

984 1682 1062 1709 illico
1078 1689 1124 1709 me
1138 1682 1318 1718 interrogare
1334 1684 1362 1710 et
1378 1682 1553 1710 solutionem
1569 1691 1604 1710 ex
1620 1691 1666 1711 me
1681 1691 1810 1719 quaarere

983 1728 1011 1754 et
1027 1726 1157 1761 accipere
1174 1726 1309 1761 possetis,
1322 1734 1411 1762 quam
1445 1727 1677 1755 conversationis
1703 1730 1808 1756 [ιοειι-ιο

984 1771 1076 1807 legem
1089 1771 1140 1799 illo
1160 1773 1290 1807 tempore
1321 1771 1404 1799 nobis
1421 1774 1639 1800 statueramus:
1658 1773 1708 1800 sed
1724 1773 1809 1800 mitto

989 1816 1071 1844 vobis
1101 1816 1265 1844 doctrinam
1283 1816 1455 1844 necessitate
1467 1818 1596 1844 coaetus.
1628 1817 1677 1845 Est
1709 1819 1807 1845 autem

983 1861 1143 1889 necessitas
1161 1862 1218 1888 ham
1233 1861 1352 1897 duplex,
1373 1863 1405 1889 ut
1420 1870 1482 1896 quas
1496 1864 1525 1889 et
1540 1862 1574 1890 ad
1592 1870 1641 1890 vos
1665 1865 1694 1890 et
1709 1863 1744 1890 ad
1761 1871 1808 1890 mc

983 1906 1136 1942 pertineat,
1154 1908 1185 1934 ut
1202 1906 1309 1941 pariter
1325 1906 1427 1934 eadem
1446 1906 1558 1934 ratione
1584 1906 1689 1934 salutis
1714 1907 1806 1943 parti-

983 1951 1060 1986 cipes
1076 1951 1197 1978 fiamus:
1215 1958 1268 1986 ego
1284 1951 1404 1986 quidem
1435 1953 1466 1978 ut
1482 1951 1592 1978 bonum
1620 1951 1738 1985 docens,
1755 1959 1805 1979 vos

982 1997 1079 2022 autem
1097 1997 1127 2022 ut
1144 2003 1253 2021 morem
1270 1997 1415 2030 gerentes,
1432 2004 1490 2030 qua
1505 1996 1610 2023 virtute
1625 1996 1711 2023 annis
1731 2004 1802 2031 prie-

981 2039 1118 2075 terlapsis
1138 2038 1283 2073 insignem
1299 2039 1380 2066 vobis
1395 2039 1518 2074 gloriam
1537 2039 1700 2075 peperistis.
1721 2041 1804 2072 Quaa-

983 2091 1050 2110 nam
1068 2085 1165 2110 autem
1180 2084 1249 2109 sunt
1261 2085 1403 2118 praecepta
1419 2091 1483 2110 mea
1499 2091 1514 2110 a
1531 2083 1678 2118 prioribus
1695 2091 1751 2110 non
1761 2082 1805 2110 di-

982 2136 1065 2155 versa
1076 2128 1090 2154 ?
1101 2127 1207 2154 Totum
1225 2127 1315 2162 hujus
1330 2127 1459 2163 epistola
1471 2130 1690 2163 argumentum,
1702 2127 1731 2154 in
1747 2135 1805 2163 quo

983 2175 1012 2201 et
1025 2172 1216 2209 ipsojustitia
1229 2174 1374 2203 versatur.
1391 2180 1454 2207 qua:
1469 2171 1581 2199 utinam
1599 2173 1676 2200 haud
1692 2176 1806 2208 torpore

106 2217 244 2245 inefﬁcaci
259 2217 442 2252 cohibeatur,
459 2217 521 2252 sed,
540 2219 572 2246 ut
590 2217 742 2253 Scriptura
756 2217 806 2252 ait,
823 2217 1040 2253 aliquantulum
1062 2217 1332 2253 requiescens,jam
1348 2216 1484 2252 evigilata
1496 2217 1531 2244 ad
1552 2225 1602 2244 vos
1621 2216 1723 2253 vigiles
1739 2225 1806 2252 per-

107 2261 215 2289 feratur
226 2259 233 2287 1

142 2322 173 2358 β’.
190 2322 259 2359 Ἀγε
274 2319 319 2358 δὴ,
337 2321 360 2348 ὦ
375 2320 492 2357 φιλτάτη
517 2323 558 2358 τῷ
582 2324 639 2358 Θεῷ
663 2322 765 2360 ἀγάπη,
782 2333 805 2359 ῳ
826 2323 931 2360 κόσμου

1019 2324 1046 2351 2.
1061 2323 1121 2358 Age
1132 2322 1229 2357 igitur,
1247 2330 1263 2349 ο
1279 2321 1406 2349 charitas
1423 2324 1576 2358 tantopere
1591 2330 1608 2350 ο
1623 2324 1681 2350 Deo
1689 2321 1806 2358 dilecta,

110 2366 206 2397 παντὸς
250 2365 385 2403 σύστασις,
420 2367 442 2394 ὧ
480 2365 587 2394 πάντων
624 2368 678 2394 τῶν
717 2366 743 2394 ἐν
776 2367 930 2404 ἀνθρώποις

111 2411 215 2448 ἀγαθῶν
231 2410 313 2445 αἰτία,
331 2411 353 2438 ὧ
369 2410 474 2450 φύσεως
496 2414 548 2446 τῆς
569 2411 628 2439 καθ’
642 2412 716 2448 ἡμᾶς
743 2410 930 2448 ἐπικόσμημα,

112 2454 132 2482 ὦ
148 2458 232 2493 μῆτερ
247 2454 292 2482 καὶ
309 2455 422 2493 εἰρήνης
437 2455 482 2483 καὶ
503 2455 718 2494 ἀπραγμοσύνης
742 2456 787 2483 καὶ
813 2457 931 2493 ἡσυχίας

112 2498 264 2538 θεοφιλοῦς,
289 2498 311 2526 ὦ
334 2502 392 2531 τοῖς
429 2499 592 2537 φιλοκάλοις
616 2500 662 2527 καὶ
689 2499 827 2539 φιλοθέοις
851 2501 933 2538 ἀπρα-

111 2544 261 2581 γμάτευτον
280 2543 325 2571 καὶ
351 2544 511 2581 εὐπόριστον
537 2545 648 2582 ἀγαθὸν,
679 2543 713 2571 δι’
732 2545 762 2578 ἣν
788 2545 832 2572 καὶ
853 2545 934 2581 νόμοι

113 2589 251 2623 τέθεινται,
282 2588 326 2615 καὶ
359 2588 498 2616 πολιτεῖαι
528 2588 694 2626 ἰξεύρῃνται,
720 2589 763 2616 καὶ
800 2588 933 2617 συναλλά-

114 2642 201 2670 γματα
227 2631 421 2669 ἒπινενόηνται,
449 2633 493 2660 καὶ
522 2633 553 2660 τὸ
584 2632 650 2660 δλον
685 2632 780 2670 εἷπεῖν,
802 2632 836 2660 δι’
865 2635 898 2668 ἧς
919 2633 933 2660 ὁ

116 2677 170 2714 βίος
197 2677 265 2713 ἅπαξ
290 2676 476 2715 ἐρῥυθμισται·
495 2678 517 2704 ὦ
538 2677 629 2705 τοίνυν
654 2678 744 2715 ἀγάπη
762 2676 933 2714 μελιτόεσσα,

113 2721 140 2755 ἣν
156 2721 169 2748 ὁ
193 2722 231 2758 μὴ
257 2721 330 2759 ἔχων
350 2722 492 2758 ἅνθρωπος
518 2721 556 2754 είς
579 2722 673 2759 θηρίον
701 2722 887 2760 ἀποκέκριται,
903 2723 934 2757 ἢν

114 2765 127 2792 ὁ
151 2765 188 2802 μὴ
215 2766 359 2805 προφέρων
384 2765 548 2798 διδάσκαλος
580 2766 674 2804 μίσους
702 2766 756 2794 ἐστὶ
791 2767 933 2802 κατάξιος·

114 2809 211 2847 πάρεσό
236 2821 282 2846 μοι
308 2811 352 2838 καὶ
372 2813 417 2838 νῦν
434 2810 541 2849 ἄρτυμα
564 2812 746 2848 πνευματικὸν
776 2810 935 2842 πανδαισίας

113 2854 221 2891 ταύτης,
245 2857 276 2890 ἢν
315 2855 469 2885 δαιταλεῦσι
502 2855 594 2895 φίλοις
625 2855 827 2894 διαπέμπομαι.
854 2856 883 2884 Εἰ
907 2855 936 2884 δὲ

274 2922 408 2953 ΡΑτιιοι..
432 2923 488 2954 Ga‘.
511 2923 655 2954 CXXXV.

987 2377 1003 2396 ο
1019 2367 1122 2395 mundi
1140 2366 1268 2395 universi
1286 2374 1451 2402 compages,
1477 2375 1493 2394 ο
1514 2366 1647 2394 omnium
1663 2375 1726 2402 qua:
1755 2366 1807 2394 ho-

988 2413 1118 2440 minibus
1130 2411 1418 2440 eveniuntbonorum
1432 2419 1531 2445 causa,
1547 2419 1563 2438 ο
1579 2413 1689 2439 natura
1704 2413 1809 2439 nostris

988 2457 1089 2491 decus,
1106 2465 1122 2484 ο
1140 2459 1230 2483 mater
1242 2454 1320 2491 pacis
1333 2456 1362 2482 et
1377 2454 1428 2482 otii
1444 2457 1472 2482 et
1486 2454 1593 2490 quietis
1623 2457 1679 2483 Deo
1709 2457 1809 2491 gratae,

988 2510 1004 2529 ο
1022 2502 1132 2529 bonum
1148 2500 1264 2527 virtutis
1279 2499 1420 2527 studiosis
1438 2499 1545 2534 Deique
1562 2499 1732 2527 amantibus
1746 2500 1810 2527 sine

990 2553 1095 2580 magno
1109 2544 1207 2571 labore
1223 2542 1429 2578 comparabile,
1445 2551 1461 2569 ο
1491 2543 1638 2577 Charitas;
1655 2552 1705 2579 per
1721 2552 1810 2579 quam

989 2589 1068 2625 leges
1084 2589 1160 2624 latae,
1176 2591 1204 2615 et
1221 2588 1354 2615 civitates
1378 2588 1517 2621 fundatus,
1547 2590 1574 2615 et
1604 2588 1712 2615 l'mdera
1739 2587 1813 2614 inita

990 2636 1070 2667 sunt,
1086 2642 1135 2669 per
1151 2641 1250 2668 quam,
1271 2634 1303 2658 ut
1318 2639 1376 2658 uno
1391 2631 1478 2658 verbo
1507 2631 1651 2665 dicamus,
1677 2631 1813 2659 universa

990 2678 1048 2705 vita
1063 2677 1197 2705 ordinata
1213 2680 1254 2703 est
1269 2683 1274 2703 :
1292 2683 1307 2702 0
1325 2675 1453 2702 charitas
1469 2674 1654 2709 dulcissima,
1672 2675 1736 2702 sine
1755 2681 1814 2710 qua

990 2722 1077 2750 homo
1092 2722 1127 2749 ab
1140 2720 1238 2748 bestiae
1250 2719 1476 2748 similitudinem
1491 2720 1742 2756 deprimitur;sino
1755 2726 1815 2754 qua

991 2768 1132 2803 magister
1156 2767 1222 2794 odio
1252 2774 1283 2793 se
1310 2765 1431 2801 dignum
1459 2765 1564 2800 reddit,
1582 2766 1652 2793 ades
1667 2764 1814 2800 mibijam

991 2812 1068 2840 velut
1102 2812 1322 2839 condimentum
1347 2809 1500 2845 spirituale
1529 2809 1632 2837 harum
1661 2809 1814 2845 epularum

991 2865 1066 2894 quas
1081 2856 1178 2885 charis
1189 2855 1318 2883 convivis
1343 2854 1524 2883 transmitto.
1541 2855 1571 2882 Si
1601 2863 1666 2882 vero
1685 2852 1816 2890 reliquus

1619 2919 1657 2950 33
