2021 3154
223 181 300 212 1035

612 181 818 211 EUSTA'l‘HIl
841 179 1223 210 THESSALONIGENSIS
1245 179 1537 211 METROPOLI'I‘E

1852 181 1930 212 i338

221 253 339 281 quoque
354 245 496 273 virtutum
503 246 606 279 cintus,
620 243 794 272 ancillarum
810 242 980 271 dilectarum
997 243 1044 270 do—

1103 242 1148 269 καὶ
1176 241 1272 273 λοιπὸς
1303 242 1422 280 ὁρμαθὸς
1456 243 1558 281 ἀρετῶν
1584 244 1780 284 ἀμφιπένονται
1810 255 1848 280 σε,
1880 245 1929 273 ὅσα

221 290 332 318 minam
346 290 522 318 sectantium
547 289 650 323 instar,
667 291 694 316 te
723 289 891 322 comitatur,
907 287 1047 315 assistant

219 337 248 362 et
263 335 332 371 ipsas
348 334 479 363 convivio
504 336 532 362 et
548 342 611 369 qua:
628 334 709 361 decet
731 333 892 369 perﬁciant,
909 334 940 360 ut
965 332 1049 360 cibus

219 380 268 408 hic
283 379 447 416 spiritualis
458 387 558 407 verum
570 379 655 406 nobis
666 378 775 406 bonum
788 377 1048 414 praabeat,omnino

220 425 410 453 excellentius
425 433 513 460 quam
525 423 606 451 illius
623 422 736 450 molarii
752 423 886 456 Eunosti,
898 431 985 458 quem
1002 430 1048 450 νος

221 473 269 498 tus
285 469 383 497 fabula
399 477 506 504 magno
523 468 631 496 honore
651 468 774 503 dignum
792 467 904 495 habuit.

257 523 282 551 3.
299 523 436 550 Animum
451 522 552 557 igitur,
569 530 586 548 ο
615 521 730 553 fratres,
759 521 901 548 advertite
921 521 958 548 iis
985 529 1048 556 quae

223 568 355 595 dicturus
370 575 446 593 sum.
462 566 496 593 Et
510 565 648 601 quoniam
661 565 822 600 spiritualis
840 565 900 592 haec
916 573 1018 592 mensa
1033 573 1051 592 a

223 612 360 640 manibus
375 612 525 639 charitalis
541 610 740 638 dilectissimus
754 610 845 638 veluti
859 619 876 638 a
896 610 1050 647 prudenti-

222 657 278 685 bus
293 656 395 692 coquis
410 656 493 684 vobis
507 655 674 691 apponitur,
691 655 855 683 aceumbite
870 655 906 682 ad
921 663 985 683 eam
999 663 1050 691 per

221 702 325 734 Deum,
343 701 387 729 cui
405 700 524 735 assidet,
541 702 569 728 et
580 700 674 736 epulis
699 699 843 733 fruimiui,
872 701 905 727 ut
929 700 1048 727 sinceris

220 747 413 783 genuineque
428 746 582 773 charitatis
599 746 755 781 participes
773 745 868 773 liatis:
890 745 979 773 nolite
995 753 1049 772 au-

219 794 278 820 tem
289 794 440 828 propterea
456 791 532 827 quod
551 790 704 826 sapientia
720 791 848 818 libamen
878 790 962 818 vobis
990 799 1048 818 non

218 837 347 869 aﬂ'ertur,
366 836 543 863 stomachari
570 838 622 862 aut
645 835 750 870 jocari.
771 835 830 862 Etsi
848 834 927 862 enim
953 834 1047 870 magi-

217 883 277 908 ster
300 880 449 916 sapientiai
479 888 583 916 expers
613 883 664 908 aut
688 881 773 908 etiam
798 880 977 915 injucundus
992 881 1046 912 est,

216 927 345 953 attamen
357 925 494 957 charilas,
511 933 570 961 qua
586 924 673 952 etiam
699 925 827 960 imperiti
858 926 1048 960 praeceptores
1066 935 1086 967 Β

217 969 300 997 abiis
316 970 365 1005 qui
400 970 512 997 edoceri
542 970 675 1005 cupiunt,
707 969 942 1004 frequentantur,
968 968 1047 996 hunc

216 1014 336 1042 calicem
353 1014 468 1042 dulcem
484 1015 596 1046 reddet,
611 1013 828 1049 bilaritatisque
849 1022 963 1040 merum
980 1021 1045 1048 pro-

217 1059 345 1095 pinaudo
360 1060 467 1094 quaead
487 1059 661 1094 sapientiam
677 1058 869 1086 hauriendam
887 1058 1045 1091 sufﬁciant,

217 1105 333 1132 abunde
347 1104 559 1139 suppeditabit,
569 1104 641 1131 adeo
658 1106 690 1131 ut
705 1112 768 1139 qum
782 1103 911 1130 mundus
927 1103 1044 1137 evomit,

215 1149 334 1176 omnino
344 1151 373 1176 et
387 1149 413 1175 vi
427 1148 931 1184 careantetignorentur,moderatio
947 1149 1044 1175 autem

215 1194 446 1228 ettemperantia
468 1193 597 1220 animam
627 1193 750 1220 evehunt
778 1193 813 1219 ad
839 1192 929 1219 vitam
959 1200 1044 1227 ange-

226 1245 311 1265 leam.

246 1289 271 1315 4.
288 1288 432 1321 Charitas,
450 1297 466 1316 o
480 1289 585 1316 fratres
602 1289 766 1324 (nunquam
781 1288 860 1316 enim
882 1289 917 1316 ab
943 1296 977 1316 ea
994 1289 1042 1316 de-

212 1332 328 1367 sistam,
345 1332 414 1367 imo,
431 1331 498 1359 licet
514 1331 657 1359 molestus
681 1332 747 1365 sim,
779 1340 895 1367 semper
923 1332 1041 1366 citabo),

212 1377 235 1403 si
252 1377 370 1412 quando
386 1377 414 1404 in
432 1377 514 1404 vobis
530 1376 651 1412 largiter
679 1376 834 1412 inhabitat,
859 1379 928 1404 ante
944 1376 1043 1404 omnia

213 1420 344 1456 requirit,
361 1422 394 1448 ut
409 1420 535 1456 quivere
551 1420 639 1448 homo
662 1420 723 1447 vult
744 1429 818 1454 esse,
846 1420 922 1456 apud
949 1420 1041 1448 Deum

213 1465 252 1492 sit
263 1467 291 1492 et
306 1473 355 1492 eos
368 1465 419 1501 qui
431 1465 486 1500 ipsi
503 1465 742 1498 adstant,deindo
758 1465 833 1500 apud
852 1468 1044 1500 regemNum

217 1517 302 1545 porro
319 1509 406 1537 etiam
424 1509 551 1544 episcopi
569 1510 649 1543 diligi
664 1509 787 1536 debeant
816 1517 832 1536 a
856 1509 1045 1545 presbyteris,

220 1556 248 1581 et
263 1554 395 1582 diaconis
409 1554 584 1582 Christianis
608 1559 634 1582 et
650 1555 686 1581 ab
703 1554 840 1582 universo
856 1555 932 1582 clero
947 1563 980 1581 ao
997 1563 1045 1589 p0-

221 1599 300 1634 pulo,
315 1607 365 1627 vos
376 1599 479 1633 nostis,
490 1599 540 1635 qui
561 1607 575 1626 e
591 1607 673 1626 sacro
689 1601 830 1634 suggestu
868 1599 896 1625 in
924 1598 1047 1626 ecclesia

222 1645 277 1673 hac
293 1646 328 1672 de
343 1654 373 1673 re
389 1645 480 1673 edocti
498 1645 578 1672 estis.
594 1645 627 1672 Et
651 1645 692 1672 sic
716 1646 929 1680 consequenter
954 1644 1049 1672 chari-

221 1692 266 1718 tas
282 1690 413 1718 omnium
426 1690 513 1717 etiam
528 1689 666 1725 proximis
681 1690 815 1717 debetur.

254 1823 281 1850 5.
299 1823 366 1853 Quae
381 1822 497 1857 quidem
515 1829 580 1848 cum
604 1820 645 1848 ita
667 1830 698 1848 se
713 1821 840 1848 habeant
864 1822 903 1857 (et
913 1829 977 1849 vere
1004 1822 1046 1849 sic

217 1875 250 1894 se
261 1867 380 1899 habent,
398 1866 590 1901 quantumvis
615 1865 775 1892 adversarii
796 1868 944 1900 nugentur
960 1869 988 1894 et
1016 1867 1046 1894 in

215 1910 377 1938 contrarias
394 1913 490 1945 partes
506 1910 632 1945 abeant),
646 1917 697 1937 vos
713 1909 766 1944 ipsi
785 1910 952 1938 meditando
963 1911 1046 1938 facile

217 1954 400 1990 intelligetis.
418 1954 500 1982 vobis
521 1954 580 1981 haec
595 1955 695 1981 omnia
708 1954 863 1990 diligenter
888 1956 1045 1983 observan-

217 1998 297 2026 tibus
314 2007 396 2034 spem
417 1997 520 2026 salutis
538 1998 733 2026 certissimam
746 1999 814 2025 inde
829 1999 936 2026 enasci.
956 2000 1044 2027 Cete-

217 2051 284 2071 rum
298 2043 321 2070 si
333 2043 406 2070 forte
422 2043 451 2070 in
473 2051 530 2071 uno
546 2043 699 2070 charitatls
720 2045 862 2078 praecepto
888 2043 1044 2078 deliqueri-

217 2088 266 2121 tis,
284 2087 373 2115 nolite
388 2087 488 2114 statim
505 2095 586 2122 spem
602 2087 682 2114 illam
701 2087 835 2121 abjicere,
852 2087 902 2114 sed
920 2096 970 2123 per
986 2096 1045 2120 pce-

217 2133 371 2160 nitentiam
389 2132 574 2160 corrobarare
590 2132 685 2159 denuo
701 2132 833 2159 eamdem
850 2132 1042 2160 studete.Jum

217 2186 283 2205 vero
294 2177 440 2212 ejusmodi
467 2177 637 2212 poenitentia
668 2185 726 2203 non
756 2176 929 2212 simpliciter
957 2177 985 2204 in
1011 2186 1044 2205 eo

216 2221 353 2250 consistit
370 2224 402 2248 ut
421 2221 510 2249 animi
526 2221 656 2248 dolorem
674 2221 819 2256 sentiatis,
834 2221 884 2248 sed
901 2223 934 2248 ut
949 2221 1043 2249 chari-

214 2266 285 2294 tutis
301 2267 447 2294 defectum
464 2265 647 2300 comploatis,
661 2267 688 2291 et
704 2265 780 2300 quod
799 2265 881 2292 vobis
904 2266 938 2292 ad
962 2265 1042 2293 illam

1101 287 1146 314 καὶ
1163 285 1260 314 ὀπαδοὶ
1284 287 1360 324 φίλαι
1386 288 1556 326 θεράπαιναι,
1572 289 1747 327 παρέστωσαν
1769 292 1810 326 τῷ
1833 300 1927 317 συσσι-

1101 331 1152 367 τίῳ
1181 331 1225 359 καὶ
1254 333 1344 368 αὑταὶ,
1360 332 1565 361 συντελέσουσαι
1593 334 1628 361 τὰ
1655 334 1808 373 πρόσφορα,
1830 335 1868 365 ὡς
1895 333 1925 361 ἂν

1102 377 1171 412 ἡμῖν
1187 376 1257 404 οὕτω
1273 377 1401 414 νόστιμον
1417 377 1502 406 καλὸν
1515 379 1533 413 ἠ
1554 380 1722 416 πνευματική
1749 379 1817 414 αὕτη
1843 379 1925 417 σχοίη

1102 421 1202 458 τροφὴ,
1218 423 1257 457 τῷ
1271 422 1349 449 παντὶ
1363 423 1525 461 σεμνότερον
1539 426 1588 451 τοῦ
1604 423 1752 461 ἰπιμυλίου
1779 424 1927 457 Εὐνόστου,

1104 465 1132 492 ὃν
1147 464 1231 503 λόγος
1245 465 1361 498 παλαιὸς
1378 465 1423 494 διὰ
1438 465 1605 505 σεϐάσματπ
1623 467 1716 507 ἤγαγε.

1140 519 1174 556 γ’.
1190 520 1342 557 Προσέχετε
1370 519 1415 555 δὴ,
1433 521 1455 548 ὡ
1483 520 1608 560 ἀδελφοὶ,
1627 523 1686 553 τοῖς
1715 521 1930 560 ῥηθησομένοις.

1105 563 1157 591 Καὶ
1171 563 1229 591 ἐπεὶ
1244 567 1336 603 χεῖρες
1351 565 1459 603 ἀγάπης
1485 569 1535 600 τῆς
1563 566 1744 606 παμφιλήτοο
1772 567 1822 602 τὴν
1854 567 1932 606 λογι-

1105 609 1155 642 κήν
1184 608 1283 644 ταύτην
1312 610 1356 636 καὶ
1383 611 1518 647 τράπεζαν
1546 611 1592 638 καὶ
1619 612 1723 650 τροφὴν
1740 611 1790 639 ὅσα
1804 611 1851 639 καὶ
1883 612 1936 639 σώ-

1105 663 1200 690 φρονες
1228 653 1357 691 ὀψοποιοί
1385 655 1588 693 καταρτίζουσι,
1613 658 1722 694 γίγνεοε
1759 656 1828 694 πρὸς
1862 656 1934 693 αὐτῇ

1105 696 1151 724 διὰ
1177 698 1223 725 τὸν
1251 699 1326 734 Θεὸν,
1407 699 1577 737 παρεδρεύει·
1594 700 1640 728 καὶ
1668 701 1736 739 πρὸς
1763 700 1857 736 ἀληθῆ
1887 702 1934 728 καὶ

1104 743 1332 781 ἁπαραχάρακτον
1370 744 1507 782 ἀγάπησιν
1535 745 1666 780 σιτίζεσθι
1693 745 1727 773 τὰ
1758 746 1933 782 προτεθησό-

1106 797 1181 823 μενα·
1198 788 1242 814 καὶ
1275 789 1324 824 μὴ,
1339 786 1409 816 διότι
1439 788 1533 828 σοφίας
1562 789 1593 817 οὐ
1618 790 1807 827 παρατέθειται
1837 790 1933 827 κράμα

1104 832 1179 868 ὑμῖν,
1196 833 1357 869 σικχάζεσθε
1385 831 1572 870 ἀηδιζόμενοι.
1588 833 1623 862 Ei
1646 834 1697 872 γὰρ
1724 835 1769 861 καὶ
1800 833 1903 868 ἅσοφος
1919 835 1933 861 ὃ

1104 874 1279 912 διδάσκαλος,
1294 876 1339 904 καὶ
1355 877 1392 907 εις
1408 876 1483 905 οὐδὲν
1509 878 1620 915 γλυκὺς,
1637 877 1712 906 ἀλλὰ
1733 879 1751 914 ἡ
1775 879 1880 916 ἀγάπη,
1898 872 1935 906 δι’

1102 921 1133 955 ἣν
1160 920 1204 948 καὶ
1231 919 1337 949 ἰδιῶται
1375 920 1535 949 διδάσκαλοι
1563 923 1688 959 προσιτοὶ
1723 923 1848 960 γίνονται
1873 926 1934 955 τοῖς

1102 964 1254 1003 ἐφιεμένοις
1300 966 1405 1002 μαθεῖν,
1434 965 1563 1004 γλυκανεῖ
1595 967 1642 994 τὸν
1670 969 1794 1004 κρατῆρα
1823 970 1934 1002 τοῦτον,

1101 1009 1145 1036 καὶ
1177 1009 1336 1047 ίΛαρότητος
1367 1011 1432 1046 μέθυ
1463 1009 1693 1048 προϐαλλομένη,
1723 1009 1934 1050 ἐμϐρωματίσει

1100 1064 1128 1081 τε
1154 1054 1199 1081 καὶ
1227 1057 1318 1081 ποτιεῖ
1345 1055 1378 1082 τὰ
1408 1055 1445 1086 εἷς
1472 1055 1554 1092 κόρον
1580 1056 1717 1095 σώφρονα·
1735 1055 1770 1084 δι’
1787 1057 1819 1084 οὗ
1835 1057 1849 1084 ὁ
1882 1059 1932 1093 μὲν

1100 1099 1167 1125 κατὰ
1191 1099 1294 1134 κόσμον
1311 1098 1406 1136 ἔμετος
1423 1100 1563 1137 ἀπρακτεῖ,
1582 1100 1618 1130 ὡς
1636 1099 1708 1137 μηδὲ
1736 1101 1934 1138 γινώσκεσθαι,

1099 1143 1130 1170 τὸ
1146 1143 1175 1170 δὲ
1189 1142 1323 1182 νηφάλιον
1340 1142 1505 1181 δραξάμενον
1516 1148 1566 1180 τῆς
1578 1146 1670 1182 ψυχῆς
1687 1146 1813 1182 ἀναφὶρει
1844 1145 1930 1180 αὐτὴν

1100 1187 1138 1219 εἷς
1149 1187 1287 1215 πολιτείαν
1303 1187 1461 1226 ἆγγελικήν.

1135 1284 1166 1313 δ’.
1187 1286 1216 1313 Ἡ
1229 1285 1329 1324 ἀγάπη,
1344 1286 1366 1313 ὥ
1379 1285 1493 1324 ἀδελφοὶ
1509 1287 1551 1324 (οὗ
1566 1287 1615 1326 γὰρ
1643 1287 1727 1316 ἐθέλω
1757 1289 1929 1327 ἀποσχέσθαι

1099 1330 1164 1357 ποτὲ
1180 1330 1274 1364 αὐτῆς,
1292 1329 1355 1358 ἀλλ’
1381 1332 1438 1358 οἷον
1463 1331 1641 1369 παρενοχλῶ,
1657 1333 1725 1368 πρὸς
1751 1333 1814 1370 βίαν
1841 1333 1928 1369 αὐτὴν

1100 1373 1311 1411 ἐπισπώμενος),
1328 1373 1356 1402 εἷ’
1367 1385 1426 1406 πως
1443 1376 1506 1412 ὑμῖν
1523 1375 1560 1407 εἰς
1576 1376 1680 1408 πλάτος
1702 1376 1930 1413 ἐμπολιτεύοιτο,

1100 1419 1257 1455 πάμπρωτα
1287 1420 1333 1455 μὲν
1363 1419 1481 1456 ἀπαιτεῖ,
1507 1420 1552 1448 τὸν
1579 1421 1617 1451 ὡς
1642 1420 1752 1456 ἀληθῶς
1783 1421 1930 1460 ἄνθρωπον

1101 1463 1169 1500 πρὸς
1191 1465 1230 1503 τῷ
1253 1466 1311 1500 Θεῷ
1341 1463 1406 1491 εἶναι
1434 1465 1479 1492 καὶ
1494 1467 1553 1496 τοῖς
1570 1465 1644 1502 αὐτῷ
1670 1469 1854 1504 παρεστῶσιν,
1872 1468 1931 1494 εἶτα

1101 1507 1146 1534 καὶ
1162 1508 1230 1544 πρὸς
1245 1510 1285 1544 τῷ
1303 1508 1420 1546 βασιλεῖ.
1438 1509 1469 1536 Εἰ
1492 1508 1521 1536 δὲ
1542 1509 1586 1536 καὶ
1607 1510 1633 1536 οἱ
1658 1511 1798 1548 ἀρχιερεῖς
1823 1512 1932 1549 ἀγαπη-

1103 1553 1230 1586 θήσονται
1261 1552 1328 1589 πρός
1361 1563 1390 1580 τε
1426 1556 1474 1580 τοῦ
1512 1551 1717 1592 πρεσϐυτερίου,
1745 1556 1790 1583 καὶ
1821 1560 1871 1591 τῆς
1903 1557 1930 1584 ἐν

1105 1599 1211 1633 Χριττῷ
1240 1596 1386 1631 διακονίας,
1400 1598 1444 1625 καὶ
1473 1599 1574 1629 παντὸς
1597 1602 1646 1626 τοῦ
1669 1599 1789 1637 κλήρου,
1806 1601 1850 1628 καὶ
1882 1603 1934 1628 τοῦ

1106 1639 1183 1675 λαοῦ,
1200 1642 1276 1677 ὑμεῖς
1305 1640 1397 1669 οἴδατε
1427 1643 1603 1678 μανθάνοντες
1631 1643 1696 1671 αὐτὸ
1718 1643 1748 1671 ἐκ
1778 1647 1827 1672 τοῦ
1854 1645 1932 1682 ἱεροῦ

1102 1685 1275 1722 ἀναστάθμου
1300 1689 1348 1713 τοῦ
1365 1687 1434 1714 κατά
1458 1688 1507 1722 τῆν
1537 1688 1612 1725 ἁγίαν
1633 1687 1782 1724 ἂκκλησίαν
1814 1690 1931 1727 ἰξηχού-

1102 1740 1182 1766 μενον
1207 1729 1244 1761 ετς
1269 1730 1350 1767 ύμᾶς.
1369 1731 1557 1771 Ἐποφείλεται
1586 1731 1614 1760 δὲ
1643 1732 1804 1765 ἀκολούθως
1835 1734 1930 1772 ἀγάπη

1101 1775 1169 1811 πρὸς
1185 1775 1291 1802 πάντων
1308 1775 1352 1802 καὶ
1367 1779 1426 1807 τοῖς
1441 1775 1571 1811 πλησίον.

1136 1822 1164 1847 ε’.
1181 1819 1287 1846 Τούτων
1314 1819 1347 1854 δή
1372 1820 1459 1852 οὕτως
1480 1820 1598 1858 ἐχόντων
1613 1819 1718 1859 (ἔχουσι
1744 1821 1773 1849 δὶ
1800 1823 1852 1851 οὐκ
1880 1823 1932 1852 ἄλ-

1101 1862 1168 1897 λως,
1184 1863 1232 1891 κᾶν
1250 1864 1272 1891 si
1292 1863 1385 1892 πολλά
1407 1875 1449 1896 τις
1473 1865 1618 1903 πτερυγίζῃ
1643 1867 1860 1905 ἆντιφερόμενος
1884 1869 1931 1896 καὶ

1100 1906 1281 1946 ἀδολεσχῶν),
1314 1910 1377 1945 ὑμῖν
1407 1909 1511 1948 ἀφίημι
1538 1908 1742 1942 διασκοπεῖσθαι
1770 1912 1817 1939 καὶ
1851 1912 1931 1950 λογι-

1099 1951 1201 1979 στεύειν
1230 1953 1263 1980 τά
1292 1954 1351 1985 καθ’
1374 1954 1444 1990 ὑμᾶς
1474 1954 1637 1988 αὐτοὺς,ὡς
1667 1954 1750 1991 ἃν,εἷ
1782 1957 1831 1993 μὶν
1862 1958 1932 1985 uini

1099 1997 1187 2024 πάντα
1229 1996 1392 2036 φυλάττεσθε
1434 1998 1471 2030 εἲς
1512 1996 1630 2036 ἀκριϐὲς,
1665 1998 1811 2032 εὐέλπιδες
1856 2001 1931 2036 εἴητε

1099 2043 1277 2077 σωθήσεσθαιτ
1294 2041 1319 2070 εἴ
1347 2041 1375 2070 δέ
1402 2053 1429 2070 τι
1458 2042 1610 2082 σφάλλεσθε
1632 2045 1680 2071 τοῦ
1703 2045 1772 2072 κατὰ
1786 2046 1838 2079 τήν
1862 2047 1930 2084 ἀγά-

1099 2097 1152 2121 πην
1170 2087 1237 2114 ὅλου
1265 2087 1388 2121 κανόνος,
1404 2087 1449 2114 ἀπ’
1465 2086 1577 2119 ἐλπίδος
1608 2089 1655 2124 μὶν
1684 2087 1755 2125 μηδὲ
1784 2089 1859 2118 οὕτω
1887 2091 1929 2127 γέ.

1098 2137 1199 2164 νοισθε,
1225 2130 1368 2159 σπεύδοιτε
1392 2130 1421 2159 δὲ
1445 2133 1680 2170 πραγματεύεσθαι
1711 2132 1756 2160 διὰ
1784 2135 1929 2171 μετανοίας

1097 2175 1129 2202 τὸ
1143 2177 1193 2210 τῆς
1210 2174 1320 2207 ἐλπίδος
1349 2175 1449 2211 ταύτης
1481 2177 1703 2215 ἀκαταίο-χυντον.
1731 2181 1870 2216 Θεωροῖτο
1901 2179 1931 2207 δὲ

1099 2219 1128 2246 ἂν
1153 2221 1170 2254 ἡ
1197 2220 1308 2255 τοιαύτη
1341 2221 1469 2257 μετάνοια
1497 2220 1547 2248 οὐκ
1577 2221 1602 2248 ὗν
1625 2222 1665 2257 τῷ
1681 2221 1777 2254 ἁπλῶς
1810 2224 1930 2260 μεταμέ-

1099 2263 1203 2296 λεσθαι,
1234 2264 1306 2292 ἀλλὰ
1334 2264 1379 2292 καὶ
1419 2263 1596 2301 ἀναπληροῦν
1624 2266 1657 2293 τὸ
1683 2267 1734 2301 τῆς
1765 2268 1872 2305 ἀγάπης
1900 2268 1927 2296 ἐν

215 2312 297 2339 deest
311 2310 480 2346 perficiatis,
498 2310 568 2337 adeo
589 2313 620 2336 ut
631 2317 704 2344 quos
720 2317 818 2336 amare
833 2309 957 2345 debetis,
983 2319 1041 2337 non

1102 2309 1160 2345 Ξμῖν
1186 2307 1325 2343 ἐλλεῖπον,
1341 2309 1386 2336 καὶ
1413 2311 1594 2337 τελειοποιεῖν
1623 2311 1654 2338 τὸ
1681 2312 1741 2338 κατ’
1767 2304 1853 2346 αύτὴν
1883 2313 1927 2340 ὲν-

216 2356 301 2383 aliter
317 2355 434 2389 ametis,
449 2363 537 2390 quam
551 2354 591 2381 uti
610 2356 683 2381 Deus
699 2353 846 2390 praecepit,
859 2354 887 2381 in
904 2357 964 2381 toto
977 2355 1041 2382 ani-

217 2408 264 2427 mo
275 2401 303 2427 et
318 2408 352 2427 ex
367 2402 428 2427 toto
441 2400 549 2431 animo,
560 2399 587 2425 in
607 2401 667 2426 toto
683 2399 769 2426 corde
785 2401 853 2426 etex
869 2401 929 2426 toto
945 2400 1041 2434 corde,

218 2444 246 2470 in
262 2446 322 2472 tota
337 2445 514 2480 cogitatione
529 2446 558 2470 et
572 2452 606 2471 ex
622 2445 682 2471 tota
711 2444 896 2479 cogitatione.
923 2444 970 2472 Sic
994 2445 1040 2472 ni-

218 2489 327 2516 mirum
343 2489 464 2525 diligere
480 2490 515 2516 ab
523 2497 556 2516 eo
569 2489 721 2524 jubemur.

251 2624 278 2650 6.
295 2622 428 2650 Animam
445 2624 543 2651 autem
555 2621 618 2649 dico
635 2621 709 2649 illud
733 2622 809 2658 quod
828 2630 948 2658 prorsus
964 2622 1042 2650 intra

215 2678 269 2698 nos
283 2669 477 2700 est.auimam
494 2676 551 2695 non
568 2668 603 2695 de
619 2670 695 2695 terra
724 2670 835 2700 natam,
861 2676 956 2703 neque
975 2667 1040 2696 ideo

214 2716 250 2742 ad
270 2717 379 2742 terram
396 2712 643 2744 reversuram,sed
653 2720 716 2747 qua:
724 2715 788 2739 orta
799 2715 844 2740 est
863 2721 896 2740 ex
911 2712 1040 2740 insufﬂa-

213 2760 292 2787 tione
304 2760 362 2792 Dei,
380 2759 415 2786 ad
432 2766 516 2793 quem
531 2756 618 2784 etiam
636 2757 721 2789 redit.
737 2757 762 2784 si
783 2759 894 2784 rectum
919 2757 1039 2791 fecerit;

216 2803 354 2838 animam,
371 2804 573 2839 inquamquia
593 2800 659 2827 licet
674 2800 709 2827 ad
740 2800 790 2827 Dei
815 2803 951 2828 naturam
981 2809 1038 2828 non

215 2855 336 2884 prorsus
350 2849 514 2884 accedente,
536 2850 635 2873 tamen
658 2844 883 2873 similitudinem
909 2845 1036 2873 divinam

1098 2352 1226 2384 δεὲς-’ίνα
1256 2354 1292 2389 μή
1324 2353 1417 2385 ἄλλως
1448 2354 1668 2392 ἁγαπῲητε,οὖς
1699 2356 1805 2393 ἀγαπᾷν
1835 2367 1926 2394 χρεω-

1098 2400 1193 2431 στεῐτε,
1212 2396 1283 2425 ἀλλὰ
1312 2398 1349 2429 ὡς
1379 2399 1393 2425 ὁ
1417 2398 1483 2429 Θεὸς
1508 2397 1656 2435 ἐκανόνισε,
1673 2398 1881 2437 διαταξάμενος,
1899 2401 1926 2429 ἓν

1097 2441 1149 2479 ὅλῃ
1177 2442 1263 2479 ψυχῇ,
1293 2443 1336 2469 καὶ
1367 2441 1392 2478 ἐξ
1417 2441 1485 2477 ὅλης
1512 2444 1616 2481 ψυχῆς,
1648 2444 1693 2471 καὶ
1720 2443 1774 2482 ὅλῃ
1815 2445 1927 2482 καρδίᾳ,

1095 2486 1140 2513 καί
1168 2486 1193 2521 ἐξ
1223 2486 1290 2522 ὅλης
1315 2485 1437 2525 καρδίας,
1467 2487 1512 2514 καὶ
1540 2487 1566 2514 ἂν
1596 2487 1648 2525 ὅλῃ
1677 2487 1794 2525 διανοίᾳ,
1823 2491 1867 2518 καὶ
1900 2490 1927 2526 ἐξ

1096 2530 1165 2565 ὅλης
1195 2529 1316 2563 διανοίας
1343 2532 1460 2568 ἀγαπᾷν,
1488 2531 1537 2563 οὓς
1565 2531 1654 2571 φιλεῖν
1681 2533 1716 2560 δι’
1745 2534 1828 2562 αὐτοῦ
1856 2535 1930 2563 ἐντι-

1095 2575 1227 2612 τάλμεθα.

1131 2631 1161 2652 ς.
1180 2621 1257 2658 Δὲγω
1287 2619 1315 2648 δὲ
1342 2621 1433 2659 ψυχὴν
1466 2621 1513 2658 μὲν
1535 2621 1585 2657 τὴν
1612 2621 1644 2649 τὸ
1665 2625 1719 2650 πᾶν
1735 2622 1761 2650 ἐν
1777 2625 1855 2660 ἡμῖν,
1872 2625 1927 2659 τήν

1096 2666 1134 2701 μή
1152 2664 1181 2692 ὲκ
1195 2669 1256 2703 γῆς,
1273 2663 1316 2692 διὸ
1334 2664 1404 2702 μηδὲ
1423 2665 1641 2693 παλινοστοῦσαν
1667 2666 1705 2698 εἷς
1730 2671 1794 2705 γῆν’
1817 2668 1882 2696 ἀλλ’
1899 2670 1926 2705 ἐξ

1094 2709 1289 2748 ἐμφυσήματος
1315 2712 1392 2744 Θεοῦ,
1424 2709 1462 2741 εἷς
1498 2710 1526 2738 ὃν
1551 2710 1597 2738 καὶ
1625 2710 1766 2746 καταλύει,
1796 2713 1825 2740 ἃν
1851 2713 1926 2751 ὀρθᾶ

1093 2755 1257 2792 πορεύηται·
1281 2753 1372 2791 δι’ᾕς,
1389 2757 1456 2782 Θεοῦ
1483 2755 1532 2791 μὲν
1559 2755 1598 2791 μὴ
1626 2754 1710 2791 οὔσης
1737 2757 1923 2795 αὐτόχρημα,

1094 2799 1233 2832 θειοτάτου
1251 2798 1280 2826 δὲ
1304 2801 1459 2837 χρήματος,
1486 2799 1697 2836 ἀποθειούμεθα,
1724 2801 1800 2840 εἴπερ
1820 2802 1922 2834 iesio-

1094 2844 1211 2881 μεν,καί
1241 2843 1296 2872 υἱοὶ
1325 2844 1458 2882 γινόμεθα
1472 2843 1597 2882 Ὑψίστου
1619 2844 1727 2877 πάντες·
1744 2846 1788 2874 καὶ
1817 2846 1840 2874 ei
1871 2848 1919 2876 lui
