2021 3154
105 191 180 222 1037

617 186 810 221 EPISTULA
832 188 882 219 AD
904 188 1311 219 THESSALONICENSES.

1735 192 1813 222 1038

105 259 273 293 θνήσκομεν,
299 255 363 284 ἀλλ’
390 257 426 288 ὡς
450 258 569 283 τοιοῦτοι
592 256 755 292 θνῄσκομεν,
772 256 809 286 ὡς
825 253 932 289 δηλαδή

998 255 1139 289 'et‘erente,
1153 256 1187 283 ad
1205 256 1338 288 deorum,
1352 256 1375 282 si
1391 256 1525 291 velimus,
1551 257 1724 293 dignitatem
1750 264 1814 287 eve'

104 300 345 339 προσιιλημμένοι
368 301 443 337 αὐτῷ
473 300 511 333 εἷς
535 300 657 336 υἱότητα.
682 299 713 327 οὐ
744 299 797 336 μὴν
824 299 861 330 ὡς
877 298 930 326 υἱοί

105 345 270 383 ἀνθρώπων,
311 344 384 380 οὖδὶ,
421 343 566 376 ἀπολύει-ως
605 345 699 380 εἰπεῖν,
729 344 767 374 ὡς
795 342 931 381 ἄνθρωποι

105 388 200 417 ἀδίκου
231 388 360 425 δηλονότι
387 388 519 424 πλούτου,
549 389 567 424 ἢ
596 387 708 426 φαύλων
737 387 933 424 ἐπιθυμιῶν,ἢ

105 435 200 472 ὀργῆς,
230 433 249 469 ἢ
274 433 409 470 αἱμάτων,
437 434 456 468 ἢ
482 432 590 461 τοιοῦδέ
604 443 677 464 τινος
693 435 787 460 κακοῦ.
817 431 933 470 Καρδίαν

106 479 132 507 δέ
145 490 177 517 γε
193 479 279 518 φημὶ,
295 479 341 518 ἐφζ
361 479 391 513 ἢν
418 477 593 515 διαλογισμοὶ
618 476 801 516 εὖαγγελικῶς
824 474 933 504 ἀναϐαί-

105 535 190 557 νουσι,
207 524 254 552 καὶ
267 523 345 551 αὐτοὶ
362 522 487 560 διάφοροι
515 522 586 550 ἔστιν
612 523 666 557 ὅτε,
692 522 737 550 καὶ
753 520 817 549 οὐδὲ
833 521 934 558 εὐσύμ-

106 567 193 596 ϐατοι·
217 567 337 596 διάνοιαν
368 567 406 602 δὲ,
433 569 491 595 καθ’
522 568 564 603 ἣν,
593 567 616 595 εἰ
647 567 693 604 μὲν
715 565 869 605 σεσόφισ-ταί
892 577 933 597 τις

106 614 210 648 θεόθεν,
244 613 331 651 ἀγαθὰ
359 611 562 649 συλλογίζεται,
596 612 641 639 καὶ
670 611 845 648 συμπεραίνει
871 611 935 642 τοὺς

107 656 207 695 λόγους
221 658 291 695 πρὸς
306 657 377 688 θείας
394 657 481 694 ἀρχὰς
496 657 544 687 τὰς
569 655 681 683 ἐκεῖθεν⁸
705 655 728 683 εί
755 654 784 682 δὲ
808 655 935 693 ἡμάρτη-

105 713 157 736 ται,
175 703 369 742 σοφίζετιικαὶ
387 701 480 729 ἑαυτὸν
496 701 541 728 καὶ
553 699 616 731 τοὺς
633 701 777 736 ἀκροατὰς,
789 700 837 727 καὶ
850 699 936 731 οὕτως

106 748 135 775 οὗ
150 749 202 780 τῆς
219 746 381 784 αὐτοσοφίας
397 746 533 784 λογίζεται
561 745 700 782 μαθητὴς,
726 744 799 772 ἀλλὰ
821 747 869 772 τοῦ
893 755 935 771 σο-

106 794 202 820 φιστοῦ
226 793 275 826 τῆς
288 791 381 822 κακίας
397 789 585 828 ὖποδρηστήρ.

988 299 1088 327 himur
1103 301 1131 327 et
1143 300 1240 327 cuncti
1255 299 1407 328 reddimur
1422 300 1471 328 ﬁlii
1501 301 1651 338 Altissimi,
1682 304 1721 331 ita
1750 303 1815 340 qui-

987 344 1053 372 dem
1068 347 1110 377 ut,
1126 344 1243 372 etiamsi
1259 345 1411 378 morimur,
1428 347 1526 373 tamen
1543 355 1600 374 non
1617 349 1758 384 tanquam
1773 351 1817 376 ta-

991 388 1034 416 les
1049 388 1218 421 moriamur,
1236 391 1335 425 utpote
1347 390 1409 424 jam
1426 392 1512 417 antea
1527 390 1555 417 in
1572 391 1695 419 ﬁliorum
1713 401 1818 420 nume—

989 441 1054 460 rum
1068 433 1207 469 adoptati,
1226 441 1319 469 neque
1334 437 1477 470 tanquam
1507 435 1557 462 ﬁlii
1583 435 1749 471 hominum,
1769 445 1818 466 ne.

989 485 1056 513 que,
1074 480 1104 505 ut
1115 478 1352 513 breviterdicam,
1369 481 1509 515 tanquam
1538 480 1670 508 homines
1691 481 1818 516 injusta-

989 530 1054 550 rum
1071 522 1250 556 divitiarum,
1276 526 1326 550 aut
1350 531 1505 558 pravarum
1536 525 1742 561 cupiditatum,
1770 528 1820 553 aut

990 566 1050 599 iraa,
1064 569 1115 594 aut
1130 567 1321 603 sanguinum,
1338 571 1389 595 aut
1404 568 1511 595 similis
1542 569 1750 605 improbitatis.
1767 573 1820 599 Cor

990 619 1075 647 porro
1092 611 1167 646 dico,
1184 612 1212 638 in
1231 620 1298 647 quo,
1316 615 1348 639 ut
1371 621 1439 640 cum
1463 613 1617 649 Evangelia
1642 614 1754 650 loquar,
1771 623 1819 643 co-

990 655 1147 692 gitationes
1162 659 1325 692 exsurgunt
1340 657 1462 684 divorsae
1478 657 1625 685 interdum
1647 662 1674 686 et
1699 659 1816 688 illicitae.

989 700 1197 735 chitationem
1215 701 1350 736 denique,
1363 710 1421 737 qua
1437 701 1503 737 quis
1517 702 1659 730 divinitus
1675 703 1820 739 sapientia

990 746 1151 781 instructus
1167 745 1202 772 de
1219 745 1304 772 rebus
1316 745 1401 772 bonis
1411 746 1573 773 meditatur
1585 748 1614 774 et
1628 741 1817 783 disciplinam

990 789 1121 817 abinitio
1137 791 1285 825 acceptam
1303 790 1338 817 ad
1364 790 1476 825 justum
1503 792 1590 818 ﬁnem
1622 792 1754 827 perducit
1793 801 1824 828 et

107 839 279 871 conservat;
296 837 346 864 ubi
362 845 429 864 vero
446 837 598 872 peccatum
619 837 673 869 est,
686 843 715 863 se
731 836 817 870 atque
832 834 981 862 auditores
1001 835 1111 868 edocet,
1129 841 1222 870 neque
1239 834 1360 870 proprias
1387 835 1536 871 sapientiae
1565 836 1746 873 discipulus,
1768 838 1820 865 sed

111 882 248 918 magistri
264 881 463 918 perversitatis
478 889 579 909 servus
596 882 760 916 reputatur.

142 935 173 969 ζ’.
190 934 273 971 Ἐμοὶ
298 932 326 961 δὲ
349 933 393 960 καὶ
419 932 530 965 ἐνταῦθα
549 932 632 971 λόγου
657 932 687 959 τὸ
715 931 740 959 ἰν
756 930 808 969 ὅλῃ
835 931 879 959 καὶ
903 931 934 958 τὸ

1022 933 1050 959 7.
1067 932 1133 960 Jam
1151 932 1197 960 hic
1214 941 1279 960 vero
1297 932 1374 961 haud
1397 933 1629 969 inopportunum
1649 935 1763 963 videtur
1778 936 1824 964 di-

106 978 132 1014 ἰξ
157 979 228 1014 ὅλης
252 978 302 1005 οὐκ
316 977 490 1017 ἀπροσφυῶς,
508 978 594 1014 οἶμαι,
622 975 697 1004 δοκιῖ
714 977 752 1013 μὴ
781 975 936 1013 συντρέχειν

106 1024 144 1056 είς
165 1020 271 1051 ἔννοιαν
295 1024 344 1058 τήν
372 1022 467 1057 αὐτὴν,
493 1022 538 1049 καὶ
560 1021 647 1057 πάντη
663 1021 772 1052 πάντως
788 1019 936 1056 ἆνεξάλλα-

107 1079 180 1104 κτον,
206 1067 282 1096 ἀλλὰ
305 1067 498 1106 προφαίνεσθαι
525 1066 571 1103 μὲν
597 1065 728 1105 διαφοράν
754 1076 814 1093 τινα
839 1065 865 1093 ἐν
889 1065 936 1092 αὖ-

105 1116 174 1147 τοῖς,
193 1112 225 1139 οὐ
254 1113 307 1149 μὴν
338 1112 507 1149 ἀσύντροχον
535 1112 568 1148 τῇ
593 1111 732 1149 ὀρθότητι,
759 1112 802 1138 οἷα
827 1110 852 1137 ἐν
876 1108 938 1137 δια-

110 1157 186 1196 φόρῳ
212 1155 299 1192 λαλίᾷ
325 1154 520 1194 ξυμϐαίνουσαν
552 1155 591 1187 εἷς
619 1154 645 1183 ἓν
681 1154 779 1193 ἀγαθόν
796 1165 801 1171 ·
840 1153 936 1191 ὅμοιον

105 1202 142 1233 ὡς
168 1202 213 1230 καὶ
244 1200 272 1229 εἷ’
292 1211 363 1233 τινις
394 1200 442 1228 δύο
466 1200 645 1239 πορευόμενοι
671 1199 697 1231 ές
725 1199 803 1238 ὀρθὸν
835 1199 860 1226 ἐν
882 1197 938 1235 ὁδῷ

106 1245 260 1283 σχιζομένη
278 1244 356 1283 διχῇ,
373 1245 450 1282 ὅμως
466 1242 623 1276 ιύθυϐόλως
639 1244 677 1276 εἷς
692 1243 719 1272 ἓν
736 1245 818 1281 πέρας
840 1243 936 1282 ἀγαθὸν

106 1291 287 1320 καταλύουσι.

142 1337 178 1372 η’.
195 1335 246 1363 Καί
265 1346 311 1372 μοι
337 1334 443 1373 ἀρέσκει
466 1335 497 1362 τὸ
523 1334 571 1371 μὶν
596 1333 623 1361 ἐν
644 1333 696 1372 ὅλῃ
726 1334 758 1362 τὸ
787 1332 938 1371 ένδὸμυχον

106 1384 157 1415 τῆς
172 1381 281 1418 ἀγάπης
298 1379 494 1416 ὑποσημαίιειν
518 1379 550 1407 τὸ
578 1379 733 1416 καταμόνας
756 1375 831 1406 ἔνδον
854 1377 880 1405 ἐν
903 1379 938 1414 τῇ

109 1424 247 1463 ψυχῇ,τὸ
267 1423 330 1455 τοὺς
358 1423 482 1456 πολλοὺς
511 1423 641 1451 λανθάνον
672 1423 764 1457 είσέτι,
792 1423 823 1450 τὸ
854 1423 939 1459 μήπω

113 1469 278 1509 ὲκπιφηνὸς,
307 1468 338 1496 τὸ
368 1468 488 1496 ἐνοικοῦν
515 1470 549 1505 τῇ
576 1470 665 1506 ψυχῇ,
691 1468 722 1495 τὸ
747 1467 772 1494 ἐν
802 1469 840 1503 τῷ
866 1467 940 1498 ἐντὸς

111 1514 301 1551 κεκρυμμένον
317 1512 455 1551 οἰκουρίας
469 1513 542 1544 τινὸς
569 1511 659 1547 δίκην,
679 1512 710 1538 οὐ
729 1512 782 1548 μὴν
803 1511 847 1538 καὶ
873 1521 939 1547 προ-

111 1568 276 1598 φαινομενον
307 1557 344 1589 εἷς
375 1557 522 1595 ἐνέργειαν.
555 1558 638 1584 Ἕντα
666 1558 853 1594 προσεπινοεῖν
881 1555 939 1582 ἐνά-

110 1614 206 1642 γομαι,
233 1602 279 1630 καὶ
307 1603 344 1634 ὡς
374 1601 400 1629 έν
429 1602 500 1640 τρισὶ
530 1601 637 1633 τούτοις
660 1600 767 1634 καλοῖς,
790 1602 824 1637 τῇ
849 1601 937 1637 ψυχῇ,

108 1650 143 1685 τῇ
173 1646 273 1685 καρδίᾳ
307 1646 352 1674 καὶ
387 1648 422 1684 τῇ
450 1645 555 1682 διανοίᾳ
581 1646 612 1673 τὸ
641 1645 666 1673 έν
691 1647 759 1682 ἡμῖν
787 1647 837 1672 πᾶν
865 1644 939 1675 ἐντὸς

109 1692 207 1730 ἀγαθὸν
238 1689 351 1722 ἐντελῶς
368 1690 562 1730 ὑπογράφεται,
584 1701 616 1717 ου
641 1693 795 1727 μεμνῆσθαι
822 1689 867 1716 καὶ
895 1688 940 1715 τὸν

113 1737 197 1774 μέγαν
220 1734 316 1772 Δαυῒδ,
343 1735 411 1763 ὅπου
437 1734 522 1767 ἐθέλει
547 1734 633 1762 πάντα
653 1734 687 1761 τὰ
702 1734 774 1765 ἐντὸς
789 1734 872 1761 αὐτοῦ
900 1743 941 1760 κι-

111 1782 214 1809 νεῖσθαι
245 1780 284 1812 sic
310 1780 342 1807 τὸ
371 1779 492 1818 εὐλογεῖν
519 1780 550 1807 τὸ
578 1781 626 1806 τοῦ
648 1781 714 1806 Θεοῦ
739 1779 815 1816 ἅγιον
843 1775 940 1814 ὄνομα.

112 1825 228 1856 Τούτοις
245 1825 297 1863 γὰρ
311 1827 370 1856 τοῖς
385 1824 469 1856 ἰντὸς,
484 1826 542 1855 τοῖς
558 1823 657 1861 τρισὶν,
676 1823 719 1862 ὑφ’
744 1822 781 1850 ὧν
805 1824 823 1857 ἡ
848 1822 940 1860 ἀγάπη

113 1869 301 1904 διαπλέκιται,
333 1868 360 1897 εἷ’
381 1880 422 1900 τις
452 1868 587 1907 λογισμοῦ
616 1868 643 1895 εὗ
668 1866 740 1905 ἔχοι,
763 1867 869 1905 εὐλογεῖ
896 1867 941 1894 τὸν

111 1919 162 1950 τῆς
189 1914 296 1953 ἀγάπης
322 1914 432 1952 Κύριον,
457 1913 541 1950 ὕμνον
563 1912 727 1949 ἀναμέλπων
749 1911 774 1939 ίν
798 1914 838 1948 τῷ
862 1921 942 1939 πνευ-

115 1962 241 1996 ματικῶς
255 1958 393 1996 ἡρμόσθαι
414 1958 483 1986 κατὰ
505 1958 535 1985 τὸ
553 1958 579 1984 ἐν
605 1957 696 1995 ἀγάπῃ
724 1957 869 1996 σύμφωνον
894 1957 942 1983 τοῦ

110 2006 260 2042 τριμεροῦς
276 2007 326 2038 τῆς
342 2005 445 2041 ψυχῆς.
463 2002 511 2030 Καὶ
524 2004 648 2030 τοιοῦτον
674 2002 723 2038 μὲν
737 2002 768 2029 τὸ
782 2001 806 2029 ἐν
823 2000 875 2038 ὅλῃ
892 2002 942 2036 ψυ-

112 2052 154 2088 χῇ
167 2060 197 2077 τι
216 2049 261 2076 καὶ
291 2046 388 2085 καρδίᾳ
412 2047 456 2075 καὶ
481 2046 596 2082 διανοίᾳ,
622 2046 659 2078 ὡς
683 2045 800 2084 εἷ’ρηται,
829 2046 944 2083 ἀγαπᾷν.

150 2103 183 2131 θ’.
213 2101 249 2129 Τὸ
278 2100 306 2129 δὲ
344 2099 410 2138 δλῃς
446 2102 486 2137 τῷ
525 2099 635 2138 ἑτεροίῳ
668 2101 718 2134 τῆς
748 2099 870 2136 φράσεως
900 2096 946 2125 καί

112 2148 163 2182 τὴν
191 2146 294 2174 ἔννοιαν
317 2144 535 2181 συνιξαλλάττειν
565 2143 650 2173 δοκεῖ,
668 2143 795 2171 Φαίνεται
819 2153 869 2181 γαρ
899 2141 947 2177 δη-

112 2191 180 2220 λοῦν
211 2191 319 2229 ἀγάπην
347 2192 364 2226 ἡ
388 2189 484 2228 φράσις
517 2188 585 2224 αὕτη
615 2188 764 2226 πρόοπτον,
794 2187 839 2214 καὶ
860 2186 945 2217 οὕτως

113 2237 280 2274 ἐξωτερικὴν
298 2257 305 2270 ,
335 2232 512 2263 ἑκπιδύουσαν
537 2235 591 2261 τῶν
625 2232 698 2264 ἐντὸς
730 2232 775 2260 καὶ
803 2232 871 2259 κατὰ
897 2232 946 2268 ψυ-

115 2282 182 2320 χὴν,
211 2279 261 2308 ὅσα
276 2279 321 2307 καὶ
336 2282 430 2318 πηγῆς
445 2279 556 2317 ἀγαθῆς.
587 2277 674 2316 ῥεῦμά
688 2288 714 2304 τι
739 2276 860 2315 χρηστὸν
885 2274 946 2312 ἔξω,

956 1630 976 1662 C

993 985 1068 1013 cere,
1081 977 1157 1013 quod
1176 977 1227 1005 illa
1238 978 1326 1005 verba
1341 978 1372 1005 in
1385 980 1438 1006 toto
1460 980 1488 1007 et
1509 987 1545 1006 ex
1558 984 1613 1007 tota
1629 988 1686 1008 non
1702 989 1824 1016 prorsus

991 1021 1027 1049 ad
1043 1022 1178 1049 eumdem
1194 1022 1313 1050 redeant
1322 1031 1452 1056 sensum,
1466 1031 1518 1051 nec
1544 1024 1697 1052 ullomodo
1714 1025 1823 1053 discre-

992 1068 1120 1102 pantem,
1137 1067 1188 1093 sed
1219 1066 1379 1094 discrimen
1408 1068 1555 1103 quoddam
1585 1068 1627 1097 eis
1640 1070 1746 1102 inesse,
1765 1078 1822 1097 non

993 1110 1049 1138 tale
1065 1111 1182 1146 quidem
1201 1112 1278 1146 quod
1292 1114 1375 1139 rectas
1392 1112 1458 1140 ﬁdei
1489 1116 1640 1149 regugnet,
1669 1115 1719 1142 sed
1746 1115 1822 1150 quod

992 1155 1106 1183 diverso
1122 1155 1259 1190 loquendi
1275 1164 1379 1191 genere
1394 1157 1430 1184 ad
1450 1165 1541 1184 unum
1563 1157 1700 1194 idemque
1714 1159 1823 1186 bonum

992 1200 1125 1234 deducat,
1143 1199 1221 1227 velut
1233 1200 1258 1227 si
1274 1201 1332 1228 duo
1348 1201 1394 1228 via
1418 1203 1506 1235 recta,
1537 1202 1604 1229 licet
1630 1203 1766 1231 bifariam
1781 1203 1826 1231 di-

992 1244 1064 1277 visa,
1093 1244 1320 1280 proﬁciscentes,
1346 1246 1382 1273 ad
1412 1245 1502 1273 ﬁnem
1527 1249 1660 1282 optatum
1703 1247 1828 1276 feliciter

999 1290 1184 1325 perveniunt,

1028 1334 1055 1361 8.
1082 1334 1177 1362 Verba
1203 1334 1254 1362 illa
1285 1335 1314 1362 in
1330 1336 1391 1369 toto,
1417 1337 1449 1363 ut
1474 1335 1546 1363 mihi
1574 1336 1692 1372 quidem
1706 1337 1828 1373 videtur,

994 1379 1124 1406 indicant
1140 1379 1323 1407 reconditum
1340 1379 1503 1413 charitatis,
1515 1381 1542 1408 id
1556 1381 1633 1416 quod
1645 1381 1740 1409 solum
1752 1382 1829 1409 intra

994 1424 1123 1451 animam
1135 1425 1189 1458 est,
1205 1424 1282 1459 quod
1301 1424 1517 1452 multitudinem
1534 1425 1630 1453 adhuc
1651 1426 1731 1459 latet,
1749 1429 1825 1462 quod

995 1469 1126 1495 nondum
1139 1468 1283 1503 apparuit,
1301 1469 1377 1503 quod
1408 1469 1514 1496 animae
1543 1469 1662 1503 insidet,
1693 1471 1770 1505 quod
1795 1470 1825 1497 in

994 1512 1137 1544 interiori,
1150 1511 1228 1539 velut
1243 1512 1272 1539 in
1289 1512 1375 1539 domo
1399 1514 1526 1547 quadam
1552 1514 1741 1541 absconditur
1758 1523 1824 1542 nec-

995 1558 1063 1583 dum
1080 1556 1113 1583 ad
1132 1556 1310 1583 activitalem
1340 1556 1493 1591 processit.
1523 1557 1588 1586 Jam
1616 1557 1663 1584 hic
1690 1558 1824 1585 animad-

994 1603 1084 1633 verto,
1098 1599 1220 1636 pulchra
1251 1600 1306 1627 ista
1333 1600 1476 1634 trinitate,
1501 1601 1600 1629 anima
1628 1602 1767 1629 nimirum
1797 1605 1825 1630 et

996 1645 1082 1672 corde
1098 1647 1125 1671 et
1140 1644 1326 1679 cogitatione,
1342 1653 1428 1673 omne
1443 1646 1552 1674 bonum
1573 1646 1651 1674 intra
1666 1655 1719 1674 nos
1737 1656 1823 1675 accu-

995 1692 1056 1717 rate
1071 1688 1230 1724 designari,
1247 1689 1332 1724 cujus
1349 1690 1389 1717 rei
1405 1690 1493 1718 etiam
1510 1699 1635 1726 magnus
1658 1692 1744 1719 David
1762 1700 1822 1720 me-

996 1733 1091 1768 minit,
1107 1733 1225 1769 quando
1241 1733 1301 1761 vult
1317 1736 1348 1761 ut
1363 1734 1533 1770 omniaquae
1550 1736 1628 1763 intra
1643 1736 1740 1772 ipsum
1754 1739 1824 1764 sunt

996 1778 1031 1806 ad
1045 1777 1278 1806 benedicendum
1294 1782 1393 1806 sancto
1408 1779 1458 1806 Dei
1474 1779 1585 1807 nomini
1600 1785 1826 1816 permoveantur

998 1823 1047 1850 llis
1061 1823 1139 1850 enim
1156 1823 1250 1850 tribus
1268 1823 1468 1858 interioribus,
1494 1825 1601 1860 quibus
1631 1825 1759 1853 charitas
1784 1826 1827 1852 in-

997 1868 1099 1900 hmret,
1112 1867 1137 1895 si
1152 1867 1220 1903 quis
1236 1868 1308 1895 bene
1337 1869 1471 1903 senserit,
1502 1869 1648 1897 benedicit
1675 1870 1828 1898 charitatis

999 1912 1166 1946 Dominum,
1180 1912 1252 1939 dum
1268 1912 1421 1948 hymnum,
1438 1913 1633 1948 spiritualiter
1659 1915 1695 1942 ad
1711 1915 1829 1942 harmo-

1001 1956 1079 1983 niam
1096 1956 1214 1983 illarum
1233 1956 1322 1983 trium
1340 1957 1445 1985 animas
1474 1958 1603 1993 partium
1634 1959 1663 1986 in
1690 1959 1831 1986 charitate

1000 2000 1207 2036 compositum,
1223 2001 1400 2028 modulatur.
1424 2002 1458 2029 Et
1475 2002 1528 2029 hoc
1544 2005 1599 2038 est,
1616 2003 1644 2030 in
1663 2007 1722 2031 tota
1731 2004 1830 2031 anima

1000 2048 1028 2073 et
1043 2045 1129 2073 corde
1139 2047 1167 2072 et
1182 2044 1358 2081 cogitatione
1374 2054 1484 2081 amare,
1502 2047 1543 2074 uti
1555 2047 1694 2075 diximus.

1034 2098 1061 2125 9.
1076 2098 1151 2125 Illud
1167 2100 1266 2125 autem
1283 2106 1318 2125 ea:
1335 2100 1402 2131 toto,
1434 2099 1473 2126 uti
1505 2099 1640 2131 dictione,
1670 2099 1712 2128 ita
1740 2100 1827 2128 etiam

1001 2151 1090 2170 sensu
1106 2142 1220 2170 diﬁ'erre
1236 2142 1359 2170 videtur.
1376 2143 1415 2170 Ex
1428 2151 1493 2170 mea
1508 2144 1586 2171 enim
1616 2144 1829 2172 sententiaista

1002 2187 1118 2224 phrasis
1134 2187 1232 2214 innuit
1247 2186 1418 2215 charitatem
1433 2188 1631 2223 manifestam,
1643 2189 1678 2216 ad
1687 2189 1830 2217 exteriora

1003 2235 1252 2269 prorumpentem,
1275 2241 1309 2260 ex
1324 2232 1436 2260 intimis
1452 2233 1543 2261 animi
1574 2235 1750 2268 recessibus,
1766 2237 1830 2262 tan-

1003 2286 1092 2313 quam
1109 2285 1124 2305 e
1138 2277 1215 2305 bono
1231 2277 1322 2310 fonte,
1346 2277 1517 2306 excellentis
1532 2278 1629 2306 laticis
1644 2279 1738 2307 instar
1751 2278 1832 2307 ebul-

114 2316 161 2353 καὶ
191 2316 432 2360 ἆκκαλυπτομένην
461 2316 506 2350 καὶ
543 2320 761 2360 προφαινομένην
783 2320 813 2348 ἐκ
836 2322 884 2348 τοῦ
912 2320 941 2347 ὡς

1005 2323 1135 2357 lientem,
1151 2324 1283 2358 apertam
1295 2324 1323 2350 et
1337 2331 1372 2350 ex
1383 2322 1606 2359 potentialitate,
1622 2326 1655 2351 ut
1669 2324 1709 2351 ita
1724 2324 1832 2357 dicam,

116 2370 204 2398 εἰπεῖν
225 2368 339 2406 δυνάμει
364 2367 607 2412 κατὰ,ὶνέργειαν·
637 2367 695 2394 οἷον
725 2365 814 2412 ὁημὶν
840 2364 949 2412 λογιζό-

117 2425 199 2452 μενος
214 2413 240 2441 ἒν
257 2415 346 2452 ψυχῇ,
363 2413 408 2440 καὶ
432 2409 636 2449 διανοούμενος,
666 2412 709 2439 καὶ
727 2410 798 2438 οὕτω
820 2409 949 2446 συλλογι-

117 2460 235 2497 ζόμενος
265 2458 354 2496 ὀρθῶς
378 2458 412 2485 τὰ
441 2457 507 2494 ὑπὲρ
539 2457 638 2495 ἀγαθοῦ
667 2455 773 2494 φίλου,
800 2454 846 2482 καὶ
873 2460 951 2491 μεθο-

117 2504 217 2540 διύων,
233 2503 280 2532 καὶ
295 2502 389 2530 ἑαυτὸν
402 2500 508 2530 εὔθετον
529 2504 616 2529 ποιῶν
645 2501 683 2533 εἷς
711 2501 746 2528 τὰ
773 2500 841 2539 πρὸς
871 2500 951 2538 χάριν

117 2549 234 2583 ἐκείνου,
251 2548 298 2576 καὶ
315 2546 525 2586 βυσσοδομεύων
547 2545 620 2574 καλά
636 2545 793 2573 συνοίσοντα
817 2547 857 2580 τῷ
885 2545 951 2582 ἁγα-

117 2594 262 2631 πωμένῳ,
303 2591 329 2620 ἐν
366 2593 443 2630 ψυχῇ
476 2591 522 2618 καὶ
552 2590 579 2619 ἰν
607 2589 706 2628 καρδίᾳ
725 2589 770 2617 καὶ
797 2589 823 2616 ἐν
849 2587 953 2624 διανοίᾳ

119 2638 184 2676 ὅλῃ,
200 2638 305 2666 ἐκεῖνον
320 2636 419 2675 ἀγάπᾷ,
435 2635 509 2668 ἐντὸς
531 2635 578 2673 μὲν
603 2635 691 2674 φέρων
713 2634 804 2669 αὐτὸν,
830 2634 861 2661 οὐ
884 2643 954 2672 παρ-

119 2683 250 2722 αυγάζων
281 2680 310 2709 δὲ
335 2681 366 2708 τὸ
390 2679 482 2719 φίλιον
507 2679 553 2707 καὶ
582 2679 718 2719 ἐμφανῶς,
752 2677 814 2706 οὐδὲ
829 2678 953 2717 ἐξαστρά-

120 2738 197 2756 πτων
213 2726 281 2755 αὐτὸ
315 2724 365 2761 ἔξω
391 2725 431 2756 είς
460 2723 581 2763 ἐναργές.
601 2725 649 2757 Ὃς
664 2723 693 2752 δὲ
708 2725 805 2762 καιροῦ
833 2733 955 2760 παραπε-

123 2773 220 2804 σόντος
247 2770 295 2799 καὶ
323 2771 501 2802 ἀπαιτοῦντος
529 2769 635 2808 ἀγάπης
663 2767 789 2804 ἐπίδειξιν
819 2767 956 2806 ἕκπορίζιι

122 2820 163 2855 τῷ
198 2817 278 2856 φίλῳ
303 2814 338 2843 τὰ
366 2813 469 2852 δέοντα,
495 2814 621 2853 πράττων
652 2813 705 2842 εἴτε
739 2812 913 2852 ὑπερλαλῶν,
938 2812 956 2848 ἢ

124 2861 195 2891 ἄλλο
209 2873 238 2891 τι
263 2860 450 2899 ταηνώμενος,
480 2858 513 2888 δι’
537 2859 568 2887 οὗ
593 2858 781 2898 πανηγυρίζει,
810 2859 958 2896 πομπικῶς

1004 2367 1040 2395 ad
1052 2366 1230 2395 activitatem
1248 2366 1382 2394 alacriter
1407 2367 1619 2403 prosilientem,
1647 2368 1717 2396 dum
1733 2371 1835 2396 contra

1004 2413 1030 2441 is
1046 2413 1096 2448 qui
1112 2412 1209 2440 animo
1224 2414 1339 2448 reputat
1365 2414 1394 2440 et
1424 2413 1592 2450 meditatur,
1622 2416 1651 2443 et
1678 2414 1720 2442 sic
1746 2414 1835 2450 probe

1006 2466 1070 2494 quae
1086 2457 1179 2485 amico
1208 2457 1293 2485 utilia
1322 2458 1380 2486 sint
1395 2457 1547 2492 deliberat,
1576 2460 1605 2487 et
1633 2461 1781 2487 scrutatur
1808 2462 1837 2487 et

1007 2504 1100 2530 semet
1116 2502 1150 2530 ad
1167 2501 1209 2529 illi
1221 2506 1304 2538 grata
1317 2502 1483 2530 exhibenda
1500 2506 1653 2539 prwparat,
1669 2506 1698 2532 et
1717 2513 1780 2540 quae
1793 2503 1836 2531 di-

1007 2547 1081 2575 lecto
1098 2546 1237 2582 prodesse
1263 2546 1386 2582 possint,
1412 2547 1546 2580 rimatur,
1572 2548 1598 2576 is
1621 2548 1650 2576 in
1680 2549 1779 2577 anima
1808 2551 1837 2576 et

1008 2591 1094 2619 corde
1104 2593 1133 2619 et
1146 2591 1321 2627 cogitatione
1337 2591 1420 2619 illum
1437 2592 1627 2628 diligit,intus
1643 2602 1710 2622 eum
1727 2594 1835 2626 ferens,

1009 2645 1066 2664 non
1082 2638 1178 2664 autem
1203 2635 1360 2664 manifesto
1387 2635 1520 2665 revelans
1548 2638 1719 2672 amicitiam,
1745 2644 1837 2671 neque

1010 2681 1046 2709 ad
1074 2680 1250 2708 activitatem
1277 2680 1434 2708 deducens.
1467 2681 1520 2714 Qui
1549 2685 1657 2718 autem,
1686 2681 1838 2710 occasione

1011 2725 1106 2753 oblata
1122 2728 1150 2753 et
1164 2727 1293 2761 tempore
1316 2725 1468 2754 charitatis
1498 2727 1778 2755 demonstrationem
1795 2734 1839 2753 re-

1011 2770 1156 2806 quirente,
1174 2770 1268 2798 amico
1283 2769 1450 2798 necessaria
1464 2772 1643 2807 suppeditat,
1659 2771 1719 2799 sive
1743 2770 1839 2804 factis,

1013 2815 1073 2843 sive
1087 2815 1194 2849 verbis,
1211 2814 1272 2842 sive
1293 2823 1324 2842 re
1348 2815 1405 2843 alia
1433 2824 1618 2852 quacunque,
1649 2818 1678 2844 et
1704 2815 1745 2844 ita
1764 2815 1842 2844 clare

1014 2859 1144 2888 ostendit
1160 2862 1188 2888 et
1204 2867 1301 2888 coram
1331 2859 1469 2889 omnibus
1488 2863 1588 2899 aperte
1611 2861 1726 2898 probat,
1761 2859 1842 2897 quali
