2021 3154
213 180 290 209 1039

597 173 805 208 EUSTA’I‘HII
828 172 1214 205 THESSALONICENSIS
1237 173 1528 207 METROPOLITIE

1840 177 1920 210 1040

211 245 345 273 amicitias
360 253 449 273 sensu
462 252 530 280 ergo
545 243 672 272 amicum
689 242 811 270 aﬂ‘ectus
826 241 908 277 sit,is
924 249 958 269 ex
973 242 1034 268 tota

1092 237 1264 276 θριαμϐεύων
1291 241 1336 268 καὶ
1364 240 1566 279 παραδεικνὺς,
1597 242 1692 274 ὁποῖός
1731 242 1786 270 ἔστι
1814 242 1849 271 τὰ
1879 243 1919 276 εἷς

210 289 309 318 anima
323 292 352 318 et
366 298 401 318 ex
414 291 473 317 tota
488 288 662 324 cogitatione
679 286 786 323 diligit,
799 293 936 321 promens
948 285 1034 312 nimi-

210 343 276 362 rum
292 343 356 370 qua:
371 334 401 362 in
418 333 516 361 animo
532 333 633 367 latent,
655 334 684 359 et
702 331 788 358 factis
817 331 1037 359 demonstrans.

210 380 304 411 Quare
314 379 440 407 Charitas
456 377 586 412 interior,
607 376 657 404 ubi
686 375 814 411 erumpit
837 374 1037 410 comparanda

210 426 255 452 est
269 423 366 452 titioni
378 421 486 451 alicubi
505 421 560 449 sub
571 420 718 448 cineribus
733 419 833 447 latenti
847 421 898 447 aut
910 419 1036 447 flamma:

212 475 331 504 corpore
346 467 444 503 aliquo
460 466 623 502 superjecto
638 472 797 500 oppressae,
818 463 868 491 ubi
884 466 982 492 autem
999 463 1034 491 ad

211 512 356 547 agendum
373 513 473 547 parata
496 509 671 546 proruperit,
702 508 808 536 similis
835 508 947 536 dicetur
974 508 1036 544 igni

212 556 262 592 qui
285 564 300 584 e
316 555 379 583 loco
393 555 492 583 abdito
506 553 620 590 prosilit
632 555 661 581 et
676 553 706 581 in
722 553 814 590 altum
829 553 925 581 elatus
934 552 1035 580 claris-

211 601 286 628 simo
302 595 457 636 splendore
467 598 567 626 omnia
581 597 743 626 collustrat.

246 735 288 761 10.
305 734 378 761 Cum
393 733 484 769 igitur
498 732 538 760 ita
553 733 698 760 statutum
713 731 753 758 sit
776 730 812 758 de
840 729 994 758 dilectione
1008 731 1037 757 et

210 780 362 812 charitate,
377 787 441 815 qua!
451 786 577 814 superne
591 777 627 805 ab
655 776 720 812 ipso
735 775 804 810 Deo,
834 774 966 811 agricolis
991 775 1034 802 in-

211 827 281 858 star,
298 823 353 851 hoc
372 823 401 850 in
419 822 529 850 mundo
553 821 699 850 seminata
724 823 769 849 est
793 822 825 848 ut
853 820 1037 848 abundantes

211 872 324 904 fructus
335 864 441 895 divinis
459 865 649 902 receptaculis
673 864 878 894 convenientes
897 865 1034 900 proferat,

210 921 260 941 vos
275 921 391 950 quoque
419 911 505 939 bonis
530 910 642 938 debetis
669 909 819 938 abundare
842 909 987 937 fructibus
1008 912 1036 937 et

211 966 338 986 messem
354 957 489 985 exhibere
509 956 678 992 perfectam,
688 963 723 982 ne
739 954 831 982 hilum
848 954 967 990 quidem
983 954 1034 982 ab-

208 1003 343 1038 jicientes
355 1002 384 1030 in
400 1009 497 1030 escam
513 1001 610 1029 avium
626 1008 720 1036 grana
747 1000 961 1033 devorantium,
981 999 1035 1027 hoc

211 1051 256 1076 est
267 1049 432 1076 diem-mum
450 1046 498 1081 qui
511 1054 579 1073 arva
593 1045 691 1073 divina
707 1044 973 1072 circumvolitantes
984 1053 1035 1080 pro

210 1093 321 1120 viribus
337 1091 549 1125 contaminant,
566 1097 742 1125 omnemque
758 1092 865 1117 navant
878 1098 996 1125 operam
1005 1091 1037 1116 ut

211 1138 353 1174 optimam
368 1136 454 1164 istam
473 1144 505 1163 ac
517 1134 730 1162 i'ertilissimam
746 1133 1036 1169 charitatisplantam

211 1182 352 1211 radicitus
366 1181 501 1214 evellant,
518 1182 639 1215 totoque
663 1179 794 1207 adhibito
818 1178 916 1206 studio
940 1178 1037 1206 fundi-

210 1230 258 1256 tus
273 1228 414 1260 evertant,
431 1226 496 1260 ejus
511 1223 575 1252 loco
596 1224 697 1251 odium
728 1223 897 1251 ﬁrmissime
911 1222 1037 1258 implen-

210 1275 330 1305 tantes;
360 1270 397 1298 ad
426 1269 504 1305 quod
534 1268 744 1304 perliciendum
774 1268 824 1295 ubi
840 1276 898 1295 non
919 1276 953 1295 ex
972 1269 1039 1295 voto

210 1314 407 1352 pervenerint,
424 1313 530 1341 saltem
561 1311 698 1339 mutilare
721 1311 801 1338 illum
830 1314 859 1338 et
874 1320 909 1339 ne
925 1311 1040 1346 integra

210 1362 399 1396 perfectaque
415 1358 454 1386 sit
465 1358 578 1384 et‘licere
588 1358 742 1383 conantur.
770 1356 870 1391 ltuque
898 1355 967 1383 olim
985 1356 1040 1383 dae-

210 1414 280 1433 mon
297 1411 396 1431 revera
411 1410 518 1438 pravus
534 1403 636 1428 contra
647 1408 710 1428 eam
728 1409 791 1436 qum
813 1401 841 1427 in
858 1400 950 1427 Deum
961 1408 1040 1428 exse-

209 1450 286 1477 ritur
300 1447 473 1476 charitatem
490 1445 649 1478 rebellavit,
660 1453 753 1481 eaque
770 1444 888 1472 rebellio
905 1441 1041 1480 produxit

209 1492 422 1522 haeresiarchas
437 1499 597 1526 eorumque
615 1489 754 1525 asseclas,
775 1489 885 1525 quibus
900 1489 1039 1516 nimirum

209 1541 309 1575 utpote
324 1536 411 1566 exitio
427 1536 539 1565 devotis
552 1534 691 1563 auxilium
703 1534 779 1562 Deus
795 1534 920 1570 denegat
939 1542 1039 1567 suum,

208 1592 245 1612 ne
267 1583 362 1611 virtus
390 1582 427 1610 sit
453 1583 563 1615 coacta,
593 1588 629 1607 ne
649 1579 804 1615 pulchrum
830 1581 947 1606 maneat
977 1578 1040 1606 sine

1093 283 1237 320 εὖθυτάτην
1275 285 1380 324 φιλίαν,
1417 285 1443 321 ἐξ
1481 285 1550 322 ὅλης
1577 288 1681 324 ψυχῆς,
1716 286 1761 314 καί
1792 287 1818 322 ἐξ
1848 287 1918 324 δλης

1091 327 1213 366 καρδίας,
1242 330 1288 357 καὶ
1317 330 1341 366 ἐξ
1371 329 1439 366 ὅλης
1469 329 1592 362 διανοίας
1618 332 1632 359 ὁ
1660 333 1783 359 τοιοῦτος
1814 332 1917 370 ἀγαπᾷ,

1091 373 1190 411 ἐξάγων
1227 373 1334 410 δηλαδή
1366 375 1400 403 τὰ
1437 375 1465 403 ἐν
1505 377 1538 413 τῇ
1576 378 1653 414 ψυχῇ
1681 377 1917 414 προαποκείμενα,

1090 418 1135 445 καὶ
1172 419 1300 456 προάγων
1334 420 1379 446 καὶ
1408 419 1541 459 ἂκφαίνων
1570 420 1708 459 ἐναργῶς·
1735 419 1782 448 ’ίνα
1809 422 1841 449 τὸ
1870 423 1918 458 μὲν

1090 462 1162 494 ἐντὸς
1202 463 1247 490 καὶ
1282 463 1441 500 ἐσωτερικὸν
1481 468 1532 500 τῆς
1570 465 1688 502 ἀγάπας,
1710 464 1833 504 ἀναλογῇ
1866 469 1919 501 ζω-

1090 507 1169 544 πῦρῳ
1185 505 1260 535 ἔνδον
1279 519 1332 535 που
1360 509 1593 547 ὑποσμυχομὲνῳ,
1621 509 1638 544 ἢ
1651 510 1696 537 καὶ
1711 510 1798 548 φλογὶ
1823 521 1920 548 πνιγο-

1092 551 1159 589 μὲνῃ
1189 551 1214 580 ἔν
1245 563 1300 580 τινι
1327 556 1477 590 στεναγμῷ·
1501 554 1533 581 τὸ
1557 553 1586 581 δὲ
1612 556 1670 582 κατ’
1685 553 1810 593 ἕκφανσιν
1834 555 1921 590 αὐτῆς

1091 597 1260 635 ἐνεργητικὸν
1290 597 1431 633 εἶκάζηται
1460 599 1529 636 πρὸς
1558 598 1668 637 φλόγα,
1698 597 1805 632 ἔνδοθέν
1838 606 1922 632 ποθεν

1091 640 1239 678 ἐγκύψασαν
1256 640 1317 677 ἔξω,
1333 642 1378 669 καὶ
1394 641 1575 678 ἀναπηδῶσαν
1590 643 1633 671 καὶ
1658 642 1853 680 ὲκλάμπουσαν
1870 655 1922 683 φα-

1090 686 1197 713 νότατα.

1127 731 1152 759 ι’.
1182 731 1274 762 Οὕτως
1303 730 1348 758 οὖν
1390 731 1616 768 κεκανονισμένου
1647 734 1696 759 τοῦ
1738 732 1845 770 ἀγαπᾷν
1876 734 1919 760 καὶ

1089 779 1140 810 τῆς
1169 775 1284 813 ἀγάπης,
1315 776 1345 803 ἐκ
1372 778 1426 803 τῶν
1456 776 1511 804 ἅνω
1536 775 1570 803 δι’
1596 776 1678 804 αὐτοῦ
1701 779 1750 804 τοῦ
1780 780 1849 805 Θεοῦ
1877 779 1920 805 οἷα

1090 820 1135 847 καὶ
1151 822 1273 858 γεωργοῦ
1297 820 1520 859 κατεσπαρμένης
1537 821 1661 853 ἀνέκαθεν
1690 820 1717 849 ἐν
1745 824 1785 858 τῷ
1809 822 1920 859 κόσμῳ,

1091 864 1134 892 ἐπὶ
1157 864 1270 904 εὐφορίᾳ
1293 865 1397 903 καρποῦ
1423 865 1506 897 θείαις
1539 865 1690 901 άποθήκαις
1724 868 1921 903 προσήκοντος

1091 909 1147 947 χρὴ
1174 912 1351 947 καρπογονεῖν
1376 909 1421 937 καὶ
1447 909 1517 946 ὑμᾶς
1541 910 1672 948 εὐγενῶς,
1706 911 1751 938 καὶ
1782 912 1920 949 συγκομί-

1091 957 1144 988 ζειν
1171 954 1202 980 τὸ
1231 953 1368 991 κὰρπωμα
1397 953 1534 989 ἐντελῶς,
1562 955 1605 982 καὶ
1636 955 1674 991 μή
1708 953 1816 994 ἀφιέναι
1851 955 1922 993 μηδὲ

1091 998 1206 1035 σμικρὸν
1232 1000 1294 1035 γοῦν
1321 1009 1347 1025 τι
1374 998 1456 1025 αὐτοῦ
1481 998 1725 1036 παραῤῥιπτεῖσθαι
1744 999 1784 1030 είς
1800 1000 1921 1038 ἀποτρο-

1091 1044 1144 1080 φήν
1169 1042 1374 1080 σπερμολόγοις
1396 1042 1500 1080 ὀρνέοις
1525 1042 1662 1080 δαίμοσιν,
1691 1043 1716 1071 o'i
1740 1044 1773 1071 τὰ
1789 1047 1839 1071 τοῦ
1854 1048 1923 1072 Θεοῦ
1966 1058 1975 1066 ·

1090 1087 1300 1124 περιερχόμενοι
1324 1086 1391 1122 λήιά
1419 1085 1596 1123 λυμαίνονται
1624 1088 1663 1120 εἷς
1691 1088 1754 1116 ὅσον
1780 1087 1921 1124 δύνανται,

1090 1131 1277 1169 πραγματείαν
1312 1132 1358 1168 μὲν
1386 1132 1532 1168 τιθέμενοι,
1561 1132 1606 1159 καὶ
1635 1132 1758 1169 ὲκριζοῦν
1784 1133 1816 1160 τὸ
1844 1135 1923 1171 πάμ-

1092 1186 1175 1215 φορον
1198 1175 1243 1203 καὶ
1276 1175 1423 1204 κάλλιστον
1451 1177 1532 1215 φυτὸν
1558 1179 1608 1209 τῆς
1638 1177 1770 1214 ἀγάπης,
1801 1178 1847 1205 καὶ
1875 1189 1927 1206 κα-

1091 1221 1247 1259 ταῤῥιπτεῖν
1273 1221 1463 1258 προθέλυμνον
1490 1221 1535 1249 ἐπὶ
1564 1224 1634 1260 φορᾷ
1660 1221 1811 1257 παντελεῖ,
1843 1226 1925 1259 μῖσος

1093 1264 1122 1293 δὲ
1148 1264 1356 1304 ἀντεμφυτεύειν
1390 1265 1550 1303 βαθύρῥιζον
1569 1276 1575 1282 ·
1616 1265 1641 1293 εἴ
1668 1265 1696 1294 δὲ
1726 1267 1765 1303 μή
1792 1267 1927 1298 εὐσθενῶς

1094 1310 1130 1341 εἷς
1158 1310 1189 1337 τὸ
1219 1310 1288 1347 μέγα
1316 1311 1396 1337 τοῦτο
1425 1310 1508 1337 κακὸν
1537 1309 1638 1348 ἔχοιεν,
1661 1310 1748 1342 ἄλλος
1763 1314 1830 1349 γοῦν
1861 1311 1928 1339 αὖτέ

1093 1352 1271 1385 κολοϐοὖντες
1289 1354 1332 1381 ἐπί
1346 1365 1384 1390 τι,
1399 1355 1444 1381 καὶ
1465 1356 1515 1389 τῆς
1540 1355 1673 1390 ὁλότητος
1701 1355 1740 1394 ἐφ¹
1770 1356 1925 1384 ὁποσονοῦν

1093 1398 1286 1437 ποραλῦοντες.
1313 1400 1436 1436 ’Ίσχυσεν
1462 1400 1508 1427 οὗν
1535 1410 1601 1427 ποτε
1625 1401 1639 1427 ὁ
1658 1402 1698 1436 τῷ
1713 1398 1770 1428 ἕντι
1799 1403 1927 1438 κακομή-

1094 1454 1178 1482 χανος
1194 1444 1237 1470 καί
1266 1443 1332 1470 κατὰ
1355 1447 1405 1478 τῆς
1428 1443 1466 1475 εἰς
1492 1444 1557 1472 Θεὸν
1577 1444 1684 1482 ἀγάπης
1707 1446 1924 1473 νεανιεύσασθαι·

1094 1489 1138 1516 καὶ
1165 1489 1182 1522 ἡ
1201 1488 1312 1526 μηχανὴ
1330 1488 1395 1523 αὕτη
1422 1489 1530 1527 ἐξέφηνε
1553 1489 1617 1520 τούς
1639 1500 1667 1516 τε
1696 1491 1928 1529 αἱρεσιαργῆσαν.

1093 1543 1141 1559 τας
1165 1533 1209 1559 καί
1237 1532 1300 1563 τοὺς
1335 1531 1561 1568 ἠκολουθηκότας
1587 1534 1697 1569 αὐτοῖς,
1725 1537 1794 1562 Θεοῦ
1824 1536 1928 1562 συστεί-

1096 1577 1192 1607 λαντος
1224 1577 1331 1607 πάντως
1365 1576 1478 1609 ἐνταῦθα
1504 1581 1562 1609 τοῖς
1592 1578 1753 1606 ἀπολωλόσι
1782 1580 1815 1607 τὸ
1842 1580 1927 1608 αὐτοῦ

209 1627 339 1664 ρτωωὶο,
366 1634 460 1662 neque
475 1625 518 1653 sic
533 1624 653 1653 omnino
670 1626 821 1660 peccatum
833 1631 848 1650 e
863 1622 1035 1650 necessitate

1095 1620 1301 1656 ἀντιληπτικὸν,
1323 1620 1369 1648 ’ίνα
1394 1622 1432 1658 μὴ
1455 1621 1488 1649 τὸ
1509 1621 1633 1660 ἐνάρετον
1650 1622 1853 1659 ἀκουσιαζοιτο,
1879 1626 1927 1651 καὶ

209 1672 336 1708 quadam
361 1669 431 1699 oriri
459 1670 618 1698 asseratur.
647 1668 754 1695 Eadem
784 1676 869 1703 porro
896 1666 965 1694 mali
983 1667 1037 1694 das-

209 1716 306 1744 monis
322 1714 432 1743 astutia
441 1713 551 1741 multos
565 1713 668 1748 qui‘ab
680 1712 804 1739 honesta
833 1721 867 1739 ac
884 1712 1037 1746 morigera-

209 1764 323 1789 naturas
337 1759 435 1787 indole
449 1758 730 1792 defecerant,contra
745 1755 794 1783 Dei
807 1756 933 1784 cultores
948 1755 1035 1784 exsti-

210 1804 333 1832 mulavit
348 1806 376 1831 et
390 1803 420 1830 in
437 1801 563 1829 luriosos
575 1801 703 1836 impetus
714 1800 880 1828 concitavit.

1091 1666 1197 1703 γένοιτο
1213 1665 1331 1693 ἐντεῦθεν
1361 1667 1506 1704 ἀγέραστον
1528 1667 1559 1694 τὸ
1582 1667 1677 1703 καλὸν,
1697 1668 1742 1695 καὶ
1774 1669 1861 1700 οὕτως
1887 1670 1927 1699 ὡς

1091 1710 1117 1745 ἐξ
1134 1711 1281 1748 ὑπαγωγῆς
1309 1710 1525 1748 παῤῥησιασθείη
1551 1710 1592 1750 ἐφ’
1608 1712 1690 1739 ἅπασι
1705 1713 1738 1739 τὸ
1754 1712 1925 1752 ἐφάμαρτον.

1090 1755 1119 1782 ἹΙ
1138 1753 1161 1781 8"
1184 1754 1252 1788 αὐτή
1284 1755 1397 1791 μηχανή
1421 1757 1469 1782 τοῦ
1492 1756 1659 1794 κακοτέχνου
1686 1755 1822 1794 δαίμονος
1852 1758 1926 1786 πολ-

1092 1797 1155 1828 λοὺς
1171 1798 1215 1825 καὶ
1239 1801 1297 1829 τοῖς
1325 1801 1374 1826 τοῦ
1399 1802 1465 1826 Θεοῦ
1490 1800 1666 1837 θεραπευταῖς
1694 1801 1853 1837 ἀντέστησε,
1879 1802 1926 1830 καὶ

210 1845 379 1885 προσϐολαῖς
397 1845 495 1876 ἱνθέοις
510 1842 689 1877 ἀνθώπλισεν,
706 1842 906 1880 ἀπειπαμένους
919 1843 950 1870 τὸ
965 1843 1032 1880 πρὸς
1048 1842 1183 1878 ὀρθότητα
1198 1842 1303 1881 φύσεως
1319 1844 1437 1878 καθῆκον
1453 1843 1543 1880 τίμιον
1560 1845 1604 1872 καὶ
1622 1845 1754 1876 εὐπειθὲς.

248 1901 292 1927 11.
307 1899 394 1934 Atqui
408 1898 469 1925 haec
484 1905 540 1925 non
557 1904 674 1932 semper
692 1905 786 1932 nequo
810 1897 839 1924 in
856 1896 957 1924 multis
973 1905 1036 1932 per-

211 1945 298 1972 {icere
306 1943 402 1971 malus
413 1943 526 1969 damon
538 1941 719 1977 potest.Cum
729 1941 808 1969 enim
819 1941 917 1977 gravia
927 1940 1039 1969 scelera

211 1989 247 2018 ab
262 1987 406 2024 improbis
421 1986 498 2014 haud
514 1986 598 2014 facile
612 1985 876 2018 committantur,et
884 1988 1037 2021 peccantes

209 2041 362 2062 summum
378 2030 542 2068 periculum
559 2030 772 2063 incurrant,ille
782 2039 839 2058 non
855 2030 976 2058 omnino
986 2031 1038 2058 aut

208 2078 343 2107 absolute
358 2076 395 2105 iis
409 2075 532 2111 insistit,
547 2075 598 2103 sed
612 2075 795 2103 imminuens
809 2074 953 2110 ejusmodi
969 2083 1036 2110 pra-

206 2132 257 2151 vas
271 2122 400 2151 actiones
411 2124 440 2148 et
456 2120 490 2148 ad
504 2128 625 2156 parvum
643 2128 799 2147 numerum
810 2119 962 2152 reducens,
980 2118 1036 2146 im-

207 2167 329 2203 pavidos
344 2165 488 2197 adoritur,
504 2167 533 2192 et
548 2172 654 2200 magna
669 2172 725 2191 non
749 2163 857 2197 solum,
881 2164 931 2191 sed
947 2163 1036 2191 etiam

208 2212 331 2240 minima
346 2209 534 2245 derelinquit,
551 2208 693 2244 quoniam
711 2208 822 2236 fraudis
845 2208 919 2235 retia
934 2207 1035 2235 adver-

206 2265 260 2284 sus
287 2254 354 2283 illos
381 2253 527 2290 explicare
543 2252 664 2288 nequit;
692 2252 833 2280 adversus
860 2251 1036 2279 infirmiores

206 2303 316 2334 autem,
340 2298 392 2335 qui
419 2297 466 2326 Vel
494 2297 574 2325 omni
603 2295 713 2324 auxilio
741 2298 812 2324 sunt
839 2295 971 2324 destituti
993 2298 1036 2326 vel

1131 1896 1172 1922 ια’.
1199 1894 1288 1922 Ἀλλὰ
1312 1898 1396 1923 ταῦτα
1421 1896 1469 1932 μὲν
1495 1896 1543 1924 οὐκ
1565 1897 1658 1933 εἰσαεὶ,
1688 1896 1752 1925 οὐδὲ
1783 1899 1822 1930 εἰς
1847 1909 1925 1936 παμ-

1091 1939 1194 1975 πληθὲς
1219 1938 1278 1978 ἔχει
1303 1940 1418 1975 ὲξανύειν
1444 1941 1458 1968 ὁ
1481 1942 1610 1977 πονηρός.
1634 1942 1708 1970 Ἑπεί
1723 1943 1775 1980 γὰρ
1798 1944 1833 1971 τὰ
1856 1945 1926 1971 κατὰ

1089 1986 1144 2012 τῶν
1170 1983 1295 2022 μεγάλων
1320 1986 1494 2022 πταισμάτων
1517 1985 1579 2014 οὕτε
1607 1986 1671 2024 ῥᾷον
1688 1986 1839 2015 ἐκτελεῖται
1866 1992 1925 2019 τοῖς

1092 2027 1295 2066 ῥᾳδιουργοῦσι,
1323 2033 1368 2057 καί
1399 2028 1520 2062 κίνδυνος
1552 2029 1582 2063 δὲ,
1617 2032 1699 2068 μέγας
1727 2032 1821 2064 αὐτοῖς
1849 2033 1923 2071 ἐγκέ-

1090 2071 1181 2100 κλιται
1215 2072 1453 2111 διαμαρτάνουσιν,
1488 2073 1552 2102 οὐδέ
1581 2074 1681 2107 ἐκεῖνος
1707 2077 1922 2115 ἀπισχυρίζετιι

1091 2116 1186 2144 διόλου
1200 2117 1242 2145 ἐπὶ
1259 2118 1407 2154 τοιούτοις,
1432 2117 1505 2146 ἀλλὰ
1527 2121 1637 2158 σχάζων
1662 2120 1709 2152 τὰς
1725 2121 1856 2153 τοιαύτας
1871 2133 1920 2149 κα-

1089 2163 1229 2200 κοτεχνίας
1245 2162 1289 2189 καὶ
1305 2164 1439 2198 σπανίζων
1462 2163 1567 2200 αὐταῖς,
1581 2163 1775 2203 διαχειρίζεται
1790 2167 1854 2197 τοὺς
1882 2167 1922 2202 μή

1090 2204 1239 2245 φοϐεροὺς,
1268 2207 1313 2234 καί
1341 2207 1437 2246 ἀφίησι
1469 2209 1516 2245 μὶν
1543 2209 1577 2236 τά
1596 2220 1625 2236 τε
1655 2210 1768 2248 μέγιστα
1797 2211 1841 2238 καὶ
1871 2211 1922 2238 ὅσα

1090 2249 1119 2278 δὲ
1134 2249 1228 2282 ἄλλως
1249 2251 1393 2290 ἂρχοειδῆ,
1424 2252 1466 2280 ὅτι
1497 2252 1568 2290 μηδὲ
1597 2252 1722 2282 δύνανται
1751 2265 1920 2282 καταπεταν-

1090 2295 1160 2323 νῦειν
1190 2295 1277 2323 αὐτῶν
1304 2296 1338 2324 τὰ
1364 2299 1412 2325 τοῦ
1441 2296 1524 2326 δόλου
1553 2297 1646 2326 δίκτυα
1663 2309 1669 2316 ·
1707 2300 1860 2337 καταρτίζιι
1890 2299 1920 2328 ὁὶ

205 2353 310 2381 parum
324 2343 389 2380 opis
405 2343 434 2370 in
451 2349 512 2370 sese
528 2341 648 2374 habent,
677 2340 774 2368 omnis
796 2340 912 2376 generis
937 2349 1035 2368 casses

1778 2327 1783 2337 ι
1826 2327 1837 2335 1

1091 2342 1211 2379 πάναγρα
1233 2342 1296 2369 κατε
1318 2343 1372 2370 τών
1398 2342 1607 2380 ταπεινοτέρων,
1633 2343 1679 2371 καὶ
1696 2344 1786 2377 οὕτως
1800 2345 1818 2379 ἦ
1849 2355 1915 2372 παν-

204 2390 307 2420 tendit.
325 2387 411 2416 Tales
432 2385 573 2414 nimirum
590 2385 678 2413 etiam
708 2394 761 2412 nos
789 2393 903 2420 sumus,
916 2393 967 2420 ego
983 2385 1034 2421 qui

203 2431 264 2460 haec
288 2433 324 2460 ad
339 2440 389 2460 vos
416 2430 584 2467 pronuntio,
615 2432 643 2457 et
670 2437 720 2457 vos
749 2429 800 2464 qui
829 2429 948 2463 auditis,
978 2429 1031 2456 ho-

205 2477 300 2504 mines
326 2475 464 2503 lmbecilli
488 2477 517 2502 et
544 2474 664 2502 omnino
696 2474 881 2509 impotentes,
906 2473 936 2500 in
965 2473 1030 2509 qui-

202 2521 259 2549 bus
275 2520 351 2548 haud
370 2519 468 2556 pauci,
483 2527 548 2547 sese
569 2518 680 2547 viribus
699 2518 807 2554 pollere
831 2521 1030 2551 autumantes,

200 2573 323 2602 prorsus
351 2565 477 2592 inermes
493 2563 763 2599 deprehenduntur,
791 2562 859 2590 licet
883 2571 937 2590 nos
957 2571 1030 2590 vana

200 2610 309 2638 ﬁducia
324 2608 393 2638 elati
409 2609 524 2636 inlinita
538 2616 688 2636 armorum
715 2607 798 2643 copia
812 2607 950 2636 instructi
965 2615 1030 2635 esse

199 2655 286 2684 nobis
302 2654 417 2682 videam
423 2661 465 2680 ur.

235 2709 278 2736 12.
295 2708 403 2736 Contra
417 2706 492 2734 tales
509 2706 599 2742 igitur
617 2706 700 2742 (sunt
726 2707 824 2733 autem
846 2705 956 2741 ubique
970 2707 1027 2733 ter-

197 2761 295 2781 rarum
311 2751 450 2789 permulti
466 2753 504 2785 et,
523 2754 554 2778 ut
582 2758 647 2779 vere
675 2750 782 2783 dicam,
811 2750 970 2784 innumeri)
985 2750 1027 2777 in-

197 2798 310 2827 sidians
323 2797 459 2826 diabolus
477 2799 592 2832 Deoque
621 2795 760 2824 inimicus
784 2795 858 2823 retia
882 2804 935 2824 sua
958 2803 1024 2831 pro-

197 2842 306 2879 tendit,
335 2845 363 2871 et
393 2842 462 2879 quia
488 2841 661 2872 charitatcm
701 2839 853 2868 luciferam
879 2841 909 2868 in
940 2840 1025 2870 nobis

1088 2384 1175 2416 τελῶς
1187 2383 1360 2422 ἀϐοηθήτων,
1382 2386 1493 2426 ἢόλίγα
1516 2387 1705 2425 δεδυνημένων
1727 2390 1833 2421 ἑαυτοῖς
1854 2390 1917 2417 ἔπιε

1087 2433 1205 2468 κουρεῖν,
1231 2433 1356 2458 Τοιοῦτοι
1386 2431 1415 2459 δὲ
1443 2430 1578 2468 δήπουθεν
1606 2431 1652 2459 καί
1677 2435 1780 2470 ἡμεῖς,
1811 2434 1864 2471 ἐγώ
1889 2445 1918 2461 τι

1085 2474 1214 2510 δηλονότι
1233 2476 1247 2502 ὸ
1275 2478 1359 2503 ταῦτα
1383 2477 1494 2514 κράξας,
1517 2477 1562 2504 καὶ
1594 2477 1671 2514 ὑμεῖς
1701 2478 1727 2505 οἱ
1756 2478 1916 2513 ἀκούοντες,

1085 2518 1222 2558 ἅνθρωποι
1239 2520 1368 2555 ἀσθενεῖς,
1382 2521 1426 2548 καὶ
1453 2521 1479 2548 οἱ
1508 2521 1556 2557 μὶν
1571 2522 1659 2557 πάντη
1681 2522 1836 2561 ἀνίσχυροι,
1865 2523 1916 2550 οὐκ

1084 2563 1172 2602 ὀλίγοι
1196 2563 1234 2598 δὶ,
1259 2563 1401 2597 δοκοῦντες
1431 2566 1479 2602 μὶν
1511 2564 1626 2603 ἰσχύειν,
1643 2564 1738 2598 ἄλλως
1753 2566 1782 2595 δὶ
1812 2567 1918 2606 μικροῦ

1083 2609 1126 2636 καὶ
1149 2609 1268 2647 ἄχειρες,
1284 2609 1307 2636 εἱ
1323 2610 1367 2637 καὶ
1382 2612 1442 2641 ταῖς
1457 2612 1547 2641 κεναῖς
1563 2609 1740 2649 καραδοκίαις
1754 2611 1914 2650 πλάττομεν

1082 2653 1156 2690 ἡμᾶς
1174 2653 1272 2686 αὐτοὺς
1287 2653 1325 2685 εἷς
1341 2654 1547 2693 ἑκατόγχειρας.

1119 2707 1164 2744 ιβ’.
1181 2708 1243 2736 Τῶν
1259 2709 1322 2745 γοῦν
1350 2708 1482 2736 τοιούτων
1509 2708 1623 2745 (πολλοὶ
1646 2707 1675 2737 δὲ
1691 2708 1742 2737 εἶσι
1772 2714 1917 2749 μυριαχοῦ

1080 2754 1130 2787 τῆς
1145 2754 1195 2790 γῆς
1210 2750 1255 2779 καί
1282 2751 1394 2788 ἀληθῶς
1418 2752 1568 2790 ἀμύθητοι)
1594 2754 1778 2786 καταπετάσας
1806 2755 1820 2782 ὁ
1852 2757 1914 2784 θεο-

1083 2796 1196 2833 μίσητος
1222 2797 1344 2835 θηρατής
1369 2795 1498 2828 διάϐολος
1522 2798 1555 2825 τὰ
1577 2799 1636 2826 κατ’
1664 2798 1745 2827 αὐτὸν
1762 2797 1835 2833 λίνα,
1853 2800 1912 2828 ἔτιεὲ

1080 2841 1118 2876 πή
1137 2839 1232 2880 βλέπει
1247 2842 1297 2878 τὴν
1313 2842 1460 2881 φωσφόρον
1484 2842 1591 2883 ἀγάπην
1617 2842 1643 2870 ἐν
1671 2844 1739 2881 ἡμῖν
1764 2842 1913 2874 πολιτευο-
