2026 3156
123 212 205 244 1041

643 212 834 244 EPISTULA
860 213 911 242 AD
935 211 1338 243 THESSALONICENSES.

1762 209 1840 239 10ιὲ

124 276 226 314 μάνην,
256 277 300 304 καὶ
326 276 522 314 μεθοδεύουσαν
552 277 665 316 ἀπάγειν
694 277 774 305 αὐτὸν
805 277 831 312 ἐξ
859 278 939 313 ἡμῶν

1011 277 1190 306 habitantem
1206 285 1334 313 eumque
1348 285 1364 305 e
1376 276 1462 305 nobis
1489 276 1633 313 expellere
1656 277 1839 312 satagentem

119 321 294 359 ἀντειστάγει
323 322 354 349 τὸ
393 322 528 349 σκοτεινὸν
569 325 659 358 μῖσος,
686 323 731 350 καὶ
773 322 951 361 παῤῥησιάζει

120 367 187 394 καθ¹
217 368 296 403 ἡμῶν
331 366 405 400 αὐτὸ,
431 366 476 394 καὶ
507 366 594 398 οὕτως
624 364 739 404 ἑντρίόει
763 366 863 398 πάντας
888 366 951 397 τοὺς

121 411 186 438 καθ’
214 411 297 446 ἡμᾶς.
328 410 377 437 Καὶ
407 411 451 437 οἷα
487 411 534 446 μὶν
570 410 635 442 τοὺς
663 410 765 441 ἄλλους
795 409 951 445 διατίθεται,

123 453 233 481 ο⁹ίδασιν
250 454 276 481 οἱ
291 454 468 491 πειρώμενοι·
483 453 532 490 ἐμὶ
557 452 586 482 δὲ
606 453 757 493 φιλονεικεῖ
781 454 825 481 καὶ
847 453 951 489 θανάτῷ

123 498 310 536 προπέμψαι·
338 499 383 526 καὶ
412 497 441 526 ἂν
471 498 609 537 ἐξέπραξεν
639 499 705 526 αὐτὸ
734 499 829 533 πάλαι,
859 498 882 526 εἰ
913 499 950 534 μή

120 546 248 583 φανερῶς
277 543 345 581 πρὸς
374 543 444 580 ἐμοῦ
470 543 484 570 ὀ
509 544 585 578 Θεὸς,
603 543 770 582 ἀνεχόμενος
794 543 839 571 καὶ
870 542 950 570 εῗσὲτι

120 588 260 624 περιεῖναί
278 598 311 625 με
326 590 366 624 τῷ
385 588 447 626 βίῳ,
464 587 490 615 εἷ’
505 599 563 619 πως
589 588 707 625 ἐμαυτοῦ
725 588 867 626 γενόμενος
893 586 950 614 ἐπι-

119 632 273 671 στραφιίην
311 632 349 663 εἷς
384 632 476 669 αὐτὸν,
515 633 598 670 οὗπερ
639 633 774 671 ὁσημέραι
813 632 948 672 ἀφορίζων

118 676 240 714 ἐμαυτὸν
256 676 306 705 οὐκ
321 677 496 714 Ξντρὲπομαι.

158 754 202 790 ιγ’.
218 751 288 780 ἰδοὺ
313 752 358 780 οὗν
384 754 506 791 σήμερον
530 753 730 790 ξενηλατοῦμαι
757 754 807 780 ὑπὸ
829 756 877 781 τοῦ
903 754 947 790 μί-

121 807 201 834 σους,
218 798 263 825 καὶ
279 797 362 826 αὐτοῦ
377 797 430 825 ι’ίθε
447 798 494 834 μὶν
511 798 540 826 ἐκ
553 798 668 826 πολλῶν
692 808 773 826 τινων
795 799 839 825 καὶ
869 808 948 835 περι-

120 839 262 878 ϐλέπτων,
279 841 325 870 *ίνα
351 843 444 879 μαθὼν
467 843 644 880 παμμίσητος
669 843 736 871 εἶναι
750 843 768 878 ἢ
790 841 947 879 διωρθωσά-

122 897 192 923 μην,
217 887 235 921 ἢ
265 886 420 927 διεξέφυγον
441 886 471 915 ἐκ
498 887 581 924 μὲσου
606 887 706 922 λαθὼν,
734 888 827 924 μήπου
851 886 880 915 δὲ
902 888 946 915 καὶ

119 930 261 969 ἀμφαδόν.
291 933 347 960 Νῦν
378 931 409 960 δὲ
442 933 578 970 ἄνθρωποι
617 931 722 964 οὐδένες
762 932 947 960 ἐπανίστανται

122 966 177 1004 ἐπ’.
195 976 253 1013 Ξμὶ,
283 976 329 1004 καὶ
355 976 464 1015 λέγουσι
550 979 627 1015 ψυχῇ
646 986 708 1014 μοιν
727 977 785 1006 Οὐκ
813 976 868 1005 ἔστι
894 988 947 1005 σω·
964 966 986 998 Β

121 1019 207 1057 τηρία
229 1021 317 1057 αὐτῷ,
342 1019 404 1049 οὔτε
431 1021 456 1048 ἐν
494 1023 533 1057 τῷ
562 1024 621 1058 Θεῷ
648 1021 740 1056 αὐτοῦ,
766 1020 827 1050 οὔτε
855 1022 881 1049 ἐν
907 1024 947 1058 τῷ

124 1065 246 1102 βασιλεῖ.
271 1065 407 1100 ’Δκούιτε,
432 1067 446 1093 ὁ
471 1065 598 1104 βασιλεύς
615 1076 668 1102 μου
685 1067 730 1094 καὶ
755 1067 769 1094 ὁ
791 1066 855 1098 Θεός
882 1076 947 1103 μου,

122 1110 165 1140 οἷς
196 1109 249 1146 ἐγώ
279 1110 406 1146 πέποιθα,
434 1112 473 1147 τῷ
501 1111 547 1147 μὲν
573 1111 642 1138 κατά
667 1113 776 1149 πρῶτον
799 1111 879 1149 λόγον
902 1111 946 1139 καὶ

119 1153 182 1180 καθ’
198 1153 263 1181 αὐτὸ
279 1155 324 1182 καὶ
342 1154 430 1192 φύσει,
443 1157 483 1191 τῷ
506 1153 535 1182 δὲ
560 1155 618 1191 μετ’
633 1155 714 1183 αὐτὸν
734 1155 779 1183 καὶ
804 1154 838 1183 ’δι’
854 1155 945 1183 αὐτόν.

123 1197 178 1225 Καὶ
195 1198 261 1234 μὴν,
275 1197 297 1225 ὦ
325 1199 420 1237 ἐχθροί
451 1210 515 1236 μου,
537 1200 550 1227 ὁ
567 1201 605 1231 ιῖς
634 1200 679 1227 καὶ
704 1201 729 1227 οἱ
758 1198 816 1236 δύο,
833 1200 859 1228 οἱ
879 1200 946 1238 πρό-

121 1252 205 1269 οπτοι
235 1243 338 1278 λα’ῖκοὶ,
355 1244 381 1271 οἱ
410 1243 545 1282 γεννάδαι,
575 1244 620 1272 καὶ
646 1245 716 1282 ἱεροὶ
743 1243 772 1272 δὶ
800 1243 904 1281 ἄνδρες,
921 1245 946 1272 οἱ

120 1287 166 1314 καὶ
198 1286 262 1324 ῥᾷον
290 1289 449 1325 ἁριθμητοὶ,
464 1290 508 1316 καὶ
532 1288 595 1316 οὐδὲ
621 1289 646 1316 ἐν
677 1289 751 1327 λόγῳ
764 1288 864 1324 πολλῷ
889 1289 946 1316 κεί-

123 1341 211 1367 μενον
238 1331 417 1370 παράλληλοι
445 1332 575 1368 τεθέντες,
592 1333 644 1371 ἐγώ
663 1344 692 1361 τε
719 1334 762 1361 καὶ
792 1333 880 1370 ὑμεῖς,
897 1333 946 1361 οὐκ

121 1375 152 1402 ἃν
167 1375 205 1407 είς
222 1375 309 1414 ῥοπὴν
324 1375 388 1412 ’ίσην
401 1376 684 1414 ταλαντευθησόμεθα.

157 1450 198 1480 ιδ’.
227 1452 280 1480 Καὶ
319 1451 390 1480 οὕτω
429 1453 477 1489 μὶν
504 1452 559 1487 ἐγὼ
589 1453 801 1490 ξενηλατοῦμαι,
829 1454 866 1485 ὡς
896 1454 946 1481 οὐκ

119 1496 217 1534 ἐχρῆν,
234 1495 280 1524 διὰ
310 1499 390 1533 μῖσος
419 1497 471 1525 οὐκ
496 1498 602 1535 ἀγαθῶν
632 1496 750 1535 ἀνδρῶν,
771 1498 805 1525 τὰ
831 1498 878 1534 μὶν
906 1497 944 1529 εἷς

120 1541 294 1578 ἁνθρωπικὴν
335 1539 451 1573 διάθεσιν
488 1541 633 1579 ἀγροίκων,
663 1543 827 1579 σοφωτάτων
855 1541 884 1569 δὲ
911 1543 944 1570 τὰ

121 1584 158 1616 είς
187 1586 320 1622 Θηριακήν
349 1586 393 1613 καὶ
430 1587 486 1613 οἷαν
524 1586 664 1625 φεύγεσθαι
701 1586 774 1622 παρά
805 1589 857 1614 τῶν
886 1588 944 1614 κατ’

120 1628 166 1665 ἐμὲ
183 1628 291 1657 δειλῶν·
310 1630 339 1661 ’ὸς
354 1630 398 1658 καὶ
414 1629 516 1658 ἄλλοτε
530 1631 682 1668 καρχάροις
702 1630 811 1662 τούτοις
834 1631 942 1668 θηρίοις

117 1675 350 1712 περιτετυχηχὼς,
381 1674 527 1710 ἀπήλλαξα
556 1673 708 1712 δυστυχῶς.
741 1676 830 1712 Ὑμεῖς
858 1673 896 1710 δὲ,
918 1676 940 1702 ὦ

119 1717 244 1756 ἀδελφοὶ,
258 1718 317 1746 ἐπεὶ
342 1718 442 1754 ἔξεστιν
468 1719 532 1756 ὑμῖν
556 1719 710 1757 ἀνθρώποις
736 1720 814 1752 εἶναι,
834 1719 878 1747 καὶ
908 1719 939 1747 οὐ

120 1762 234 1800 Θηρίοις,
251 1764 294 1791 καὶ
312 1763 416 1802 φίλοις,
431 1762 527 1791 οὔκουν
542 1763 571 1791 δὲ
593 1763 715 1802 ἐχθροῖς,
731 1765 776 1792 καὶ
801 1766 867 1792 Θεοῦ
891 1765 939 1801 ἀγ-

118 1806 218 1844 γέλοις,
235 1807 267 1835 οὐ
293 1808 346 1844 μὴν
371 1811 517 1845 πονηροῖς,
533 1807 609 1847 ἔχετε
632 1809 677 1836 τὸν
701 1811 764 1836 νοῦν
789 1809 857 1847 πρὸς
878 1809 940 1846 ὑμῖν

119 1851 220 1886 αὐτοῖς,
250 1852 294 1880 καὶ
325 1851 464 1880 ἐκκλίνατε
492 1853 540 1884 τὰς
566 1851 678 1890 τρίϐους
707 1853 794 1881 αὐτῶν
823 1854 938 1891 τρεχόν-

119 1906 170 1923 των
199 1897 236 1928 εἷς
265 1897 371 1932 κακίαν,
400 1897 444 1925 καὶ
471 1898 509 1934 μὴ
544 1897 775 1936 εὖθυποροῦντων,
802 1898 938 1935 ἐσομένων

119 1939 146 1968 δὲ
171 1941 302 1969 τοιούτων
329 1942 373 1970 καῖ
391 1942 486 1978 εἰσαεὶ,
506 1943 543 1974 ὡς
562 1941 618 1971 ἔστι
642 1943 829 1981 τεκμαίρεσθαι
859 1944 937 1981 ἀκρι-

120 1983 182 2018 ϐῶς.
199 1985 251 2017 Οὖς
267 1987 318 2024 γὰρ
334 1988 351 2021 ἡ
367 1986 505 2021 πολυετὴς
522 1986 682 2015 διδασκαλία
703 1988 748 2015 καὶ
768 1989 785 2023 ἡ
811 1987 850 2015 ἐπ’
869 1987 936 2024 αὖτῇ

119 2032 292 2069 πραγματικὴ
325 2029 439 2068 μέθοδος
468 2032 519 2061 οὐκ
547 2031 676 2070 ἐνήγαγεν
703 2032 740 2064 εἷς
754 2033 785 2060 τὸ
800 2032 935 2068 ποθούμε-

117 2086 159 2102 νον
189 2077 257 2112 ἡμῖν
281 2077 429 2112 (ποθοῦμεν
459 2074 488 2102 δὲ
516 2075 562 2102 σὺν
592 2078 651 2112 Θεῷ
679 2077 728 2111 τὴν
757 2077 815 2104 κατ’
834 2076 935 2104 ἐκεῖνον

118 2119 240 2158 ἀγάπην),
271 2120 312 2151 τίς
341 2119 371 2147 ἂν
399 2119 576 2158 ἐγγυήσηται,
605 2120 692 2157 ἀκαρῆ
726 2118 935 2157 μεταϐαλέσθαι,

118 2165 151 2195 ὡς
175 2168 225 2199 τῆς
255 2163 443 2202 πολυχρονίου
471 2163 565 2196 κακίας
603 2165 810 2200 ἀποστήσεσθαι,
834 2165 936 2203 ἀνθρώ-

119 2219 183 2240 πους
214 2209 313 2240 αὐτοὺς
349 2208 589 2246 ἐλλαμπομένους,
620 2209 643 2236 εί
671 2209 749 2237 κακοὶ
776 2210 938 2248 προφαίνον-

119 2264 168 2289 ται,
188 2254 233 2281 καὶ
262 2253 302 2284 είς
333 2252 394 2291 βίου
423 2252 487 2281 αὐτὸ
515 2251 653 2291 ἁϐρότητα
678 2254 879 2293 ἐγγράφοντας·
896 2256 936 2286 οἷς

120 2297 161 2325 διὰ
200 2297 322 2333 σπουδῆς
356 2295 563 2336 ἀνυπερϐλήτου
600 2299 712 2336 γίνεται,
745 2299 790 2326 καὶ
828 2299 935 2337 ἑτέρους

120 2343 275 2370 ἐπισπᾶσθαι
303 2342 370 2380 πρὸς
399 2343 588 2380 ἁμαρτητικῆν
619 2343 783 2380 ὁμοιότητα·
801 2343 846 2371 ἵνα
873 2355 934 2382 συγ-
951 2338 974 2370 D

119 2387 289 2425 κρατηθέντες
318 2388 355 2418 ὡς
385 2386 423 2418 είς
453 2386 581 2425 λεγεῶνα,
611 2391 767 2416 κατασταῖεν
796 2389 935 2426 ἀπρόσμα-

119 2441 172 2470 χοι,
202 2432 303 2471 φαῦλαι
339 2431 467 2471 κεφαλαὶ,
494 2432 544 2459 οὐκ
581 2432 691 2470 ἀγαθοῖς
726 2432 934 2470 ἐπιστησόμεναι

119 2477 231 2513 σώμασι,
256 2476 453 2515 φαλαγγάρχαι
476 2479 602 2513 στρατιᾶς
626 2477 660 2504 οὐ
682 2480 739 2514 Θεῷ
761 2477 856 2517 φίλης,
878 2476 934 2505 οὐδ’

120 2520 187 2548 αὐτοὶ
215 2521 324 2559 ἀγαθοὶ,
355 2521 395 2552 οἷς
422 2521 438 2548 ά
469 2521 507 2558 μή
544 2522 757 2559 συνταττόμενος
796 2521 934 2560 ἅνθρωπός

118 2564 167 2593 ἐστι
194 2567 243 2593 τοῦ
267 2567 344 2594 Θεοῦ.
362 2565 409 2593 Διὸ
435 2565 560 2604 φευκτέον
584 2567 629 2594 καὶ
659 2567 728 2603 ὑμᾶς
758 2567 811 2595 ἀπὸ
837 2568 934 2599 παντὸς

117 2609 234 2638 τοιούτου
261 2610 409 2648 τάγματος,
440 2609 601 2648 ὀφείλοντας
638 2610 748 2646 εἰδέναι,
777 2613 815 2643 ὡς
840 2611 935 2648 δαιμο-

117 2658 188 2683 viiich
228 2655 253 2682 οἱ
288 2655 356 2682 κατὰ
392 2655 442 2689 τῆς
481 2655 588 2692 ἀγάπης
626 2655 780 2685 ἀντίπαλοι.
820 2658 935 2692 Μήποτε

120 2698 143 2727 δὲ
169 2700 214 2727 καὶ
242 2699 418 2737 ὑπερπαίουσι
447 2699 496 2733 τὴν
525 2697 665 2736 δαιμόνιον
694 2701 855 2730 κακίαν.οὐ
884 2702 933 2740 γὰρ

120 2745 193 2776 κακὸς
219 2743 314 2775 ἁπλῶς
343 2745 357 2771 ὁ
387 2743 460 2770 οὕτω
490 2744 572 2775 κακὸς
603 2743 755 2783 ἄνθρωπος,
783 2746 855 2775 ἀλλά
881 2757 934 2774 που

120 2789 158 2816 καὶ
186 2789 251 2827 ὖπὶρ
280 2789 359 2817 αὐτὸν
385 2787 510 2825 δαίμονα.
547 2789 683 2826 Εὕρηνται
722 2790 768 2819 οὖν
803 2790 933 2829 λογισμοὶ

121 2833 242 2871 πονηροὶ,
271 2833 316 2865 οὓς
340 2832 446 2870 δαίμων
476 2833 524 2869 μὲν
554 2833 603 2861 οῦκ
638 2833 706 2873 ἔφθη
735 2833 932 2873 προϐαλέσθαι,

122 2878 253 2916 ἅνθρωπος
269 2876 298 2906 δὶ
311 2878 432 2915 πονηρὸς
446 2875 616 2915 προύϐάλετο
632 2878 673 2906 ὃίν.

1009 330 1067 350 non
1085 321 1288 353 animadverit,
1304 321 1494 348 tenebrosum
1522 321 1620 348 odium
1639 321 1763 348 conatur
1790 319 1837 347 in-

1007 367 1170 400 troducere,
1187 366 1386 402 depraedicans
1402 365 1480 393 istud
1506 367 1647 401 tanquam
1662 363 1840 400 acceptabile

1008 411 1088 447 quid,
1104 413 1132 438 et
1147 411 1189 438 sic
1204 410 1287 438 nobis
1301 410 1439 438 omnibus
1462 409 1578 446 negotia
1598 409 1754 437 facessens.
1770 408 1837 436 Jam

1007 455 1155 491 quomodo
1172 455 1245 482 alios
1266 454 1426 487 adoriatur,
1452 453 1550 482 sciunt
1575 453 1595 480 ii
1623 453 1674 489 qui
1703 461 1769 480 eum
1792 461 1839 480 ex-

1007 500 1080 536 perti
1097 502 1176 527 sunt.
1198 499 1243 527 Me
1263 502 1361 527 autem
1376 499 1463 527 etiam
1481 498 1568 526 morti
1584 498 1698 526 tradere
1714 498 1812 525 studet
1828 506 1835 531 ;

1006 547 1033 573 et
1045 545 1155 572 dudum
1169 546 1231 580 jam
1245 544 1300 572 hoc
1315 544 1494 580 perfecisset,
1511 542 1568 570 nisi
1596 544 1694 578 aperte
1718 549 1837 570 causam

1006 598 1102 618 meam
1128 590 1298 617 defenderet
1312 591 1398 622 Deus,
1428 587 1478 624 qui
1500 588 1653 623 hucusque
1663 595 1709 615 me
1732 594 1838 622 super-

1005 635 1104 663 stitem
1119 633 1247 669 voluit,si
1265 634 1338 661 forte
1349 632 1547 661 meiconscius
1558 634 1685 660 revertar
1695 632 1729 659 ad
1738 631 1836 667 ipsum

1004 681 1091 708 ‘luem
1109 678 1240 715 quotidie
1251 679 1396 712 deserere,
1407 677 1480 713 proh
1492 676 1593 704 dolor!
1610 684 1668 704 non
1685 675 1836 708 erubesco,

1040 755 1083 783 13.
1113 757 1185 782 Ecce
1214 754 1303 790 igilur
1344 753 1430 781 hodie
1451 751 1619 788 proscribor
1642 751 1678 779 ab
1706 751 1784 784 odio,
1808 752 1839 778 et

1003 801 1115 828 utinam
1132 800 1168 827 ab
1184 798 1250 826 odio
1272 797 1434 826 multorum
1449 799 1478 825 et
1492 796 1652 824 illustrium
1667 796 1674 824 l
1691 797 1723 823 ut
1739 794 1836 823 sciens

1003 854 1050 873 me
1065 844 1204 872 omnibus
1221 843 1347 871 invisum
1368 850 1443 876 esse,
1464 844 1514 870 aut
1522 841 1707 870 defenderem
1724 833 1837 873 me,aut

1002 898 1017 918 e
1032 889 1128 917 medio
1140 888 1292 924 digressus
1306 886 1428 915 laterem
1451 894 1503 914 nec
1518 885 1626 914 alicubi
1651 892 1832 921 apparerem.

1001 935 1086 962 Nunc
1100 941 1167 961 vero
1181 932 1314 960 homines
1325 931 1435 960 nullius
1447 930 1525 967 frugi
1550 930 1581 958 in
1597 938 1644 958 me
1672 931 1833 965 assurgunt

1002 981 1031 1007 et
1046 979 1150 1006 animae
1166 985 1236 1005 meae
1252 976 1368 1005 dicunt:
1385 976 1448 1004 Non
1463 977 1509 1004 est
1536 974 1618 1003 salus
1633 974 1669 1006 ci,
1690 982 1785 1010 neque
1801 973 1830 1000 in

1004 1024 1060 1052 Deo
1075 1024 1149 1059 ejus,
1163 1030 1258 1058 neque
1270 1021 1300 1049 in
1315 1028 1392 1057 rege.
1417 1020 1532 1053 Audite,
1556 1019 1597 1047 mi
1624 1021 1701 1046 Deus
1727 1020 1755 1046 et
1790 1017 1830 1045 mi

1002 1077 1061 1104 rex,
1076 1068 1105 1095 in
1127 1067 1236 1103 quibus
1265 1065 1403 1093 fiduciam
1419 1064 1568 1098 collocavi,
1596 1064 1625 1091 in
1641 1063 1692 1091 illo
1707 1062 1828 1098 quidem

1001 1113 1038 1141 ab
1048 1112 1132 1140 initio
1146 1114 1174 1139 et
1189 1119 1241 1147 per
1252 1119 1283 1138 se
1298 1112 1327 1138 et
1341 1111 1453 1138 naturae
1481 1109 1695 1142 convenienter,
1729 1107 1757 1135 in
1774 1107 1829 1134 hoc

1000 1160 1097 1186 autem
1113 1159 1179 1193 post
1194 1155 1279 1183 illum
1294 1156 1323 1183 et
1337 1156 1457 1191 propter
1485 1153 1579 1181 illum.
1609 1155 1667 1180 Vos
1687 1154 1796 1185 autem,
1813 1161 1829 1179 ο

1001 1202 1115 1230 inimici
1130 1200 1250 1236 mei,qui
1265 1199 1312 1227 vix
1335 1199 1480 1227 binarium
1508 1206 1664 1226 numerum
1681 1196 1829 1229 exceditis,

1000 1256 1052 1275 vos
1066 1246 1132 1274 laici
1148 1245 1232 1282 probi
1249 1252 1323 1280 quos
1337 1246 1424 1272 antea
1439 1243 1518 1277 novi,
1534 1245 1562 1270 et
1586 1243 1638 1270 viri
1655 1242 1731 1269 sacri
1748 1241 1831 1269 facile

1002 1290 1176 1320 numerandi
1193 1298 1246 1318 nec
1261 1288 1360 1325 magni
1376 1288 1512 1321 faciendi,
1537 1288 1561 1315 si
1580 1296 1632 1314 nos
1647 1295 1743 1314 coram
1759 1294 1830 1314 con-

1001 1336 1170 1369 stituemur,
1186 1343 1239 1371 ego
1256 1333 1396 1362 nimirum
1405 1335 1434 1361 et
1448 1341 1510 1367 vos,
1522 1340 1578 1359 non
1596 1332 1657 1367 pari
1675 1331 1758 1358 lance
1770 1333 1830 1358 tru-

1000 1380 1171 1408 tinabimur.

1036 1456 1078 1484 14.
1095 1458 1129 1483 Et
1143 1456 1186 1483 sic
1201 1454 1337 1490 equidem
1353 1453 1382 1481 in
1397 1452 1531 1481 exsilium
1561 1451 1670 1486 mittor,
1702 1451 1744 1478 uti
1769 1459 1828 1479 non

998 1501 1129 1534 decebat,
1141 1508 1192 1536 per
1207 1500 1306 1527 odium
1318 1498 1446 1525 virorum
1463 1497 1539 1524 haud
1555 1495 1760 1531 bonorum,qui
1774 1495 1827 1523 hu-

1000 1544 1150 1572 manitatis
1168 1551 1286 1580 prorsus
1302 1543 1434 1578 expertes
1450 1541 1630 1577 propendent
1654 1540 1681 1567 in
1699 1540 1826 1568 ferarum

999 1591 1177 1622 naturam,el
1193 1595 1318 1624 quorum
1334 1585 1548 1614 immanitatem
1556 1584 1642 1612 amici
1654 1584 1710 1612 mei
1722 1583 1827 1612 timore

959 1651 980 1683 Ο
998 1633 1124 1670 perculsi
1142 1633 1276 1669 fugiunt;
1292 1639 1355 1667 ego,
1372 1629 1559 1665 inquam,qui
1572 1629 1635 1664 jam
1651 1628 1824 1683 semelfum

995 1678 1025 1705 in
1042 1678 1109 1706 illas
1125 1678 1199 1705 feras
1215 1676 1323 1704 bestias
1347 1675 1528 1706 incidissem,
1544 1682 1619 1710 (egre
1648 1682 1698 1702 eas
1725 1673 1823 1709 effugi.

996 1722 1054 1750 Vos
1065 1725 1173 1756 autem,
1190 1730 1205 1749 ο
1223 1722 1336 1756 fratres,
1348 1719 1587 1756 quandoquidem
1603 1717 1687 1746 vobis
1698 1718 1825 1746 licetho-

996 1767 1090 1795 mines
1106 1775 1181 1799 esse,
1198 1774 1255 1794 non
1273 1765 1347 1800 ferae,
1373 1764 1471 1799 amici,
1499 1772 1556 1791 non
1580 1762 1704 1795 inimici,
1727 1762 1823 1798 angeli

995 1811 1099 1846 divini,
1117 1819 1172 1838 non
1189 1810 1268 1843 mali,
1283 1809 1428 1838 vobismet
1443 1808 1516 1844 ipsis
1545 1807 1695 1840 attendite,
1720 1809 1749 1834 et
1770 1807 1822 1834 de-

995 1855 1101 1883 clinate
1117 1864 1133 1883 a
1149 1855 1255 1882 semita
1270 1854 1386 1882 illorum
1411 1853 1460 1888 qui
1476 1861 1577 1881 versus
1593 1851 1738 1880 malitiam
1754 1853 1820 1879 ten-

993 1901 1068 1928 dunt
1083 1908 1135 1928 nec
1152 1903 1229 1928 recta
1243 1899 1290 1927 via
1315 1898 1487 1935 procedunt,
1520 1896 1571 1933 qui
1595 1898 1681 1925 erunt
1705 1904 1821 1932 semper

991 1945 1092 1978 iidem,
1108 1947 1140 1972 ut
1155 1944 1293 1980 augurari
1308 1943 1385 1971 licet.
1407 1943 1484 1975 Quos
1506 1941 1584 1970 enim
1610 1941 1716 1969 diurna
1730 1940 1818 1968 disci-

993 1988 1073 2025 plina
1088 1989 1173 2025 eique
1189 1988 1348 2016 conformis
1363 1987 1510 2015 institutio
1530 1995 1588 2014 non
1618 1986 1754 2022 perduxit
1782 1986 1817 2013 ad

989 2032 1020 2062 id
1042 2034 1118 2070 quod
1135 2042 1188 2061 nos
1201 2033 1402 2061 desideramus
1410 2032 1627 2068 (desideramus
1642 2033 1740 2058 autem
1752 2038 1818 2058 cum

991 2079 1049 2107 Deo
1065 2077 1154 2106 simul
1169 2078 1340 2105 charitatem
1356 2076 1508 2112 divinam),
1534 2075 1600 2111 quis
1630 2074 1820 2110 spoponderit

991 2131 1041 2151 eos
1057 2131 1115 2151 uno
1130 2122 1270 2158 temporis
1287 2122 1434 2149 momento
1449 2120 1489 2147 ita
1518 2120 1708 2146 immutatum
1723 2117 1770 2152 iri,
1787 2120 1820 2145 ut

992 2168 1027 2196 ab
1044 2168 1204 2195 inveterata
1219 2165 1401 2201 malignitate
1416 2165 1568 2199 desistant,
1599 2162 1744 2199 siquidem
1769 2162 1819 2189 ubi

992 2212 1062 2240 mali
1078 2213 1228 2247 apparent,
1244 2218 1308 2238 sese
1323 2209 1461 2238 excellere
1478 2211 1506 2236 et
1533 2207 1657 2244 gloriam
1677 2207 1746 2234 inde
1761 2206 1819 2234 adi-

992 2256 1064 2293 pisci
1081 2256 1262 2293 opinantur?
1280 2258 1354 2283 Sane
1371 2254 1498 2282 maximo
1514 2253 1612 2281 studio
1641 2252 1670 2280 in
1695 2251 1749 2279 hoc
1775 2251 1818 2278 in-

992 2301 1145 2333 cumbunt,
1169 2302 1202 2328 ut
1222 2300 1295 2328 alios
1313 2307 1428 2335 quoque
1454 2298 1483 2326 in
1511 2297 1621 2334 peccati
1650 2296 1817 2324 societatem

989 2345 1186 2383 pelliciant,ut
1199 2345 1277 2372 velut
1288 2345 1315 2371 in
1325 2344 1465 2380 legionem
1481 2341 1819 2378 conglomeratiinvictos

989 2399 1020 2418 se
1027 2389 1274 2423 exhibeant,ma|a
1281 2387 1478 2425 capita,malis
1488 2387 1628 2423 imposita
1635 2385 1816 2422 corporibus:

989 2436 1079 2464 duces
1089 2435 1235 2464 exercitus
1245 2434 1303 2462 Deo
1313 2442 1367 2461 non
1382 2432 1524 2466 dilecti,et
1534 2431 1591 2468 ipsi
1601 2431 1679 2459 haud
1690 2431 1818 2466 boni,ut-

989 2482 1056 2516 pote
1063 2479 1240 2516 quibuscum
1251 2478 1338 2506 homo
1347 2478 1397 2506 Dei
1405 2477 1445 2505 nil
1460 2483 1616 2505 commune
1623 2475 1818 2508 babet.Quare

989 2533 1039 2552 vos
1050 2532 1167 2561 quoque
1178 2531 1295 2552 omnem
1305 2521 1626 2559 ejusmodisocietatem
1635 2520 1760 2549 aversari
1769 2520 1818 2548 de-

991 2568 1076 2602 betis,
1093 2568 1167 2596 bene
1181 2567 1319 2602 scientes,
1335 2566 1487 2594 charitatis
1502 2565 1638 2594 inimicos
1667 2574 1684 2594 a
1702 2564 1818 2593 diabolo

989 2613 1126 2642 obsessos
1141 2612 1244 2641 teneri.
1261 2614 1298 2640 Ac
1326 2611 1538 2648 propemodum
1565 2610 1707 2639 daemonis
1731 2609 1820 2638 mali-

989 2657 1060 2686 tiam
1077 2657 1324 2694 superent.Homo
1340 2656 1418 2684 enim
1435 2656 1476 2685 sic
1493 2655 1590 2684 malus
1605 2664 1662 2683 non
1676 2653 1818 2690 simplici-

988 2704 1032 2730 ter
1047 2701 1144 2730 malus
1159 2704 1213 2735 est,
1230 2702 1279 2730 sed
1297 2701 1376 2738 pejor
1391 2701 1454 2737 ipso
1469 2701 1612 2728 daemone.
1646 2700 1721 2727 Sunt
1739 2698 1818 2726 enim

989 2756 1083 2784 pravae
1099 2747 1288 2783 cogitationes
1305 2755 1388 2782 quas,
1405 2746 1471 2774 licet
1487 2746 1599 2774 daemon
1612 2753 1670 2773 non
1691 2744 1821 2782 protule.

989 2793 1027 2820 rit
1041 2800 1149 2829 pravus
1164 2794 1262 2820 tamen
1272 2791 1360 2820 homo
1377 2791 1504 2828 proferre
1519 2791 1597 2819 haud
1613 2793 1737 2820 recusat.
