2021 3154
186 188 264 219 1013

187 299 417 334 Tbeodora,quae
434 306 465 326 se
480 306 546 326 esse
558 298 724 326 masculum
741 297 890 326 simulavit
900 299 929 324 et
939 296 1015 332 apud

189 345 308 372 sanctos
323 343 403 371 viros
419 343 502 377 vixit,
519 343 741 379 monasticaque
761 343 790 370 in
810 343 869 370 vita
880 341 1013 370 decessit-

191 390 287 425 ipsam
304 388 382 416 enim
398 390 427 416 et
441 388 514 416 alias
527 391 670 424 quotquot
688 397 799 417 morem
820 388 957 416 eumdem
975 395 1018 414 se-

190 436 322 470 quuntur
338 433 445 470 (multa:
461 436 558 462 autem
575 433 642 470 illis)
653 434 775 470 iniquus
790 434 878 462 homo
895 432 1017 461 faciliter

191 479 365 508 avertendae
380 487 397 506 a
407 481 508 507 sancto
524 479 640 515 agmine
655 479 684 506 in
697 481 794 507 mente
811 479 923 511 habuit,
940 478 965 505 si
981 477 1016 505 ab

191 525 248 552 ista
263 523 412 551 communi
425 523 485 552 vita
499 523 812 560 etvirtutibusquwibi
826 523 1017 551 coluntureas

193 568 361 596 deterreret.
391 570 529 596 Perverse
556 568 634 596 enim
678 570 861 604 compertum
894 567 1016 600 habens,

194 612 333 640 mulieres
349 621 412 649 quas
442 613 496 640 viri
526 621 633 640 nomen
665 621 721 649 pre
749 621 781 641 se
801 613 908 647 ferunt,
938 612 1017 648 apud

195 656 273 684 solos
284 656 392 684 versari
405 659 528 689 ascetas,
545 657 622 684 sicut
650 660 679 684 et
699 658 830 692 juvencae
859 657 888 684 in
923 656 1019 685 medio

193 701 292 734 boum,
323 701 352 729 in
381 705 498 728 sanctas
515 701 652 729 mulieres
665 701 694 729 in
711 701 824 729 ruinam
837 702 911 729 vires
920 710 1020 737 sump-

193 741 241 768 sit.
257 740 319 768 Non
336 741 414 768 enim
430 741 479 776 qui
498 741 634 769 mulieres
652 750 717 777 qua:
732 742 773 769 sic
789 742 925 769 vixerunt
955 744 1020 777 post

195 788 320 813 mortem
336 785 541 820 laudaverunt,
572 786 650 813 vivas
680 786 847 822 permittere
872 787 935 814 ausi
952 787 1021 814 sunt

195 831 273 865 apud
289 830 369 865 ipsos
385 838 514 858 manere.
532 833 563 858 Et
580 830 650 858 talia
667 831 784 867 quidem
809 831 928 866 iniquus
940 831 1019 866 cogi-

195 875 277 903 tavit.
295 875 405 903 Malitia
439 883 504 903 vero
533 876 731 912 peritissimus
754 876 810 904 iste
838 875 911 904 inibi
927 875 1022 904 simile

198 920 308 955 aliquid
322 920 533 956 proﬁciendum
546 929 603 948 non
619 921 732 948 habuit.
749 920 947 948 Attamenalia
956 920 1022 949 abs-

197 973 253 1000 que
272 965 477 993 adinventione
492 965 604 993 curavit
618 966 766 993 somnium
787 965 889 994 saltem
903 973 1022 993 venera-

198 1010 412 1038 bilissimorum
432 1012 594 1037 ascetarum
621 1010 739 1045 quidem
769 1010 966 1046 supervenire,
996 1012 1024 1037 et

195 1054 327 1090 improbe
342 1062 497 1091 suggerere
515 1054 592 1083 circa
605 1054 680 1083 hanc
715 1057 744 1083 et
769 1055 850 1083 illam
878 1057 908 1083 et
935 1054 1022 1082 aliam

195 1102 326 1127 sanctam
344 1100 548 1135 cogitationes,
566 1100 815 1135 quemadmodum
846 1100 915 1128 olim
939 1099 1024 1128 Pilati

195 1152 314 1172 uxorem
329 1145 439 1178 docuit,
456 1152 620 1180 suggerens
650 1146 788 1180 pessima,
804 1145 872 1173 licet
889 1146 1026 1181 perlicere

195 1197 253 1216 non
270 1189 467 1216 valuerit.Nec
482 1189 524 1216 sic
540 1189 617 1224 quod
635 1189 895 1224 voluit,assecutus
911 1189 1024 1224 est,scd

194 1226 291 1268 latuit,
312 1235 344 1260 ut
359 1233 398 1260 ita
426 1233 533 1265 dicam,
563 1233 639 1261 inter
660 1237 777 1262 sanctas
808 1234 936 1270 virgines
961 1234 1026 1262 illas

193 1277 284 1305 eiecta
299 1277 366 1310 ista,
380 1280 442 1304 tum
461 1278 621 1305 monachos
637 1279 686 1313 qui
707 1287 765 1306 una
790 1279 947 1314 degebant,
965 1282 1026 1306 tum

195 1321 357 1349 dwmonem
374 1321 549 1357 malignum.

234 1411 276 1438 16.
293 1411 328 1438 Et
342 1410 445 1438 exinde
460 1410 604 1446 suspicari
621 1413 675 1445 est,
693 1411 770 1439 sicut
781 1420 815 1439 ex
831 1411 898 1440 aliis
913 1411 1026 1445 multis,

198 1456 276 1492 quod
285 1455 404 1491 iniquus
412 1455 499 1483 homo
508 1455 666 1491 aliquando
674 1459 701 1484 et
708 1457 868 1484 dwmonem
877 1457 973 1493 ipsum
982 1466 1028 1485 su-

199 1501 281 1537 peret
294 1500 322 1527 in
337 1499 543 1534 machinando,
561 1500 600 1527 ita
612 1503 644 1528 ut
659 1501 754 1528 dicere
764 1501 898 1536 possisin
910 1501 975 1529 istis
992 1501 1027 1529 ab

197 1544 299 1581 iniquo
314 1544 434 1572 homine
453 1545 614 1573 dminonem
630 1545 771 1582 superari.
783 1546 876 1577 Quare
888 1554 953 1581 ergo
969 1554 1027 1573 non

199 1589 336 1617 vitandus
353 1589 391 1616 sit
406 1589 456 1624 qui
472 1589 639 1617 istiusmodi
655 1593 699 1618 est
716 1592 744 1617 et
760 1590 794 1618 de
809 1590 925 1618 diabolo
936 1590 1027 1618 insul-

572 187 784 218 EUSTATHII
807 184 1190 217 THESSALONICENSIS
1213 184 1506 216 METROPOLITE

224 255 266 282 15.
294 254 327 282 Et
355 253 403 281 hic
432 253 602 282 meditanda
617 262 680 290 quis
696 256 856 282 narrantur
875 253 910 280 de
925 252 1011 279 beata
1029 251 1053 284 Α

1819 185 1897 215 1044

1105 250 1145 278 ιε’.
1163 250 1214 278 Καὶ
1239 250 1403 287 ἐνθυμητέον
1431 249 1545 282 ἐνταῦθα
1572 249 1606 278 τὰ
1630 250 1698 278 κατᾶ
1728 251 1779 285 τὴν
1811 261 1898 287 μακα-

1071 295 1129 332 ρίαν
1159 293 1379 333 Θεοδώρσν,τὴν
1410 296 1628 333 ὑποκριναμένην
1655 295 1701 322 τὸν
1729 294 1898 333 ἅρῥενα,καί

1070 339 1196 377 ἀνδράσιν
1226 339 1314 377 ἁγίοις
1341 337 1583 376 συμϐιοτεύσασαν,
1611 339 1657 367 καὶ
1691 339 1898 372 συντελειώθιῖ-

1071 395 1117 412 σαν
1150 387 1320 422 μοναχικῶς.
1350 383 1472 420 Ἐκείνην
1501 384 1551 422 γὰρ
1581 384 1625 411 καὶ
1648 384 1695 415 τὰς
1721 383 1899 420 ἅλλας,8σαι

1070 429 1128 456 κατ’
1143 429 1226 464 αὐτὴν
1241 428 1353 465 (πολλοὶ
1371 428 1400 456 δὲ
1427 429 1549 465 ἐκεῖναι),
1565 430 1647 459 κακὸς
1675 429 1722 465 μὶν
1754 429 1900 466 ἅνθρωπος

1072 474 1143 512 εἶχεν
1160 472 1190 500 ἃν
1206 472 1306 511 ῥᾳδίως
1321 473 1474 508 ἀποστῆσαι
1487 477 1537 508 τῆς
1564 474 1639 512 ἱερᾶς
1665 472 1781 511 ἀγέλης,
1798 473 1822 501 εἰ
1850 474 1900 508 τῆς

1074 521 1131 555 μετ’
1155 518 1262 545 ἐκείνων
1291 516 1470 554 συμϐιώσεως
1499 518 1544 545 καὶ
1572 521 1621 553 τῆς
1651 517 1770 545 ἐντεῦθεν
1801 518 1901 556 ἀρετῆς

1074 563 1167 594 αὐταῖς
1195 563 1322 591 ἐνεκότει.
1355 562 1554 599 Καταμηνύσας
1585 563 1636 600 γὰρ
1675 561 1829 598 δυσμενῶς,
1861 562 1902 590 ὅτι

1072 610 1208 646 γυναῖκες,
1230 606 1327 645 ἀνδρὸς
1351 604 1576 646 προϐεϐλημέναι
1593 605 1692 644 ὄνομα,
1708 607 1771 645 περὶ
1802 607 1903 643 μόνους

1073 652 1208 680 εἷλοῦνται
1238 652 1300 683 τοὺς
1327 652 1456 688 ἀσκητὰς,
1474 652 1538 679 ὡσεὶ
1552 651 1597 679 καὶ
1614 650 1746 688 δαμάλεις
1773 652 1800 679 ἐν
1828 651 1903 688 μέσῳ

1074 697 1186 735 θατέρου
1202 696 1296 735 γένους
1315 697 1396 735 βοῶν,
1413 697 1569 734 ἠρίστευσεν
1591 697 1621 724 ἃν
1647 696 1715 724 κατὰ
1737 698 1791 723 τῶν
1818 696 1904 733 ἁγίων

1074 745 1208 779 γυναικῶν
1239 741 1277 773 είς
1307 741 1456 769 ἀπώλειαν.
1487 741 1526 770 Οὐ
1555 741 1606 779 γὰρ
1636 741 1662 768 οἳ
1692 741 1759 777 μετὰ
1787 740 1903 768 θάνατον

1075 787 1178 818 ἐκείνας
1222 787 1473 824 ὑπερθαυμάσαντες
1515 785 1586 814 οὕτω
1626 783 1809 823 βεϐιωκυίας,
1840 785 1906 820 ἠνι-

1075 841 1176 869 σχοντο
1200 831 1229 858 ἂν
1260 831 1346 866 ζώσας
1375 831 1480 869 ἀφεῖναι
1511 831 1599 867 μένειν
1629 831 1693 868 παρ’
1721 829 1826 861 αὐτοῖς.
1853 829 1906 856 Καὶ

1076 876 1147 904 οὕτω
1173 876 1219 912 μὲν
1243 875 1364 913 πονηρός
1389 886 1430 907 τις
1453 875 1483 902 ἂν
1510 873 1688 911 μιθώδευσεν*
1704 875 1719 901 ὁ
1735 873 1765 902 δὲ
1778 874 1830 908 τήν
1855 885 1908 902 κα-

1075 921 1133 948 κίαν
1159 920 1446 957 ἐπιστημονικώτατος
1468 918 1581 946 ἐνταῦθά
1606 929 1637 956 γε
1665 918 1715 946 οὗκ
1739 918 1806 956 ἔσχε
1822 917 1906 957 σοφί-

1077 965 1172 997 σασθαί
1186 975 1212 992 τι
1230 967 1367 994 τοιοῦτον.
1383 964 1434 993 Καὶ
1453 964 1490 1000 μὴ
1516 964 1574 1002 εἶχε
1596 962 1662 1001 δίχα
1689 962 1908 999 καταμηνύσως

1077 1009 1197 1047 ἑτεροίας
1226 1007 1289 1047 ὄναρ
1318 1011 1385 1047 γοῦν
1402 1008 1542 1043 ἐπιστῆναι
1570 1010 1624 1035 τῶν
1650 1019 1703 1035 τινι
1729 1008 1905 1045 σιμνοτὲρων

1079 1056 1213 1089 ἀσκητῶν,
1229 1053 1274 1081 καὶ
1289 1054 1482 1091 περιπονήρως
1499 1050 1648 1080 ὑποϐαλεῖν
1673 1053 1704 1079 τὸ
1728 1051 1797 1079 κατὰ
1820 1051 1908 1086 τῆσδε

1078 1099 1124 1126 καὶ
1141 1098 1245 1133 ἐκείνης
1262 1098 1306 1125 καὶ
1327 1096 1417 1132 ἄλλης
1432 1099 1481 1130 τῆς
1496 1096 1574 1134 ἁγίας
1597 1097 1700 1133 νόημα,
1717 1096 1810 1134 ὥσπερ
1841 1096 1911 1124 ποτὶ

1078 1144 1123 1171 καὶ
1138 1144 1187 1178 τήν
1204 1145 1318 1180 γυναῖκα
1329 1144 1376 1170 τοῦ
1392 1141 1514 1170 Πιλάτου
1541 1143 1684 1178 κατήχησε
1705 1141 1818 1179 πονηρὰ
1844 1141 1911 1177 βου-

1081 1188 1259 1224 λευσάμενος,
1275 1187 1298 1214 εἱ
1312 1187 1356 1214 καὶ
1375 1185 1459 1223 μηδὲν
1477 1185 1584 1224 ἴσχυσεν
1610 1185 1776 1224 ἔμπρακτον.
1793 1185 1911 1220 Ἐποίη-

1080 1244 1109 1260 σε
1124 1232 1153 1260 δὶ
1169 1232 1245 1269 ὅμως
1263 1231 1340 1259 οὐδὲν
1365 1233 1500 1266 τοιοῦτον,
1515 1229 1588 1258 ἀλλὰ
1616 1228 1722 1265 ἔλαθεν,
1751 1230 1790 1261 ὡς
1822 1229 1913 1261 οὕτως

1081 1278 1176 1311 ιῒπεῖν,
1194 1278 1211 1311 ὴ
1227 1279 1280 1304 τῶν
1310 1276 1393 1314 ἁγίων
1419 1275 1524 1303 ἐκείνων
1550 1277 1685 1312 γυναικῶν
1706 1274 1802 1314 λογὰς,
1817 1273 1913 1311 ὥσπερ

1081 1321 1144 1353 τοὺς
1160 1321 1394 1358 συμμονάζοντας,
1410 1320 1482 1349 οὕτω
1509 1320 1554 1347 καὶ
1582 1319 1628 1347 τὸν
1657 1318 1707 1352 τῆς
1722 1319 1818 1349 κακίας
1848 1318 1915 1346 ἐπό-

1082 1377 1154 1401 πτην
1171 1364 1298 1402 δαίμονα.

1119 1411 1162 1442 ις’.
1179 1410 1228 1437 Καὶ
1246 1407 1304 1437 ἴδοὺ
1331 1408 1385 1437 ἔστι
1414 1409 1563 1443 κάντεῦθεν,
1581 1407 1671 1445 ὥσπερ
1695 1407 1739 1435 καὶ
1766 1406 1793 1444 ἐξ
1816 1407 1912 1435 ἄλλων

1081 1454 1208 1490 πολλῶν,
1240 1454 1453 1489 ὑπονοήσασθαι,
1482 1454 1519 1484 ὠς
1555 1454 1570 1480 ὁ
1599 1453 1721 1489 πονηρὸς
1763 1450 1914 1489 ἄνθρωπος

1082 1500 1194 1538 ἐνιαχοῦ
1219 1499 1265 1526 καὶ
1291 1499 1356 1536 ὑπὲρ
1381 1498 1461 1525 αὐτὸν
1490 1496 1607 1534 δαίμονα
1634 1494 1780 1525 ἐπιϐάλλει
1809 1500 1916 1534 τεχνᾶ-

1084 1551 1155 1581 σθαι,
1170 1543 1216 1572 ’ίνα
1244 1554 1284 1574 τις
1307 1543 1451 1579 τολμήσας
1481 1541 1546 1579 ipsi,
1563 1542 1600 1573 ὡς
1630 1541 1656 1569 ἑν
1686 1543 1745 1572 τοῖς
1773 1540 1916 1572 τοιούτοις

1086 1589 1176 1628 βραχύ
1188 1599 1214 1616 τι
1230 1589 1244 1616 ὁ
1260 1586 1365 1624 δαίμων
1391 1589 1439 1614 τοῦ
1463 1588 1586 1623 πονηροῦ
1615 1585 1758 1622 ἀνθρώπου
1785 1584 1918 1620 ἠλάττω-

196 1634 343 1663 tandum?
360 1634 547 1670 «Tu,inqnil,
564 1638 698 1663 conteres
709 1638 806 1671 caput,
823 1636 888 1671 ejus
901 1637 908 1653 ¹
923 1646 937 1660 ››
949 1635 1025 1663 idest

1083 1644 1139 1661 ται.
1157 1633 1231 1660 Διατί
1247 1631 1291 1660 οὖν
1311 1633 1348 1668 μή
1365 1631 1491 1670 φευκτέον
1508 1632 1554 1658 τὸν
1577 1629 1649 1657 οὕτω
1672 1629 1716 1657 καὶ
1745 1632 1795 1657 τοῦ
1821 1628 1916 1657 διαϐό-

196 1679 384 1715 serpentis,et
396 1678 474 1714 ille,o
488 1679 758 1713 homo,calcaneum
770 1680 901 1708 tuum.Et
911 1680 1032 1716 iniquus

201 1724 301 1757 homo,
318 1722 487 1750 calcaneum
500 1723 641 1750 sortitum
659 1723 776 1759 quidem
796 1724 941 1762 respicere
956 1724 1029 1761 sino,

198 1768 248 1796 sed
264 1768 348 1802 cujus
364 1767 399 1794 ad
421 1770 509 1803 caput
519 1767 582 1795 vult
599 1767 882 1804 tendure,ipsiusque
897 1768 978 1796 elatas,
988 1768 1029 1795 di-

198 1812 265 1839 vine
282 1811 367 1838 dictis
385 1811 571 1846 laudibus,ut
592 1812 620 1839 in
638 1812 861 1839 ostentationem
878 1821 1030 1848 secompo-

203 1858 263 1883 nat.
277 1855 375 1882 Fuerit
392 1863 460 1890 ergo
478 1864 616 1889 magnum
635 1856 705 1883 illud
724 1859 811 1891 caput
830 1865 935 1884 sanum
952 1866 1028 1886 cere-

201 1900 289 1926 brum
306 1907 363 1926 non
378 1899 526 1933 sortitum,
542 1899 600 1926 nisi
616 1899 766 1927 declinans
785 1900 819 1927 ab
844 1900 944 1936 iniquo
973 1902 1029 1930 isto

203 1944 337 1978 serpente
353 1945 466 1970 caveret
477 1951 483 1975 ς
494 1943 638 1978 siquidem
648 1946 675 1971 et
685 1946 852 1973 constantes
859 1945 955 1973 animo
966 1946 1027 1982 viri,

202 1989 348 2023 quotquot
364 1987 473 2022 experti
491 1990 560 2015 sunt
576 1990 725 2024 serpentes
748 1989 823 2017 saltu
840 1990 933 2026 primo
945 1993 1029 2027 quasi

200 2032 332 2061 volantes
348 2032 460 2068 sagittis
478 2033 572 2060 instar
586 2036 613 2061 et
632 2032 660 2060 in
680 2033 781 2062 faciem
797 2034 1028 2069 irruentes,cum

201 2077 259 2105 tale
275 2076 385 2104 animal
402 2076 511 2104 aerium
530 2077 631 2105 vident
647 2080 678 2105 ut
694 2078 820 2114 pessime
843 2079 916 2107 solet
928 2080 1028 2108 volan-

200 2121 410 2154 tem,excubias
431 2121 540 2149 habent
559 2125 586 2149 et
603 2131 652 2158 pro
668 2123 739 2150 facie
751 2127 777 2151 et
794 2132 844 2159 pro
862 2123 973 2160 reliquo
982 2133 1028 2152 ca-

200 2166 269 2202 pite,
287 2174 338 2194 nec
359 2167 496 2195 manibus
517 2170 644 2200 tantum,
669 2169 719 2195 sed
735 2173 758 2196 el
781 2169 923 2196 districtis
939 2170 1029 2197 armis

201 2210 307 2246 quibus
323 2213 351 2239 et
367 2211 606 2248 appropinquans
614 2212 706 2240 bestia
718 2212 746 2240 in
757 2213 852 2240 frusta
866 2214 1030 2243 secatur.Et

199 2255 257 2283 ista
277 2255 395 2291 quidem
416 2256 451 2283 ab
467 2257 633 2292 integritate
643 2265 701 2284 una
716 2257 744 2284 in
761 2260 858 2293 partes
874 2258 1028 2293 scinditur,

1087 1677 1138 1706 λου
1155 1676 1225 1705 ἔστιν
1243 1677 1273 1704 οὗ
1295 1676 1565 1714 κατακαυχώμενον;
1585 1687 1595 1700 ι
1614 1673 1662 1711 Σὺ,
1682 1686 1697 1700 »
1722 1675 1802 1713 φησὶ,
1831 1684 1844 1700 α
1867 1685 1919 1709 τη-

1085 1724 1178 1760 ρήσεις
1202 1720 1323 1760 κεφαλὴν
1347 1720 1441 1755 αὐτοῦ,
1458 1731 1471 1746 ››
1487 1721 1536 1747 τοῦ
1562 1717 1649 1758 ὄφεως
1680 1718 1801 1754 δηλαδὴ.
1816 1721 1849 1748 Ὁ
1874 1718 1916 1755 δὲ,

1085 1767 1107 1794 ὦ
1136 1766 1272 1804 ἄνθρωπε,
1297 1765 1410 1802 πτέρναν
1428 1765 1476 1799 τὴν
1508 1765 1568 1799 σήν.
1584 1764 1614 1792 Ὁ
1643 1762 1672 1791 δὶ
1698 1764 1781 1794 κακός
1812 1763 1919 1801 ἄνθρω-

1084 1822 1146 1846 πος,
1162 1811 1209 1842 τὰς
1230 1809 1344 1843 πτὲρνας
1372 1809 1418 1846 μὲν
1449 1808 1551 1847 ἀφίημι
1577 1805 1770 1843 καταϐλέπειν,
1788 1807 1915 1846 κεφαλῆς

1084 1855 1112 1883 δέ
1126 1865 1201 1886 τινος
1222 1853 1310 1886 ἐθέλει
1334 1852 1593 1891 καταστοχάζεσθαι,
1610 1853 1654 1880 καὶ
1679 1852 1762 1887 αὐτῆς
1789 1852 1919 1891 ἠρμένης

1085 1900 1152 1937 ὑψοῦ
1167 1902 1261 1936 τιμαῖς
1275 1898 1370 1934 θείαις,
1382 1897 1429 1925 ’ίνα
1444 1897 1515 1925 οὕτω
1541 1897 1714 1933 σεμνύνηται.
1728 1895 1780 1931 Ε’ίη
1808 1897 1839 1924 ἂν
1869 1897 1917 1924 οὖν

1083 1946 1100 1980 ἡ
1133 1944 1239 1982 μεγάλη
1270 1942 1375 1982 κεφαλή
1405 1941 1492 1978 ἐκείνη
1512 1943 1550 1978 μή
1579 1940 1735 1969 πλουτοῦσα
1761 1940 1918 1979 ἐγκέφαλον

1084 1989 1195 2027 ὁγιᾰ,εἶ
1223 1989 1260 2025 μὴ
1291 1987 1453 2015 ἐκκλίνουσα
1481 1986 1643 2026 φυλάττεται
1673 1987 1800 2013 τοιοῦτον
1830 1996 1919 2020 πονη-

1083 2034 1128 2072 ρὸν
1159 2032 1231 2072 ὅφιν·
1249 2032 1305 2060 ἐπεί
1333 2042 1376 2060 τοι
1405 2031 1450 2059 καὶ
1478 2033 1532 2059 τῶν
1559 2030 1688 2070 ἀσφαλῶν
1718 2029 1839 2067 ἀνδρῶν,
1857 2030 1916 2058 ὅσοι

1082 2078 1257 2116 πεπείρανται
1274 2076 1360 2111 ὄφεων
1376 2076 1563 2113 ἐκπετομένων
1592 2078 1650 2106 τοῖς
1680 2074 1814 2111 ἅλμασιν,
1832 2075 1915 2102 ὁποῖα

1083 2123 1128 2150 καὶ
1145 2123 1254 2155 ὀϊστῶν,
1270 2121 1315 2148 καὶ
1342 2121 1410 2148 κατὰ
1433 2121 1582 2158 προσώπου
1607 2119 1789 2158 χωρούντων,
1806 2118 1916 2146 ἐπειδὰν

1084 2167 1162 2195 ἴδωσι
1178 2169 1301 2194 τοιοῦτον
1320 2169 1389 2201 ζῶον
1403 2166 1493 2204 ἀεριον
1518 2164 1738 2201 καταπετόμενον
1768 2164 1814 2191 ἐπὶ
1843 2165 1918 2199 κακῷ

1084 2213 1204 2247 συνήθει,
1222 2211 1402 2251 φυλάττονται
1417 2211 1448 2238 τό
1468 2221 1498 2238 τε
1519 2209 1666 2248 πρόσωπον
1681 2209 1725 2236 καὶ
1756 2209 1789 2236 τὸ
1820 2208 1917 2236 λοιπὸν

1085 2260 1135 2291 τῆς
1149 2255 1283 2293 κεφαλῆς,
1299 2255 1346 2282 καὶ
1361 2255 1392 2282 οὐ
1418 2255 1497 2293 χερσὶ
1529 2254 1622 2291 μόνον,
1640 2252 1714 2281 ἀλλὰ
1737 2253 1784 2280 καὶ
1815 2250 1917 2291 προϐο-

201 2299 249 2334 qui
268 2301 366 2327 autem
384 2299 507 2336 vigilans
529 2301 620 2328 fuitet
636 2301 737 2329 salvus
763 2305 893 2330 remanet
911 2305 939 2329 et
956 2302 1025 2330 inter

1085 2301 1145 2332 λαῖς
1175 2302 1260 2339 ξιφῶν
1298 2299 1526 2338 γεγυμνωμένων,
1559 2299 1599 2331 οἷς
1628 2297 1672 2325 καὶ
1700 2297 1858 2334 ἆμπελάζον
1884 2297 1914 2325 td

200 2343 360 2378 prudentes
381 2344 563 2378 inscribitur,
581 2345 610 2373 in
639 2346 748 2374 salvete
774 2347 870 2382 capite
885 2346 1029 2383 serpentis

201 2395 282 2415 more
302 2387 432 2416 lucratus
449 2389 576 2417 salutare
599 2391 747 2426 quoddam
765 2391 940 2419 antidotum.

1085 2345 1179 2383 θηρίον
1195 2345 1405 2374 κατακόπτεται.
1424 2345 1472 2372 Καὶ
1492 2343 1557 2372 αὐτὸ
1586 2343 1632 2380 μὲν
1663 2341 1693 2370 ἐκ
1723 2344 1788 2378 μιᾶς
1819 2342 1917 2377 ὁλότη-

1084 2401 1130 2420 τος
1147 2388 1254 2428 μερίδες
1276 2389 1387 2426 γίνεται·
1406 2389 1419 2416 ὁ
1445 2387 1474 2416 δὲ
1494 2388 1682 2427 φυλαξάμενος
1699 2386 1787 2414 ἐκεῖνο
1815 2387 1860 2414 καὶ
1889 2386 1914 2414 ἐν

202 2429 375 2467 ἀκεραῖότητι
407 2433 491 2469 μένει,
508 2434 551 2460 καὶ
582 2444 724 2472 φρονιμοις
753 2434 922 2474 ἐγγράφεται,
941 2434 1072 2473 κερδήσας
1101 2434 1166 2462 αὐτὸ
1190 2434 1219 2462 ἐκ
1244 2436 1291 2462 τοῦ
1322 2434 1373 2469 τὴν
1404 2432 1525 2472 κεφαλὴν
1565 2431 1775 2471 φυλαττομένου
1815 2430 1912 2470 ὅψεως,

201 2475 245 2501 οἵα
260 2475 304 2501 καί
319 2486 372 2503 τινι
387 2479 522 2514 σωτήριον
540 2477 687 2507 άντιδοτον.

238 2520 280 2547 17.
299 2521 355 2548 llos
371 2530 439 2558 ergo
454 2524 495 2550 sic
516 2524 616 2559 fugite,
631 2527 663 2552 ut
676 2533 825 2560 nunquam
841 2525 971 2561 vestigiis
984 2525 1027 2552 in-

198 2563 438 2593 sistatisillerum
456 2567 514 2595 sive
531 2567 642 2596 nullius
655 2569 714 2597 sive
731 2569 900 2597 mentientis
909 2569 1028 2603 amoris,

199 2611 228 2636 et
248 2618 264 2637 a
289 2609 444 2638 diabolicis
470 2612 732 2641 obtrectationibus
762 2617 870 2647 cavete,
891 2622 954 2649 quas
998 2616 1031 2641 ut

201 2654 361 2690 plurimum
378 2657 407 2683 et
422 2656 604 2690 gravissmizn
619 2661 689 2686 sunt
708 2661 737 2686 et
754 2659 862 2694 multae,
884 2667 957 2694 quas
978 2666 1030 2686 nec

199 2700 352 2734 oportebat
369 2700 523 2735 nominari,
551 2710 584 2729 eo
615 2704 692 2738 quod
722 2703 792 2731 talia
822 2703 946 2731 nefanda
971 2703 1032 2731 sint

202 2744 314 2776 Quibus
338 2745 441 2773 inutile
477 2746 508 2773 fit
537 2755 680 2783 organum
714 2748 775 2783 Dei,
804 2748 960 2784 pulchrum
987 2755 1029 2782 os,

244 2852 251 2867 ¹
267 2853 338 2880 Gen.
352 2861 393 2887 III,
411 2854 454 2882 15.

1119 2526 1160 2559 ιζ’.
1176 2523 1288 2554 Τούτοις
1304 2534 1334 2550 τε
1353 2522 1398 2550 οὖν
1419 2522 1491 2550 οὕτω
1505 2521 1624 2561 φεύγετε,
1641 2521 1679 2552 ὡς
1707 2521 1745 2557 μὴ
1776 2524 1836 2548 κατ’
1848 2519 1913 2558 ’ίχνη

1087 2569 1187 2606 βαίνειν
1216 2572 1265 2603 τῆς
1298 2567 1384 2595 αὐτῶν
1415 2567 1433 2601 ἢ
1464 2565 1590 2598 οὐδόλως
1612 2565 1765 2604 ἆγάπης,ἢ
1786 2563 1916 2602 ψευδαγα-

1085 2614 1204 2648 πήσεως,
1233 2612 1278 2640 καὶ
1307 2615 1362 2639 τῶν
1392 2609 1528 2645 διαϐόλων
1568 2609 1752 2649 βλασφημιῶν
1783 2609 1915 2646 ἀπέχεσθε

1083 2659 1138 2685 τῶν
1159 2657 1183 2684 ἐν
1210 2659 1268 2688 τοῖς
1295 2655 1404 2684 πλείοσι
1432 2655 1476 2683 καὶ
1508 2655 1664 2694 βαρυτάτων
1680 2654 1726 2681 καὶ
1749 2656 1869 2691 συχνῶν,
1883 2652 1913 2683 ἃς

1085 2701 1170 2740 ἇχρῆν
1186 2701 1322 2740 ᾰῤῥήτους
1339 2701 1405 2728 εἶναι
1429 2699 1473 2727 διὰ
1496 2700 1527 2727 τὸ
1555 2699 1613 2727 κατ’
1628 2698 1726 2729 αὐτοὺς
1753 2697 1912 2736 ἐπίῤῥητον⁹

1085 2745 1121 2774 δι’
1149 2745 1186 2773 ὦν
1218 2746 1377 2784 ἀχρειοῦται
1403 2745 1435 2772 τὸ
1465 2743 1547 2783 σοφὸν
1564 2741 1679 2781 ὄργανον
1695 2745 1744 2770 τοῦ
1774 2744 1851 2777 Θεοῦ,
1878 2741 1911 2768 τὸ
