2026 3156
115 196 133 226 1
140 195 206 226 045

638 193 831 225 EPISTOLA
852 194 904 225 AD
926 195 1077 226 THESSA
1086 197 1338 230 LONICENSES.

1755 200 1831 231 1046

110 260 208 288 καλὸν
228 260 325 296 στόμα,
342 260 356 287 ὁ
372 261 420 287 τοῦ
435 259 499 290 νοὸς
515 257 671 298 ἒξάγγελος,
688 257 722 286 δι’
736 258 767 286 οὗ
783 259 813 287 τὸ
829 259 935 295 λαλητὸ

991 292 993 295 ,
1010 263 1115 291 mentis
1130 264 1284 301 interpres,
1301 273 1359 301 quo
1383 265 1506 301 loquens
1530 265 1638 294 animal
1653 266 1704 294 Dei
1724 265 1830 294 distin-

112 307 192 340 ζῶον
217 307 266 332 τοῦ
290 306 356 332 Θεοῦ
381 303 621 342 χαρακτηρίζεται.
637 303 696 341 Χρὴ
722 302 750 331 δὲ
778 303 949 340 ἐνθυμεῖσθαι

112 349 193 386 ὑμᾶς
207 349 329 382 ἐνταῦθα,
347 347 389 376 ὅτι
413 358 442 375 τε
465 345 599 386 βόρϐορον
624 346 811 387 δυσαπόφορον
834 348 948 387 ἐγκλείει

112 396 159 430 τῷ
177 394 292 430 στόματι
308 393 322 420 ὁ
340 391 505 431 βλασφημος
531 390 682 429 ἄνθρωπος,
699 393 743 420 καὶ
772 393 813 420 δτι
840 394 949 431 πικρίας

112 438 168 475 μὶν
185 437 294 465 οίασοῠν
323 437 487 474 γευσάμενός
515 447 556 468 τις
585 437 668 474 ὑγιῶς
693 436 765 474 ἔχων
794 440 842 464 τοῦ
872 438 948 475 γεύε-

110 483 192 516 σθαι,
218 481 263 509 καί
292 483 440 520 μυσαχθεὶς
467 482 499 510 τὸ
522 483 659 519 πρᾶγμα,
689 482 721 509 οὐ
751 481 829 519 μόνον
861 483 947 520 συχνὰ

111 526 230 555 ἱκπτύει
255 524 447 554 συνεκϐάλλων
461 528 501 563 τῷ
514 526 598 562 σιάλῳ
616 527 666 560 τὴν
680 525 788 561 ἀηδίαν,
805 526 878 554 ἀλλὰ
900 529 945 556 καὶ

110 575 197 604 ὕδατι
209 576 254 604 καὶ
270 578 369 615 χυμῶν
385 575 536 614 γλυκύτητι
553 575 679 604 ἑκπλύνει
695 576 726 603 τὸ
739 576 821 604 καλὸν
835 575 944 614 δοχεῖον

112 621 206 649 ικεῗνο
211 643 217 650 .

151 666 199 700 ιη’.
226 665 256 693 Τί
280 664 325 700 δὴ,
351 666 374 692 ὢ
400 664 619 704 δαιμονοφόρητε
644 663 767 703 ὑϐριστᾶ,
795 663 944 702 παραϐύεις

107 712 154 746 τῷ
169 709 285 747 στόματι
315 709 480 749 βλαφήμους
508 709 629 747 πικρίας,
653 709 690 737 ὧν
712 710 744 738 τὸ
760 709 842 746 ἀηδὲς
876 721 943 747 μαν-

110 755 204 786 θάνεις
223 755 269 791 μὲν
290 754 399 791 ὕστερόν
416 765 481 782 ποτε
496 754 542 781 καὶ
565 754 666 789 αὐτός;
691 755 755 783 Ὅτι
778 755 829 792 γὰρ
857 754 942 793 βλασο

111 801 230 839 φημεῖς,
261 799 310 827 οὐκ
339 799 451 836 αἰσθάνῃ
483 799 519 830 ὡς
545 798 601 826 οἷον
627 799 789 835 ἐξεστηκὼς.
819 799 944 827 Μάλιστα

111 843 143 872 δὲ
174 843 231 872 οἶδε
266 845 317 878 τὴν
357 844 456 877 ἐκεῖθεν
497 844 606 882 πικρίαν
639 846 652 872 ὁ
684 845 942 884 βλασφημούμενος,

108 887 190 926 εἷ’περ
217 889 254 926 μὴ
286 888 432 926 ὀλιγώρως
467 891 527 920 ταῖς
565 886 657 926 ὕϐρεσι
693 889 884 929 προσφέρεται.
913 889 943 917 Τί

109 933 293 965 ἆναπτύσσεις
308 933 342 961 τὸ.
356 933 452 972 χείλη,
480 934 525 961 καὶ
546 933 662 972 χαίνῑις,
693 934 747 971 οὐχ
776 933 844 962 ὥστε
859 935 875 969 ἢ
893 945 942 972 φα·
957 950 981 982 Β

108 980 184 1015 γεῖν,
202 977 220 1012 ἢ
246 977 364 1012 λαλῆσαι
390 977 497 1014 ἁπλῶς,
513 978 531 1012 ἢ
559 978 603 1005 καὶ
620 977 723 1013 διδάξαι
749 978 794 1006 καὶ
823 979 941 1015 ὑμνῆσαι

109 1022 191 1058 Θεὸν,
207 1023 253 1050 καὶ
278 1021 363 1054 οὕτως
388 1022 511 1059 ἰξεμωαι
534 1023 652 1061 χυμοὺς,
675 1021 710 1050 δι’
724 1024 762 1050 ὦν
792 1023 942 1062 θανατηφό-

107 1076 158 1104 ρον
173 1068 192 1102 ὴ
208 1068 285 1105 ψυχὴ
301 1067 451 1104 πληθώραν
467 1066 578 1104 πάσχει·
607 1066 669 1095 ἀλλ’
697 1067 766 1096 ὥστε
792 1071 939 1106 καταισχῦ-

107 1122 154 1138 ναι
184 1112 304 1147 σεαυτὸν,
334 1112 379 1139 τὸν
409 1114 458 1139 τοῦ
482 1114 548 1139 Θεοῦ
573 1111 726 1150 ἄνθρωπον,
754 1113 790 1144 ὡς
811 1113 939 1150 Χριστια-

105 1155 166 1189 νὸν,
193 1154 238 1183 διὰ
261 1158 310 1183 τοῦ
334 1155 379 1183 καὶ
405 1155 508 1184 δάκνειν
533 1156 578 1184 καὶ
608 1156 773 1189 Iaruman;
803 1157 834 1184 οὐ
865 1157 937 1194 λέγω

103 1199 153 1227 τόν
170 1211 212 1228 σοι
229 1201 341 1237 ὃμοιον,
371 1200 435 1228 ἀλλ’
466 1202 624 1240 ὑπερφιρῶς
638 1200 787 1236 καλλίονας
813 1203 938 1237 ’Ἃνοιξόν

108 1255 158 1271 σου
173 1245 204 1271 τὸ
229 1244 317 1281 στόμα
341 1248 491 1282 γραφικῶς,
515 1245 559 1272 καὶ
587 1244 700 1273 ἕλκυσον
726 1248 835 1282 Πνεῦμα
864 1247 934 1273 θεῖον

108 1289 229 1325 πάντως,
246 1289 277 1316 οὐ
305 1290 359 1326 μὴν
384 1289 514 1327 πονηρόν·
531 1292 571 1326 τῷ
592 1291 644 1328 γὰρ
668 1290 785 1326 τοιούτῳ
798 1289 933 1317 κλειστὲον

109 1331 230 1370 ἀκριϐῶς
252 1336 337 1360 πᾶσαν
363 1332 498 1368 αἶ’σθησιν.
528 1346 541 1360 ι(
567 1333 718 1368 Πὶιάτυνον,
746 1346 760 1360 n
781 1335 858 1373 φησί,
876 1347 888 1360 ‹‹
903 1335 934 1361 τὸ

109 1377 199 1414 στόμα
214 1388 272 1411 σου,
297 1377 341 1405 καὶ
363 1377 506 1415 πληρώσω
529 1378 605 1405 αὐτό.
631 1390 645 1404 n
670 1377 708 1406 Οὐ
725 1377 858 1415 δεήσομαι
873 1389 932 1416 τρι-

109 1419 162 1457 ϐῆς
187 1421 290 1460 χρόνου
313 1422 394 1455 τινὸς,
419 1422 450 1450 οὐ
479 1422 613 1459 μίλλησιν
643 1421 811 1459 ἐνδείξομαιο
840 1423 934 1451 αὐτίκα

112 1465 152 1502 δὲ,
175 1467 265 1505 ὥσπερ
278 1466 316 1494 ἔτι
342 1466 492 1499 λαλοῦντός
518 1478 565 1494 σου
581 1467 614 1494 τὰ
628 1467 721 1505 ἀγαθὰ,
738 1468 931 1506 παραγίνομαι.

112 1510 191 1539 Οὕτω
215 1511 258 1539 καὶ
284 1511 438 1547 ἀνοίξαντος
462 1510 604 1548 πληρώσω
627 1511 793 1547 Πνιύματος,
816 1512 860 1539 καὶ
886 1523 931 1539 σο-

110 1555 171 1594 φίαν
197 1555 317 1592 ψωμίσω
341 1554 386 1583 διὰ
411 1553 531 1593 βιϐλίου,
555 1555 644 1592 ὁποίῳ
659 1556 702 1583 καὶ
718 1559 857 1595 προφῆται
880 1567 932 1592 μυ-

109 1601 308 1638 στηριάζονται.
333 1600 372 1629 Οὐ
394 1601 444 1639 γὰρ
468 1598 530 1628 οὕτε
555 1601 638 1634 ὀκνῶ,
658 1601 720 1628 οὗτε
739 1602 840 1640 φθονῶ,
871 1600 932 1628 οὕτε

110 1643 229 1681 μελετῶν
255 1644 416 1681 σκέπτομαι.
442 1643 531 1673 Ἀλλὰ
551 1644 667 1682 ἀνοίγεις
695 1645 760 1681 ἅμα,
776 1646 821 1672 καὶ
846 1644 931 1681 εἴσέρ-

108 1699 205 1726 χομαι.
228 1688 308 1718 Οὕτω
332 1689 377 1716 καὶ
401 1689 454 1726 ἐγὼ
476 1690 526 1724 τήν
551 1689 620 1725 ἐμὴν
637 1689 750 1727 ἀνοίγων
767 1690 847 1727 θύραν
864 1700 930 1726 προ-

108 1733 243 1769 καλοῦμαι
260 1733 304 1761 καὶ
318 1734 346 1761 σὲ
370 1734 416 1761 καὶ
438 1733 537 1765 πάντας
561 1734 702 1763 εἴσελθεῖν.
730 1733 769 1762 Οὐ
795 1737 929 1772 μεριμνῶ,

109 1779 165 1809 πῶς
179 1777 321 1814 πληρώσω
336 1778 367 1805 τὸ
388 1778 477 1814 στόμα
496 1789 544 1805 σου
565 1778 724 1806 πλατυνθέν.
753 1779 806 1806 Καὶ
832 1777 931 1814 δηλοῦ-

108 1832 147 1848 σιν
171 1822 236 1849 αὐτὸ
259 1822 304 1849 καὶ
334 1822 361 1849 o't
387 1821 481 1854 ἄλλως
507 1823 569 1860 ἐμοὶ
593 1823 723 1860 μαθηταὶ,
747 1824 792 1850 καὶ
816 1823 875 1850 ὅσοι
902 1822 931 1851 δὲ

107 1866 244 1904 τυράννοις
274 1867 466 1904 παραστάντες,
491 1867 522 1894 οὐ
548 1866 593 1894 διὰ
617 1868 735 1905 χρόνου,
765 1867 837 1895 ἀλλὰ
861 1868 929 1904 αὐτῇ

108 1912 141 1947 τῇ
170 1911 227 1948 ὥρᾳ
256 1909 425 1947 λαμϐανουσι
453 1911 542 1948 στόμα
555 1912 600 1939 καί
614 1912 720 1950 σοφίαν·
738 1913 778 1944 οἷς
794 1912 824 1939 οὐ
850 1911 929 1939 δύνα-

108 1966 150 1982 ται
191 1955 324 1982 ἀντειπεῖν
363 1954 451 1988 οὐδεὶς
480 1956 744 1993 ἀντικαθιστάμενος.
779 1957 872 1992 Στόμα
901 1955 930 1984 δὲ

110 1998 218 2030 ἐνταῦθα
245 1999 290 2026 καὶ
320 1998 416 2038 σοφίαν
452 1999 567 2031 ἀκούσας
584 2023 591 2036 ,
631 2001 668 2036 μὴ
706 2000 929 2038 ἀπεριμερίμνως

110 2041 239 2081 ἐπιϐάλῃς
268 2046 301 2080 τῇ
325 2043 406 2081 ἀκοῇ,
424 2043 486 2072 ἀλλ’
510 2041 670 2081 ἐμϐάθυνοψ
701 2045 741 2072 ὅτι
768 2046 782 2072 ὁ
808 2046 846 2081 μὴ
862 2046 929 2072 κατὰ

108 2087 167 2118 τοὺς
195 2087 294 2126 λόγους
327 2087 441 2119 τούτους
470 2087 640 2124 διακείμενος
671 2089 805 2126 θειότερον
836 2089 861 2116 ἐν
889 2092 929 2125 τῷ

109 2132 229 2159 ἀναπνεῖν
253 2133 298 2159 καὶ
329 2131 422 2160 λαλεῖν
451 2131 512 2160 οὔτε
542 2133 628 2169 στόμα
647 2130 717 2171 ἔχει,
734 2132 795 2160 οὔτε
822 2133 927 2172 σοφίαν,

111 2176 178 2204 ἀλλὰ
204 2176 248 2204 καὶ
277 2174 397 2214 ἅστομός
424 2177 479 2205 ἐστι
507 2177 640 2215 χειρόνως
668 2177 738 2215 ἤπερ
761 2181 815 2205 τῶν
839 2177 926 2205 ἷιιιπων

111 2221 163 2248 ὅσοι
180 2220 306 2259 λέγονται
322 2220 449 2258 ἄστομοι,
465 2222 509 2249 ναὶ
526 2222 581 2258 μὴν
596 2222 641 2249 καὶ
661 2220 772 2261 ἄσοφος,
791 2223 883 2258 μήπου
899 2221 928 2249 δὲ

110 2266 149 2293 καὶ
162 2264 271 2303 ἄλογος.

1005 307 1116 343 guitur.
1133 308 1270 337 Nostrum
1288 313 1333 337 est
1348 311 1382 337 de
1398 310 1453 337 hoc
1469 310 1497 337 in
1514 313 1612 338 mente
1627 311 1734 338 habere
1750 312 1828 347 quod

1003 351 1098 380 lutum
1111 353 1263 381 horridum
1290 355 1320 382 in
1331 363 1364 382 os
1378 355 1508 382 recondit
1522 356 1740 390 obtrectator,et
1751 356 1827 392 quod

1003 405 1103 425 amara
1132 399 1268 433 quaslibet
1296 399 1456 435 degustans
1485 400 1622 436 quisquis
1651 409 1722 428 sano
1737 403 1825 437 gustu

1002 442 1078 470 valet
1092 445 1120 470 et
1132 451 1162 470 re
1181 444 1314 478 icedatus,
1331 452 1387 471 non
1415 443 1511 472 solum
1536 446 1636 481 sputat
1651 453 1718 472 cum
1734 445 1827 474 saliva

1002 487 1132 514 faetorem
1149 487 1279 523 ejiciens,
1296 488 1346 515 sed
1362 488 1449 515 etiam
1466 497 1542 524 aqua
1561 489 1760 526 suavibusque
1774 498 1825 526 po-

1001 531 1130 559 tionibus
1146 532 1302 568 pulchrum
1318 532 1373 560 hoc
1389 533 1538 568 penetrale
1554 534 1687 562 mundat.

1036 668 1078 695 18.
1103 667 1170 701 Cur,
1187 676 1203 695 ο
1228 667 1385 703 impudens
1410 675 1426 694 ει
1446 668 1578 695 daemone
1606 667 1724 703 agitate,
1747 667 1777 695 in
1793 677 1826 696 os

1000 712 1133 740 admittis
1177 712 1398 740 obtrectationis
1445 712 1657 740 amaritudines
1700 720 1826 748 quarum

1000 756 1162 784 molestiam
1179 756 1302 784 ultimus
1317 756 1414 784 noscis
1430 759 1458 784 et
1477 756 1564 792 ipse?
1581 757 1651 784 Cum
1667 756 1745 784 enim
1761 765 1824 784 ma-

998 801 1170 830 ledicentias
1202 802 1324 837 profers,
1368 802 1452 837 quasi
1486 803 1583 829 mente
1622 804 1726 837 captus
1765 810 1823 829 non

998 846 1148 882 intelligis.
1172 846 1288 882 Optime
1314 846 1438 874 istarum
1478 846 1705 874 amaritudinem
1743 846 1824 874 novit

998 892 1047 926 qui
1059 891 1119 918 tuis
1133 900 1150 918 ο
1162 890 1376 918 maledicentiis
1392 890 1554 926 impetitur,
1570 890 1626 918 nisi
1642 891 1821 926 contemptui

998 935 1191 964 contumelias
1206 938 1272 963 tuas
1299 935 1414 963 habeat.
1431 935 1487 962 Cur
1503 934 1581 962 labia
1596 935 1692 971 aperis
1712 938 1741 963 et
1756 935 1821 962 hias

998 989 1055 1008 non
1071 981 1106 1008 ad
1124 980 1372 1013 manducandum,
1390 987 1442 1007 nec
1458 980 1494 1006 ad
1509 979 1682 1015 simpliciter
1697 979 1819 1015 loquen-

997 1026 1079 1059 dum,
1094 1033 1147 1053 nec
1163 1025 1198 1052 ad
1215 1024 1379 1052 docendum
1395 1026 1446 1051 aut
1460 1024 1562 1051 laudes
1580 1024 1635 1051 Deo
1656 1024 1820 1059 persolven-

996 1071 1077 1103 dum,
1094 1073 1122 1097 et
1137 1069 1179 1097 sic
1192 1069 1227 1096 ad
1244 1068 1382 1096 humores
1413 1068 1522 1103 quibus
1537 1067 1672 1096 lethifera
1688 1068 1821 1104 plethora

994 1115 1109 1142 laborat
1132 1114 1231 1141 anima
1253 1113 1466 1147 evomcndum;
1483 1113 1534 1140 sed
1552 1113 1592 1140 ita
1607 1116 1640 1140 ut
1659 1113 1821 1149 ignominia

993 1160 1121 1195 teipsum
1138 1158 1314 1191 aflicias,Dei
1331 1158 1597 1194 hominem,utpote
1608 1157 1817 1192 Christianum,

992 1212 1025 1232 eo
1041 1205 1118 1240 quod
1135 1204 1236 1238 iniquo
1253 1203 1339 1230 dente
1364 1203 1480 1230 mordes
1498 1205 1528 1230 et
1543 1202 1664 1236 laceras,
1682 1211 1737 1230 non
1753 1203 1816 1231 dico

993 1257 1103 1284 parem,
1119 1249 1169 1276 sed
1181 1248 1232 1275 tibi
1248 1248 1332 1275 valde
1356 1247 1536 1282 superiorem
1547 1247 1561 1273 ?
1576 1247 1663 1282 Aperi
1679 1256 1711 1274 οε
1732 1250 1816 1275 tuum

990 1294 1154 1320 secundum
1170 1292 1348 1327 Scripturas,
1365 1293 1394 1319 et
1422 1291 1563 1327 Spiritum
1580 1292 1711 1318 divinum
1730 1292 1814 1319 hauri

990 1337 1120 1370 omnino,
1138 1345 1196 1364 non
1212 1345 1277 1364 vero
1292 1336 1415 1371 malum,
1431 1335 1478 1363 cui
1502 1339 1637 1364 accurate
1650 1336 1814 1364 claudenda

989 1384 1046 1409 toti
1066 1390 1158 1409 mens.
1176 1393 1189 1406 ‹‹
1208 1380 1313 1416 Dilata,
1335 1380 1442 1416 inquit,
1469 1388 1501 1408 os
1529 1382 1625 1412 tuum,
1641 1383 1670 1408 et
1685 1380 1813 1417 implebo

991 1426 1061 1453 illud
1079 1426 1099 1453 ².
1118 1437 1131 1450 ››
1147 1426 1209 1453 Non
1228 1425 1369 1460 temporis
1393 1424 1532 1452 dilatione
1560 1433 1634 1460 opus
1657 1427 1711 1460 est,
1727 1433 1813 1452 morm

990 1471 1122 1506 perfugio
1139 1479 1194 1497 non
1205 1473 1289 1502 utar;
1306 1469 1558 1504 confestimquasi
1568 1470 1665 1496 adhuc
1677 1470 1813 1505 loquente

989 1518 1016 1542 te
1033 1516 1117 1549 bona,
1134 1515 1249 1542 adsum.
1271 1513 1317 1541 Sic
1332 1517 1361 1541 et
1385 1514 1562 1548 aperientem
1590 1514 1698 1548 Spiritui
1716 1514 1810 1548 reple-

990 1561 1035 1591 bo,
1052 1562 1080 1587 et
1096 1559 1270 1595 sapientiam
1298 1566 1394 1585 escam
1425 1558 1501 1584 dabo
1530 1565 1581 1591 per
1609 1558 1717 1584 librum
1735 1558 1811 1585 sicut

988 1607 1017 1631 et
1050 1604 1171 1640 mystice
1204 1603 1306 1630 dicunt
1337 1602 1496 1637 prophetae.
1531 1604 1604 1628 Nam
1640 1611 1691 1628 nec
1731 1601 1814 1637 piger

989 1657 1065 1681 sum,
1108 1656 1160 1676 nec
1204 1648 1328 1681 invideo,
1360 1654 1413 1674 nec
1441 1645 1668 1682 cogitationibus
1706 1646 1812 1674 immo-

986 1701 1042 1726 ror,
1061 1693 1108 1720 sed
1127 1693 1223 1728 aperis
1239 1695 1266 1719 et
1281 1691 1366 1718 intro.
1384 1691 1428 1718 Sic
1443 1693 1472 1718 et
1495 1698 1548 1726 ego
1569 1691 1691 1725 januam
1714 1699 1808 1718 meam

986 1738 1129 1772 aperiens,
1146 1740 1174 1764 te
1189 1739 1217 1764 et
1228 1744 1329 1764 omnes
1340 1740 1371 1763 ut
1381 1735 1497 1763 intretis
1509 1735 1609 1762 invito.
1624 1737 1685 1762 Non
1703 1735 1808 1763 anxius

985 1790 1061 1814 sum,
1087 1782 1234 1817 quomodo
1264 1789 1296 1808 os
1321 1783 1406 1808 tuum
1436 1779 1563 1815 implebo
1591 1779 1757 1807 dilatatum.
1775 1780 1808 1807 Et

985 1827 1012 1854 id
1030 1827 1188 1854 ostendunt
1216 1826 1303 1853 etiarn
1332 1825 1389 1852 alio
1416 1824 1502 1852 modo
1532 1824 1667 1859 discipuli
1690 1825 1759 1859 mei,
1779 1826 1809 1852 et

985 1873 1129 1906 quotquot
1140 1872 1206 1898 ante
1217 1873 1357 1905 tyrannos
1378 1869 1456 1896 ducti
1475 1870 1559 1902 sunt;
1577 1877 1633 1895 non
1650 1868 1678 1895 in
1695 1871 1809 1904 tempo-

985 1916 1025 1944 ris
1037 1915 1200 1948 intervallo,
1215 1917 1266 1942 sed
1283 1915 1348 1950 ipsa.
1364 1915 1435 1941 hora
1447 1921 1496 1941 ore
1510 1916 1538 1941 et
1554 1914 1696 1949 sapientia
1711 1914 1810 1942 valent

985 1961 1092 1996 quibus
1110 1960 1210 1988 nullus
1235 1959 1434 1987 contradicere
1452 1960 1546 1994 potest
1560 1959 1754 1987 adversarius.
1771 1960 1810 1987 Os

984 2005 1031 2032 hic
1047 2008 1075 2032 et
1092 2004 1267 2040 sapientiam
1290 2003 1414 2030 audiens
1430 2011 1466 2030 ne
1481 2003 1696 2031 inconsiderate
1711 2011 1808 2031 vocem

984 2052 1137 2076 sonantem
1168 2048 1277 2082 excipe,
1303 2048 1352 2074 sed
1385 2047 1473 2074 altius
1501 2047 1671 2074 considera:
1688 2048 1757 2082 quia
1773 2048 1808 2074 ad

983 2093 1034 2121 illa
1049 2094 1137 2120 verba
1149 2093 1199 2128 qui
1216 2100 1272 2118 non
1301 2093 1345 2119 est
1369 2091 1467 2118 animo
1482 2091 1616 2118 diviniori
1636 2090 1808 2126 dispositus,

983 2138 1017 2166 ad
1030 2137 1225 2165 hauriendum
1238 2136 1374 2171 spiritum
1388 2135 1603 2170 etloquendum
1616 2143 1668 2162 nec
1678 2143 1711 2162 os
1721 2135 1810 2162 habet

983 2191 1035 2210 nec
1051 2182 1237 2218 sapientiam,
1254 2182 1304 2208 sed
1321 2180 1406 2209 etiam
1423 2180 1481 2207 oris
1506 2179 1571 2206 duri
1596 2181 1641 2206 est
1663 2179 1810 2207 infelicius

983 2236 1070 2263 quam
1085 2227 1135 2263 qui
1151 2227 1228 2255 inter
1243 2234 1335 2262 equos
1351 2226 1410 2252 oris
1435 2225 1501 2252 duri
1525 2224 1674 2258 dicuntur,
1695 2225 1766 2260 quin
1782 2227 1811 2252 et

983 2273 1126 2307 insipiens
1142 2274 1170 2299 et
1184 2270 1394 2298 irrationabilis
1410 2273 1465 2298 est.

145 2311 184 2338 ιθ’.
201 2310 250 2337 Καὶ
264 2313 377 2338 τοιαῦτα
399 2309 445 2347 μέν
462 2321 505 2338 σοι
532 2311 603 2347 λέξει
627 2312 641 2338 ὁ
664 2311 696 2339 τὸ
724 2312 812 2348 στόμα
824 2310 927 2339 πλατύ-

1019 2317 1061 2343 19.
1078 2315 1159 2343 'l‘alia
1174 2315 1291 2350 quidem
1310 2314 1362 2341 tibi
1381 2313 1457 2341 dicet
1473 2313 1524 2349 qui
1542 2321 1575 2340 os
1588 2313 1700 2348 operire
1712 2313 1807 2348 jubet,

111 2365 160 2381 νειν
192 2354 404 2392 ἐγκελευόμενος
441 2354 485 2383 ἐπὶ
522 2355 663 2394 πληρώσει
692 2356 792 2387 παντὸς
823 2355 930 2391 δηλαδή

114 2398 218 2437 ἆγαθοῦ,
235 2397 270 2426 δι’
291 2399 321 2427 οὗ
350 2399 394 2427 καὶ
424 2398 672 2438 ἐμϐρωματίζεται.
702 2401 751 2428 Καὶ
780 2400 873 2432 ἄλλως
903 2400 932 2428 δὲ

115 2445 144 2480 ζῇ
170 2444 183 2471 ὁ
209 2444 278 2481 πρὸς
307 2443 436 2479 ἀλήθειαν
464 2443 614 2482 ἅνθρωπος.
639 2446 670 2474 Ὁ
696 2446 786 2482 μέντοι
810 2447 850 2481 τῷ
873 2447 931 2481 Θεῷ

113 2486 289 2525 ἀντικείμενος
325 2487 420 2520 ἄλλως
459 2489 524 2517 αὐτὸ
561 2489 677 2526 πληροῖ,
718 2490 814 2526 μεστὸν
843 2492 929 2517 ποιῶν

114 2534 212 2570 ἁπάσης
240 2533 422 2574 φαυλότητος.
451 2535 530 2564 Οὕτω
559 2535 665 2574 πληροῖ
691 2537 725 2563 τὰ
751 2538 805 2564 τῶν
833 2537 932 2574 αἱρετι-

116 2579 207 2613 ζόντων
235 2579 366 2616 στόματα,
397 2579 483 2612 οὕτως
497 2579 641 2618 ἐπλήρωσε
667 2581 700 2607 τὰ
728 2583 781 2608 τῶν
813 2591 931 2619 σταυρω-

114 2626 163 2650 τῶν
176 2626 225 2651 τοῦ
255 2623 374 2662 μεγάλου
404 2626 471 2651 Θεοῦ
495 2624 539 2652 καὶ
572 2627 702 2663 Σωτῆρος
729 2626 809 2662 ἡμῶν
841 2626 931 2661 Ἰησοῦ

115 2669 237 2705 Χριστοῦ”
253 2667 289 2695 ὧν
318 2669 349 2696 τὸ
373 2668 461 2705 στόμα
489 2667 571 2705 ἔγεμε
594 2671 633 2705 τῷ
661 2672 750 2707 καιρῷ
765 2669 859 2706 ἐκείνῳ
883 2672 931 2697 τοῦ

119 2712 195 2741 «Οὐκ
221 2711 321 2751 ἔχομεν
349 2712 470 2750 βασιλέα,
499 2713 522 2740 εἷ
549 2713 587 2749 μὴ
613 2713 742 2750 Καίσαρα’
768 2715 852 2748 ››καί,
871 2727 883 2740 τι
899 2714 930 2741 Et

118 2757 150 2794 μή
166 2757 319 2795 σταυρώσῃς
335 2757 424 2793 αὐτὸν,
441 2757 464 2784 ὦ
480 2758 590 2794 Πιλάτε,
608 2758 657 2786 οὐκ
672 2759 696 2786 εἶ
712 2758 792 2796 φίλος
805 2761 853 2786 τοῦ
870 2759 931 2786 Καί-

149 2866 158 2883 ²
170 2865 244 2894 Psal.
261 2874 342 2901 Lxxx,
360 2867 403 2895 11.
440 2867 452 2884 ³
465 2866 548 2896 Joan.
564 2875 620 2895 x1x.
636 2867 678 2896 15.
718 2868 728 2886 ‘
743 2867 814 2896 ibid.
833 2868 876 2896 12.

986 2361 1098 2388 scilicet
1112 2362 1145 2387 ut
1167 2359 1246 2387 omni
1270 2359 1347 2386 bono
1376 2357 1550 2393 repleamur,
1567 2365 1625 2393 quo
1640 2360 1669 2385 et
1683 2357 1809 2385 alamur.

986 2405 1078 2432 Aliter
1093 2413 1160 2432 vero
1188 2404 1260 2431 vivit
1288 2403 1338 2438 qui
1367 2403 1530 2429 secundum
1559 2401 1712 2429 veritatem
1741 2401 1811 2430 vivit

985 2450 1083 2478 homo.
1095 2449 1149 2481 Qui
1160 2451 1257 2476 autem
1272 2447 1330 2475 Deo
1343 2446 1528 2474 adversarius
1552 2448 1663 2481 manet,
1679 2455 1712 2474 os
1727 2446 1811 2474 aliter

987 2494 1088 2530 replet,
1105 2493 1242 2521 refertum
1260 2492 1384 2520 reddens
1401 2491 1481 2519 omni
1500 2491 1652 2526 pravitate,
1668 2491 1710 2518 sic
1724 2491 1811 2527 plena

986 2541 1055 2565 sunt
1065 2537 1200 2565 haeresim
1226 2536 1468 2572 amplectentium
1480 2543 1541 2570 ora,
1558 2535 1601 2563 sic
1616 2535 1726 2571 repleta
1741 2537 1812 2564 sunt

986 2591 1034 2610 ora
1051 2582 1285 2618 crucifigentium
1308 2588 1449 2617 magnum
1468 2580 1558 2608 Deum
1583 2582 1612 2607 et
1630 2580 1808 2608 Salvatorsm

986 2629 1118 2654 nostrum
1135 2627 1237 2654 Jesum
1260 2625 1429 2658 Christum;
1446 2633 1571 2660 quorum
1588 2633 1621 2652 os
1640 2624 1810 2652 redundans

986 2673 1055 2698 tunc
1071 2671 1193 2698 etl‘udit:
1211 2681 1225 2696 ‹‹
1245 2670 1306 2697 Νοο
1334 2669 1476 2697 habemus
1505 2677 1601 2705 regem
1632 2669 1687 2696 nisi
1716 2670 1809 2696 Cessa-

986 2724 1045 2743 rem
1058 2716 1078 2749 ³,
1095 2718 1163 2749 net,
1196 2725 1210 2740 (ι
1230 2715 1260 2743 Si
1290 2723 1347 2742 non
1376 2713 1554 2742 cruciﬁxeris
1583 2721 1661 2746 eum,
1691 2720 1748 2739 non
1778 2720 1809 2740 es

987 2760 1100 2788 amicus
1121 2759 1365 2794 Cesaris‘,»et:
1398 2770 1409 2784 ι
1440 2759 1530 2791 Tolle,
1559 2757 1637 2791 tolle,
1672 2757 1810 2793 cruciﬂge
