2021 3154
201 188 215 217 1
220 187 278 217 047

583 185 793 217 EUSTA'I‘Hll
815 183 1027 215 THESSALOl

1083 182 1202 212 IENSIS
1227 180 1519 212 ΜΕΤΗΟΡΟΒΙΤλΕ

1832 180 1916 210 1048

200 261 268 280 cum
279 253 299 280 ⁵.
317 263 331 277 »
347 252 389 280 Ibi
419 251 632 280 consideranda
658 251 829 288 duplicatio,
846 250 928 284 tolle,
943 249 1024 282 tolle,

1083 256 1179 284 παρος·
1204 257 1217 273 ιι
1243 246 1287 273 καὶ
1315 258 1328 272 ι(
1352 248 1446 284 Ἆρον,
1478 245 1555 284 ἆρον,
1586 246 1739 283 σταόρωσον
1769 245 1865 274 αὐτόν.
1899 257 1914 271 ι)

200 306 290 334 quae
319 305 454 334 perverso
484 297 604 324 domino
633 298 661 324 et
690 297 861 324 feneratore
891 295 1024 322 daemone

201 343 419 370 commodatum
449 349 603 377 perversus
633 340 762 377 populus
793 340 841 368 ille
873 340 1023 375 impurum

202 395 332 415 crescere
358 386 426 414 fecit
453 386 606 414 talentum.
623 385 674 413 Ille
702 385 822 421 quidem
852 384 940 412 semel
960 383 1024 411 istis

202 432 350 468 suggessit
378 433 411 458 ut
440 431 517 459 noxii
547 431 650 458 ﬁerent
679 430 833 458 Dominicae
863 429 891 457 in
908 436 1023 456 crucem

202 477 408 510 exaltationis;
442 475 492 504 isti
531 483 598 503 vero
628 475 770 502 talentum
799 474 828 502 in
857 476 935 501 terra
968 482 1025 501 non

203 522 416 550 abscondentes
443 528 479 548 ne
507 520 583 556 pigri
616 520 832 548 aestimarentur
861 519 1024 546 faeneratori

204 565 433 601 multiplicatum
460 565 659 601 praebuerunt,
676 572 733 592 non
763 563 850 592 semel
877 564 1024 591 dicentes:

203 610 303 644 Tolle;
339 611 389 638 sed
432 610 631 637 redundanter
664 609 903 644 vociferaverunt,
936 607 1024 642 Tolle,

204 655 283 688 tolle,
301 657 329 682 et
350 654 392 682 sic
418 654 518 682 ﬁdeles
545 662 575 682 se
604 654 796 681 ostenderunt
823 661 922 680 servos
946 660 1027 680 servo

204 699 332 735 pessimo
347 699 397 734 qui
413 708 430 726 ει
445 698 593 726 communi
616 699 737 726 Domino
753 698 938 734 apostatavit,
949 698 1027 724 ideo-

204 752 261 780 que
285 743 340 773 illo
350 743 508 771 ferventius
523 744 558 770 ad
586 743 695 770 malum
710 743 903 778 proficientes.
921 742 1028 770 Exinde

205 789 336 817 animam
366 788 461 816 sortiti
486 790 601 815 acutam
618 788 646 815 in
668 787 769 815 multis
786 787 878 823 iniqui
894 787 1029 815 homines

206 835 274 870 plus
290 841 379 869 quam
395 833 512 861 illorum
538 832 680 868 magister
704 833 827 866 daemon,
844 835 872 860 et
896 834 1030 867 prompte

207 887 224 905 ιι
235 878 353 905 doctore
365 877 483 905 malitia:
497 877 674 913 accipientes
683 877 827 908 ardorem.
836 875 1029 912 sapientiores

207 922 292 955 ﬁunt,
309 924 338 949 et
352 929 386 949 ex
402 921 516 949 modica
543 923 685 956 potestate
704 928 792 956 super
821 921 934 956 majora
960 929 1029 965 con-
1046 933 1070 965 Β

206 966 437 999 stituti,seminis
454 966 569 993 minimi
585 965 712 993 fructum
729 965 847 993 malitia
860 964 1030 1000 centuplum

207 1010 343 1038 reddunt.
359 1012 438 1046 Saepe
464 1012 562 1038 autem
591 1010 756 1038 istiusmodi
785 1009 930 1044 homines,
954 1008 1031 1036 sicut

206 1055 235 1083 in
269 1055 414 1083 sermonis
443 1055 585 1090 principio
623 1055 849 1090 notil’icavimus,
883 1056 912 1082 et
945 1053 1030 1089 plura

205 1107 293 1134 quam
307 1099 364 1127 iste
392 1100 488 1127 animo
518 1107 576 1127 non
604 1099 750 1127 laudando
779 1098 964 1135 excogitant;
988 1100 1026 1131 et,

205 1150 269 1178 quae
282 1143 338 1170 iste
353 1151 406 1170 nec
422 1143 580 1177 cogitasset
603 1143 733 1178 quidem,
750 1142 806 1178 ipsi
822 1151 855 1170 eo
871 1142 1028 1170 deveniunt

204 1187 404 1222 utinveniant,
422 1188 559 1223 pessimis
570 1188 599 1215 in
613 1195 714 1215 eorum
729 1188 866 1215 cordibus
882 1187 1027 1223 pullulan<

203 1232 282 1260 tibus
309 1232 591 1260 ratiocinationibus.
609 1234 642 1259 Et
670 1233 699 1259 in
730 1233 783 1260 hoc
813 1231 885 1259 nihil
906 1240 1024 1265 novum,

203 1276 349 1312 siquidem
367 1285 420 1304 nec
444 1276 582 1312 perfecta,
600 1284 651 1303 nec
679 1284 759 1311 pura,
777 1284 829 1303 nec
848 1279 985 1303 accusata
999 1278 1028 1303 ct

204 1321 383 1349 articulatim
411 1321 575 1356 composita
599 1321 780 1348 daemonibus
805 1321 954 1356 cogitatio,
976 1328 1027 1347 nec

204 1366 395 1403 perspicacia,
414 1375 466 1394 nec
495 1366 608 1402 reliqua
637 1369 753 1400 natura,
771 1369 857 1402 prout
872 1366 968 1394 videre
983 1368 1028 1394 cst

204 1412 234 1440 in
250 1411 364 1439 multis.

240 1457 284 1483 20.
302 1455 339 1483 Ut
363 1455 439 1483 hanc
468 1455 710 1483 contumeliosam
735 1455 876 1483 vilitatem
903 1456 931 1482 et
945 1454 1030 1482 aliter

206 1500 396 1536 objurgantes
409 1508 581 1536 arguamus,
598 1509 655 1528 non
683 1499 869 1528 contumeliis
893 1499 1030 1527 cedentes

204 1544 272 1580 ipsi,
289 1546 341 1573 sed
357 1545 554 1573 detr-actorum
581 1545 642 1573 loco
667 1545 871 1573 erubescentes
897 1546 926 1573 et
947 1544 1034 1572 mise.

205 1589 333 1617 ricordia
364 1590 446 1618 fracti
462 1590 580 1624 horum,
607 1590 657 1625 qui
680 1590 787 1617 nedum
805 1597 885 1617 more
900 1590 1030 1617 humano

204 1634 375 1669 loquantur,
397 1637 429 1662 ut
453 1635 488 1662 dc
517 1635 602 1663 nobis
633 1635 779 1662 ordinavit
803 1637 889 1670 Deus,
903 1635 1029 1670 turpiter

203 1678 312 1706 latratu
328 1679 432 1706 fratres
456 1679 663 1714 insequuntur,
682 1687 739 1707 non
755 1680 915 1707 secundum
931 1679 1026 1706 scien-

206 1723 286 1756 tiam,
304 1724 354 1751 sed
371 1724 532 1752 secundum
550 1724 751 1752 omnimodam
772 1724 1026 1759 adinventionem;

204 1768 414 1795 documentum
442 1771 470 1796 et
492 1769 577 1796 aliter
591 1769 725 1797 instituo.
742 1772 813 1796 Ecce
829 1770 863 1796 ad
882 1769 1028 1803 judicium

204 1813 351 1848 interrogo
363 1813 491 1848 aliquem
504 1822 519 1840 e
531 1813 657 1840 laudatis
670 1817 697 1840 et
706 1816 824 1848 propter
834 1813 889 1840 hoc
901 1814 1004 1841 amatis
1014 1822 1029 1840 ο

206 1857 376 1892 sensatis,et
390 1857 518 1891 aliquem
531 1865 546 1884 e
558 1857 798 1893 vituperabilibns
809 1860 836 1884 et
850 1857 915 1884 ideo
930 1858 1029 1885 vitatis

206 1908 223 1927 δ.
234 1902 310 1927 recte
325 1901 520 1928 sentientibus
535 1909 541 1928 :
560 1909 630 1928 num
647 1900 770 1937 pulchra
785 1901 914 1929 laudatio
925 1902 938 1929 7
954 1901 1028 1929 Dici-

207 1944 244 1971 tis
259 1952 330 1971 sane
341 1943 382 1971 sic
394 1953 454 1971 rem
466 1953 497 1972 sc
511 1945 615 1973 habere
628 1954 633 1979 ;
647 1954 714 1982 ergo
724 1946 833 1973 malum
850 1947 1028 1975 contrarium

205 1988 459 2024 exprobratio.Cur
469 1997 537 2025 ergo
554 1990 708 2026 pulchrum
725 1991 979 2027 prmtermittentes
992 1992 1027 2019 ad

204 2033 316 2061 malum
325 2036 453 2061 mentem
462 2035 736 2071 applicamus?0uid
748 2036 844 2064 adhuc
853 2035 1027 2064 ‘?Pnlchrum

202 2078 360 2114 gratiarum
373 2078 588 2108 actio?Animas
597 2083 709 2108 vestras
721 2081 980 2117 scrutor,bencque
991 2082 1026 2109 ad

202 2123 257 2152 hoc
272 2123 423 2151 ordinatas
440 2124 534 2158 video,
551 2128 691 2161 negantes
709 2133 724 2153 e
748 2128 849 2153 contra
864 2126 900 2153 de
914 2126 1028 2162 ingrato

201 2168 299 2195 animo
315 2168 392 2203 quod
409 2169 448 2196 sit
464 2168 630 2204 pulchrum.
658 2170 751 2202 Quare
766 2178 834 2206 ergo
851 2178 907 2198 non
923 2171 1029 2198 erube-

204 2214 291 2240 scunt
307 2212 414 2248 ingrati
431 2213 533 2246 animi,
548 2214 655 2241 Judam
671 2214 821 2242 imitantes
836 2215 885 2250 qui
900 2217 959 2241 tam
972 2214 1027 2242 vile

201 2264 308 2284 nomen
326 2258 414 2292 prout
429 2257 548 2285 decebat
564 2258 765 2286 haereditavit?
780 2259 832 2287 Sed
851 2259 936 2286 obolo
951 2258 1026 2286 valc-

1079 294 1161 324 Ἕνθα
1185 293 1338 327 σκοπητὲον
1363 293 1393 319 τὸ
1419 291 1561 328 δίπλασμα
1585 294 1632 319 τοῦ
1648 303 1662 318 ‹‹
1684 293 1782 329 Ἀρον,
1799 291 1878 328 ἆρον,
1897 302 1912 316 n

1079 335 1161 364 δι’οὗ
1176 339 1215 372 τῷ
1238 339 1353 374 πονηρῷ
1380 335 1497 373 δεσπότῃ
1526 336 1571 364 καὶ
1602 335 1727 373 δανειστῇ
1757 335 1871 371 δαίμονι
1899 336 1914 362 ὁ

1079 382 1200 418 πονηρὸς
1216 381 1281 412 λαὸς
1298 382 1399 413 ἐκεῖνος
1418 381 1449 408 τὸ
1473 380 1638 408 ἐκδανεισθὲν
1664 378 1797 415 κίϐδηλον
1825 379 1915 415 ἐπηύ-

1081 427 1145 463 ξησε
1171 425 1301 453 τάλαντον
1319 448 1325 455 .
1357 426 1387 454 Ὁ
1415 426 1462 462 μὶν
1489 427 1539 464 γάρ
1565 425 1687 460 καθάπαξ
1715 424 1830 456 ἐκείνοις
1862 425 1916 452 ὑπ-

1082 469 1177 498 έϐαλεν
1210 471 1356 506 ἀξιωθῆναι
1385 471 1434 505 τὴν
1465 471 1600 508 Κυριακὴν
1635 469 1680 497 ἐπὶ
1708 472 1756 497 τοῦ
1793 471 1916 507 σταυροῦ

1083 513 1169 552 ἄρσιν
1200 515 1225 542 οἱ
1253 514 1282 542 ὂὶ
1313 516 1351 551 μή
1377 515 1585 552 καταχώσαντες
1599 515 1630 541 τὸ
1651 513 1768 549 δάνειον,
1800 515 1840 550 μή
1869 514 1917 541 καὶ

1084 559 1194 598 ὀκνηροὶ
1219 560 1388 596 νομισθῶσι,
1410 562 1450 596 τῷ
1474 558 1655 587 ἐκδανείσαντι
1685 558 1918 586 ἐπολλαπλασία-

1084 615 1142 638 σαν,
1172 604 1221 632 οὑκ
1250 604 1360 641 εἰσάπαξ
1391 604 1510 635 εἷ’πόντες
1550 605 1636 642 ἆρον,
1676 603 1749 630 ἀλλὰ
1777 605 1919 640 περισσῶς

1083 649 1237 685 κράξαντες·
1266 650 1342 685 ἆρον,
1383 650 1458 686 ἄρον,
1488 649 1534 676 καὶ
1563 648 1634 676 οὕτω
1663 648 1755 675 πιστοὶ
1785 648 1919 685 φανέντες

1084 693 1185 720 οἰκέται
1215 694 1395 730 πονηροτάτῳ
1425 692 1529 730 δούλῳ,
1558 693 1588 720 ἐκ
1602 695 1650 720 τοῦ
1665 695 1758 720 κοινοῦ
1775 693 1918 720 Δεσπὸτου

1084 738 1310 773 ἀποστατήσαντι.
1347 738 1391 765 καὶ
1427 736 1463 765 δι’
1501 738 1565 765 αὐτὸ
1606 737 1765 775 θερμότεροι
1806 736 1918 764 ἐκείνου

1084 780 1249 814 ἀπεκϐάντις
1278 783 1345 821 πρὸς
1373 783 1404 810 τὸ
1429 782 1511 810 κακόν
1531 805 1537 811 .
1570 782 1645 810 Ἐπεὶ
1673 782 1718 810 καὶ
1748 781 1856 820 εὐφυεῖς
1889 782 1916 809 ἐν

1085 827 1202 858 πολλοῖς
1218 827 1244 854 οἱ
1259 827 1337 854 κακοὶ
1353 826 1491 865 ἄνθρωποι
1520 827 1603 854 πλέον
1619 825 1690 864 ἥπερ
1713 827 1726 854 ὁ
1747 825 1917 858 διδάσκαλος

1086 872 1172 900 αὐτῶν
1197 870 1315 908 δαίμων,
1341 871 1386 899 καὶ
1411 872 1543 910 βραχεῖαν
1567 871 1596 899 ἐκ
1622 874 1670 899 τοῦ
1704 874 1837 910 σοφιστοῦ
1862 875 1917 906 τῆς

1084 917 1180 947 κακίας
1210 914 1339 947 λαϐόντες
1369 916 1508 955 ἀφορμὴν,
1545 917 1696 955 σοφώτεροι
1722 915 1858 953 γίνονται,
1891 917 1918 951 ἐξ

1086 960 1226 998 ὀλιγίστης
1240 961 1330 999 ἀρχῆς
1350 961 1388 992 εἷς
1406 961 1518 998 μέγιστα
1533 961 1730 998 προαγόμενοι,
1759 960 1804 988 καὶ
1836 962 1919 999 σπέρ-

1086 1016 1170 1042 ματος
1195 1004 1317 1043 ἀμυδροῦ
1341 1005 1443 1042 καρπὸν
1464 1005 1559 1037 κακίας
1586 1005 1730 1043 πολύχουν
1760 1003 1919 1032 ἀντιδιδόν-

1082 1061 1136 1082 τες.
1161 1049 1312 1088 Πολλαχοῦ
1337 1049 1366 1077 δὶ
1387 1050 1412 1077 οἱ
1427 1052 1558 1085 τοιοῦτοι,
1587 1049 1657 1082 καθὰ.
1688 1049 1734 1077 καὶ
1765 1049 1919 1088 φθάσαντες

1083 1095 1177 1122 άνόπιν
1195 1094 1279 1132 λόγου
1310 1093 1536 1131 ὑπεδηλώσαμεν,
1566 1095 1612 1122 καὶ
1638 1094 1749 1122 πλεῖόνν
1763 1104 1791 1122 τι
1807 1093 1917 1122 ἐκείνου

1082 1139 1250 1167 ἐπινοοῦνται
1272 1139 1341 1166 κατὰ
1368 1139 1418 1167 οὐκ
1439 1138 1580 1174 ἐπαινετὴν
1599 1140 1750 1177 περίνοιαν·
1771 1139 1817 1166 καὶ
1842 1140 1915 1176 ἅπερ

1081 1183 1184 1216 ἐκεῖνος
1216 1184 1265 1211 οὐκ
1293 1183 1453 1220 ἐννοήσηται
1482 1183 1532 1221 ἃν,
1561 1183 1637 1212 αὐτοὶ
1674 1185 1913 1221 περιιργάζονται,

1081 1231 1208 1266 πονηρῶν
1242 1230 1385 1267 λογισμῶν
1414 1226 1612 1256 ἀναϐαινόντων
1637 1228 1662 1256 ἐν
1694 1232 1753 1260 ταῖς
1783 1228 1914 1266 καρδίαις

1080 1274 1181 1302 αὐτῶν.
1198 1274 1246 1301 Kal
1261 1273 1353 1301 καινόν
1368 1285 1395 1301 τι
1410 1276 1490 1301 τοῦτο
1503 1272 1592 1310 οὐδὲν,
1610 1273 1636 1301 εἴ
1648 1284 1680 1323 γε
1705 1273 1756 1301 οὐκ
1785 1273 1914 1308 ἐντελὴς,

1082 1318 1144 1346 οὑδὲ
1159 1319 1308 1357 ἀκραιφνὴς
1320 1319 1365 1346 καὶ
1381 1317 1496 1357 ἀκριϐής
1512 1319 1556 1347 καὶ
1572 1317 1766 1357 διηρθρωμένῃ
1783 1322 1842 1351 τοῖς
1855 1318 1916 1346 δαί-

1084 1375 1162 1400 μοσιν
1185 1365 1203 1399 ἡ
1225 1365 1328 1400 νοήσις,
1354 1363 1418 1391 οὔτε
1439 1365 1456 1399 ὴ
1474 1363 1627 1402 διορατική,
1645 1362 1706 1392 οὕτε
1721 1365 1739 1399 ὴ
1757 1363 1858 1399 λοιπή,
1875 1365 1916 1396 ὡς

1084 1407 1168 1444 δῆλον
1182 1409 1296 1446 πέφηνεν
1311 1409 1341 1436 ἐκ
1354 1407 1479 1443 πολλῶν,

1119 1454 1152 1482 κ’.
1167 1454 1224 1482 Ἵνα
1240 1452 1268 1480 δὲ
1282 1453 1331 1487 τὴν
1359 1451 1518 1490 ὑϐριστικὴν
1545 1453 1734 1493 φαυλοτομίαν
1755 1453 1803 1482 καὶ
1818 1452 1916 1485 ἄλλως

1085 1496 1378 1536 παραδειγματίσαντες
1415 1497 1608 1536 ἀπελέγξωμεν
1628 1521 1635 1533 ,
1682 1498 1738 1536 οὐχ
1781 1495 1918 1536 ὑϐριοπα-

1087 1543 1195 1573 θοῦντες
1223 1542 1310 1577 αὐτοὶ,
1341 1542 1414 1570 ἀλλὰ.
1434 1545 1487 1570 τῶν
1515 1540 1648 1581 ὑϐριστῶν
1678 1542 1919 1581 ὑπεραισχυνόμι-

1086 1598 1140 1622 νοι,
1171 1587 1215 1614 καὶ
1243 1586 1380 1618 ἐλεοῦντες
1409 1587 1516 1623 αὐτοὺς,
1547 1586 1620 1624 εἴπερ
1654 1587 1711 1615 ἀντὶ
1741 1590 1790 1615 τοῦ
1820 1586 1920 1615 λαλεῖν

1086 1631 1274 1670 ἀνθρωπίνως,
1305 1632 1342 1663 ὡς
1367 1632 1382 1660 ὁ
1407 1631 1470 1663 Θεὸς
1494 1633 1568 1669 ἡμᾶς
1583 1629 1681 1668 ἔταξεν,
1698 1633 1755 1659 εἶτα
1773 1631 1917 1669 βαΰζουσι.

1081 1676 1313 1708 καθυλακτοῦντες
1348 1679 1402 1704 τῶν
1439 1675 1586 1715 ἀδελφῶν,
1616 1677 1665 1704 ὅσα
1696 1675 1767 1713 μηδὲ
1798 1675 1916 1712 οἴδασιν,

1082 1720 1155 1749 ἀλλὰ
1183 1721 1344 1758 πανούργως
1360 1720 1536 1749 πλάττονται·
1553 1720 1690 1758 μεθοδεόω
1705 1722 1756 1756 τὴν
1784 1720 1914 1749 διδασκα-

1083 1765 1143 1794 λίαν
1173 1766 1217 1793 καὶ
1244 1765 1348 1797 ἄλλως.
1379 1765 1449 1795 Ἰδοὺ
1479 1766 1572 1803 ἐρωτῶ
1602 1767 1670 1804 πρὸς
1686 1765 1825 1804 ὃιάκρισίν
1855 1778 1916 1795 τινα

1082 1813 1135 1838 τῶν
1164 1822 1193 1838 τε
1222 1810 1421 1847 ἐπαινούμενων
1450 1810 1495 1838 καὶ
1518 1810 1554 1838 δι’
1568 1811 1634 1839 αὐτὸ
1655 1810 1833 1848 φιλουμένων
1856 1814 1916 1842 τοῖς

1083 1854 1222 1894 ἐχέφροσι,
1252 1855 1296 1882 καὶ
1318 1858 1371 1882 τῶν
1396 1856 1515 1892 ψεκτέων
1540 1856 1585 1883 καὶ
1604 1854 1648 1883 διὰ
1662 1857 1743 1883 τοῦτο
1774 1857 1915 1894 φευγομέ-

1083 1910 1134 1926 νων
1149 1902 1207 1930 τοῖς
1231 1900 1298 1937 ὀρθὰ
1321 1902 1476 1938 φρονοῦσιν·
1503 1899 1554 1938 ἄρά
1576 1911 1607 1937 γε
1628 1900 1712 1928 καλὸν
1739 1900 1753 1927 ὁ
1781 1899 1914 1936 ἕπαινος;

1084 1944 1195 1982 Ἐρεῖτε,
1222 1945 1328 1975 πάντως
1357 1944 1442 1976 οὕτως
1471 1941 1544 1983 ἔχειν
1571 1945 1602 1973 τὸ
1630 1948 1755 1983 πρᾶγμα·
1778 1945 1825 1973 καὶ
1856 1946 1915 1973 τοί-

1083 1999 1128 2015 νυν
1153 1989 1233 2016 κακὸν
1263 1989 1294 2015 τὸ
1323 1988 1442 2016 ἐναντίον
1472 1990 1486 2016 ὁ
1515 1989 1612 2026 ψόγος.
1640 1989 1670 2016 Τί
1698 1988 1745 2016 οὖν
1773 1990 1806 2017 τὸ
1828 1989 1914 2018 καλὸν

1084 2033 1216 2071 ἀφιιντες,
1241 2033 1308 2070 πρὸς
1337 2035 1377 2069 τῷ
1404 2035 1479 2069 κακῷ
1507 2032 1607 2071 ἔχομεν
1623 2034 1668 2061 τὸν
1690 2034 1774 2068 νοῦν;
1803 2034 1834 2062 Τί
1865 2033 1914 2069 δές

1083 2077 1166 2104 καλὸν
1204 2078 1222 2111 ἡ
1261 2077 1436 2115 εὐχαριστία;
1476 2078 1648 2114 Παρακύπτω
1677 2077 1715 2108 εἰς
1743 2079 1793 2110 τὰς
1821 2080 1914 2116 ψυχὰς

1083 2121 1171 2158 ὑμῶν,
1188 2121 1232 2148 καὶ
1251 2122 1344 2159 βλέπω
1359 2122 1570 2158 κατατιθεμένας
1599 2122 1680 2153 αὐτὰς
1695 2123 1740 2150 καὶ
1764 2123 1804 2154 εἷς
1819 2125 1913 2158 τοῦτο,

1082 2166 1260 2197 ἀνανευοόσας
1289 2165 1318 2193 δὲ
1341 2166 1437 2194 αὐτίκα
1463 2166 1500 2198 εἲς
1524 2167 1556 2194 τὸ
1581 2168 1630 2202 τὴν
1656 2167 1819 2205 ἀχαριστίαν
1845 2169 1912 2196 εἶναι

1081 2211 1176 2239 καλόν.
1203 2211 1277 2238 Διατί
1300 2211 1389 2238 τοίνυν
1413 2211 1464 2238 οὐκ
1485 2210 1623 2239 αἰδοῦνται
1638 2212 1664 2239 οἱ
1679 2211 1838 2250 ἀχάριστοι,
1864 2213 1913 2239 τὸν

1083 2255 1185 2283 Ἰούδαν
1212 2255 1380 2290 ζηλοῦντες,
1413 2256 1442 2287 ’ὸς
1473 2256 1679 2294 ἰκληρονόμησε
1702 2259 1752 2284 τοῦ
1782 2257 1910 2284 τοιούτου

201 2301 252 2328 bat
267 2301 371 2337 gratia,
390 2301 514 2338 inquies,
532 2312 547 2330 (ι
571 2303 684 2338 ingrate
709 2303 816 2331 anime.
834 2305 868 2330 Et
889 2303 939 2330 tali
955 2312 1026 2339 pon-

1084 2300 1189 2338 φαύλου
1213 2300 1348 2337 ὀνόματος
1369 2303 1427 2328 κατ’
1451 2300 1604 2338 ἐξαίρετον;
1635 2300 1722 2329 Ἀλλὰ
1747 2299 1851 2330 ὀϐολοῦ
1873 2302 1907 2335 ἦν

202 2345 270 2373 dere
283 2345 410 2381 teipsum
420 2347 622 2381 appende,non
637 2349 732 2375 solum
744 2356 826 2383 aequa
840 2347 922 2376 lance
931 2350 1028 2376 tecum

203 2390 398 2424 ponderatum
438 2391 547 2426 pariter
586 2392 726 2426 invenies,
757 2393 807 2420 scd
844 2394 872 2419 et
904 2393 1029 2429 graviter

204 2436 389 2468 praestantem
415 2435 546 2464 obolum.
563 2437 597 2464 Et
625 2437 666 2464 sic
695 2445 752 2464 non
781 2437 901 2473 indigne
930 2437 995 2472 fert,
1012 2446 1027 2465 0

203 2477 289 2505 homo
302 2478 355 2512 (ita
380 2480 580 2516 appretiande)
606 2480 689 2508 nihili
710 2481 789 2517 paris
817 2482 955 2517 ponderis
977 2486 1028 2518 qui

201 2520 310 2548 donum
339 2523 484 2558 recepisti,
514 2525 675 2560 praesertim
701 2525 724 2553 si
761 2526 880 2553 omnino
910 2525 1027 2553 divitem

201 2565 305 2594 mundi
329 2566 481 2596 dominum
504 2570 690 2604 conspexeris
714 2572 804 2597 Deum
822 2570 943 2598 minutis
959 2570 1029 2598 duo-

197 2611 254 2639 bus
270 2612 440 2639 contenlum
463 2615 491 2640 et
519 2616 599 2648 grate
628 2615 775 2648 allectum,
793 2623 846 2642 nec
875 2615 1028 2650 parvipen-

197 2657 314 2684 dentem
340 2664 392 2684 nec
416 2656 509 2684 viduae
534 2663 716 2687 aversantom
739 2667 860 2686 manum
878 2667 936 2695 qua
952 2660 1029 2687 dona

197 2710 286 2737 parva
300 2701 356 2737 ipsi
374 2702 523 2737 proposita
550 2706 628 2739 sunt,
656 2713 712 2731 non
739 2704 852 2731 minuta
869 2704 1027 2732 testimanti

198 2746 331 2774 mulieris
349 2745 572 2782 munusculum,
598 2749 648 2776 sed
675 2748 896 2785 simplicitatem
914 2751 942 2776 et
957 2757 1027 2776 con-

197 2790 364 2823 gruentiam
380 2791 476 2827 ipsius
492 2792 686 2820 benedicenti.

234 2852 245 2868 ⁵
257 2852 342 2881 Joan.
358 2861 415 2889 xxx,
431 2856 459 2889 6,

1083 2345 1142 2380 ἀξία
1155 2346 1172 2380 ἡ
1197 2346 1289 2383 χάρις,
1315 2344 1397 2384 φαίης
1422 2345 1463 2380 ἂν,
1490 2346 1512 2372 ὦ
1528 2345 1670 2383 ἀχάριστε.
1687 2345 1737 2373 Καὶ
1753 2346 1910 2383 στάθμησον

1082 2390 1173 2417 ἑαυτὸν
1205 2389 1327 2422 ἐνταῦθα·
1366 2390 1410 2418 καὶ
1450 2389 1514 2421 ἴσως
1550 2391 1673 2427 εὑρήσεις
1709 2390 1759 2418 οὐκ
1797 2391 1909 2425 ἀντιση-

1082 2437 1177 2462 κοῦντα
1208 2434 1289 2470 μόνον
1319 2434 1363 2462 ἐπὶ
1393 2434 1445 2468 σοὶ,
1474 2433 1546 2462 ἀλλὰ
1574 2435 1619 2462 καὶ
1640 2433 1809 2463 καθέλκοντα
1836 2435 1908 2473 ῥοπῇ

1085 2480 1180 2517 βαριίᾳ
1192 2479 1236 2506 τὸν
1265 2477 1376 2508 ὀϐολόν.
1402 2478 1451 2506 Καὶ
1468 2479 1554 2511 οὕτως
1569 2479 1619 2506 οὐκ
1633 2478 1662 2506 ἃν
1694 2478 1867 2518 δυσχερανεῖς
1895 2481 1909 2507 δ

1084 2523 1184 2561 (θετέον
1201 2524 1299 2561 οὕτως)
1313 2521 1465 2559 ὁϐολιαῖος,
1482 2523 1628 2562 ἰσόρροπον
1645 2522 1717 2561 ἔχων
1733 2523 1848 2563 δωρεὰν,
1862 2524 1909 2552 καὶ

1086 2567 1206 2605 μᾶλλον,
1224 2569 1247 2596 εἰ
1267 2569 1495 2606 προσενθυμηθῇς
1518 2569 1563 2596 τὸν
1587 2567 1782 2605 παμπλούσιον
1807 2579 1910 2605 κοσμο-

1083 2612 1215 2648 δεσπότην
1232 2615 1295 2641 Θεὸν
1312 2612 1422 2645 λεπτοῖς
1439 2612 1513 2641 δυσὶν
1530 2613 1702 2651 ἀρκεσθέντα,
1723 2614 1768 2641 καὶ
1792 2614 1910 2652 χαρέντα

1083 2659 1124 2686 καὶ
1143 2659 1180 2694 μὴ
1197 2657 1422 2693 ἐξουδενώσαντα,
1441 2657 1511 2695 μηδὲ
1524 2658 1574 2692 τήν
1589 2661 1638 2692 τῆς
1655 2661 1747 2696 χήρας
1776 2659 1910 2696 ἀποπρα-

1082 2703 1163 2741 φὲντα
1178 2706 1269 2740 χεῖρα,
1287 2701 1321 2730 δι’
1345 2704 1378 2738 ἧς
1405 2702 1493 2740 δωρεά
1508 2702 1610 2741 σμικρά
1624 2704 1758 2741 προετέθη
1775 2703 1857 2739 αὐτῷ,
1875 2703 1908 2731 οὐ

1082 2746 1315 2784 λεπτολογήσαντι
1338 2747 1370 2775 τὸ
1394 2747 1581 2785 σμικρολόγον
1604 2751 1656 2782 τῆς
1680 2748 1818 2785 γυναικὸς,
1842 2746 1907 2775 ἀλλ’

1082 2791 1258 2830 εὐλογήσαντι
1286 2791 1317 2819 τὸ
1347 2792 1392 2819 καὶ
1417 2792 1520 2820 ἀπλοῦν
1550 2792 1655 2827 ἐκείνης
1679 2793 1724 2820 καὶ
1751 2791 1905 2830 εὔγνωμον.
