2026 3156
120 215 137 245 l
144 217 208 246 049

157 282 211 308 κα’.
239 281 298 309 Ἔτι
329 282 554 318 προσεπερωτῶ¹

119 325 260 359 οεύειν,ἢ
289 323 453 361 ψεύδεσθαι;
476 323 555 352 Ἀλλ’
585 323 696 351 ἐνταῦθα
724 322 773 350 οὐκ
801 322 954 360 ἀνέχεταιὸ

117 371 203 405 Θεὸς,
220 371 238 404 ἡ
255 369 450 404 αὐτοαλήθεια,
468 368 614 405 σκέψασθαι
633 368 701 404 ὑμᾶς
720 368 768 401 τήν
800 367 955 405 ἀπόκρισιν,

121 414 193 442 ἀλλ’
210 414 354 451 οὐρανόθεν
387 414 437 451 βοᾷ
466 412 702 448 ἐξάκουστον·καὶ
731 412 809 448 ὑμεῖς
836 410 956 444 ἀκούετε,

116 459 168 486 καὶ
199 458 338 486 πιστεύετε
363 459 412 492 τὴν
443 456 572 492 ἀλήθειαν
597 457 757 494 ἐπίπροσθεν
773 457 850 491 εἶναι,
866 453 956 492 ὥσπερ

117 505 174 531 τοῦ
192 502 419 539 δαίμονος,οὕτω
444 501 488 529 καὶ
517 504 566 529 τοῦ
592 501 693 529 ἐκεῖθεν
721 502 805 528 κοικοῦ
833 499 956 538 ἐκγόνου,

117 550 176 575 τοῦ
206 546 360 584 ψεύδεσθαι.
388 546 421 575 Ei
449 548 512 584 γοῦν
543 547 640 584 ἀγαθὸν
670 546 687 580 ἠ
714 545 838 580 ἀλήθεια,
854 544 880 572 τί
909 546 956 571 τοῦ

118 591 245 630 ψεύδους
261 591 402 628 γινόμεθα,
417 591 462 618 καὶ
492 590 522 618 οὐ
551 590 635 627 λέγω,
651 592 698 617 τοῦ
726 589 750 616 ἐν
770 589 873 627 ῥήμασι
905 588 956 624 μό-

118 647 199 673 νοις,
216 635 289 664 ἀλλὰ
311 636 358 663 καὶ
375 638 424 663 τοῦ
452 635 478 663 ἐν
508 634 598 673 ἔργοις
627 636 666 666 ὡς
689 634 826 671 μάλιστα;
843 634 891 668 Μὴ
907 633 956 671 γάρ

123 693 170 712 τις
192 681 301 715 οἰέσθω,
318 680 344 708 ἐν
363 681 457 716 μόνοις
474 680 567 718 λόγοις
593 679 805 718 περιγεγράφθαι
836 679 866 706 τὸ
893 680 956 715 ψεῦ-

124 725 185 758 δος·
202 724 265 753 ἀλλ’
296 725 450 760 ἐπιστήμην
482 725 569 762 ἐχέτω
598 724 652 762 οὐχ
679 724 777 758 ἥκιστα
806 723 849 750 καὶ
867 721 958 760 ἔργοις

124 773 188 801 τοῖς
226 770 286 797 κατ’
312 768 452 808 ἄνθρωπον
494 768 705 807 ἐγκατεσπάρθαι
745 768 776 795 τὸ
805 766 956 804 ψεύδεσθαι.

126 815 180 843 Καὶ
213 814 303 852 ὥσπερ
329 824 371 845 τις
397 813 570 852 εὐτροπὲλως
599 813 643 841 καὶ
682 811 776 848 δεξιῶς
812 811 956 850 ἐθεώρησε,

126 860 178 887 τὸν
197 859 324 886 σόλοικον
339 858 482 896 ἄνθρωπον
497 859 548 886 οὐκ
564 858 590 886 ὲν
608 858 682 895 μόνῳ
694 860 734 894 τῷ
752 857 845 886 λαλεῖν
861 857 879 891 ἢ
894 857 958 894 γρά-

127 914 190 943 φειν
219 903 402 935 ἐνδείκνυσθαι
430 904 461 930 τὸ
489 904 548 930 κατ’
578 903 657 930 αὐτὸν
687 902 840 941 ἐφάμαρτον
865 904 956 937 τοῦτο,

127 947 204 976 ἀλλά
238 947 283 974 καὶ
319 947 523 984 ἐγκατανεύσεσι
563 947 608 974 καὶ
645 945 796 974 ἀνανεύσεσι
832 946 876 973 καί
903 955 957 972 τισι

125 992 278 1022 τοιούτοις’
297 991 366 1019 οὕνω
381 992 426 1019 καὶ
455 992 504 1026 τὴν
527 991 660 1028 ἁμαρτίαν
684 993 733 1018 τοῦ
755 989 870 1027 ψεύδους
899 989 955 1018 ἔστι

126 1039 202 1064 νοεῖν
232 1036 414 1073 μεριζομὲνην
444 1035 482 1067 ε’ἷς
515 1046 544 1063 τε
565 1034 761 1073 ψευδολογίαν,
776 1034 821 1062 καὶ
849 1034 887 1066 εἷς
917 1034 955 1066 ὠς

129 1080 219 1111 οὕτως
249 1080 334 1107 εἴπεῖν
377 1079 586 1117 ψευδοπραξίαν.
615 1081 659 1111 Ὠς
697 1079 748 1117 γὰρ
787 1078 912 1116 ψεύδεται
942 1080 957 1106 6

131 1124 208 1153 ἄλλα
224 1125 271 1160 μὶν
287 1125 429 1163 προφέρω-ι
451 1124 584 1162 χείλεσιν,
600 1123 673 1152 ἄλλα
693 1123 722 1152 δὲ
747 1123 956 1162 βυσσοδομεύων

132 1169 204 1196 κατὰ
232 1169 336 1207 ψυχὴν,
358 1169 403 1196 καί
429 1169 590 1207 ἀσύμφωνον
619 1168 715 1197 λαλιὰν
746 1168 871 1206 προάγων
901 1171 958 1199 τοῖς

135 1211 388 1251 ἐνδῠμυχουμὲνοις
403 1214 548 1250 νοήμασιν,
566 1214 597 1241 οὗ
620 1212 652 1248 δὴ
678 1213 849 1252 φαυλοτάτου
878 1213 958 1250 σπέρ-

136 1267 221 1292 ματος
237 1258 450 1296 πρωτογέωργος
466 1259 479 1285 6
494 1260 552 1289 τοῖς
568 1257 714 1295 γενάρχαις
734 1258 814 1294 ἡμῶν
848 1255 959 1284 ἐπιϐου-

133 1300 311 1338 λευσάμενος·
343 1301 414 1329 οὕτω
442 1302 487 1329 καὶ
517 1303 530 1329 6
559 1303 684 1339 πράττων
722 1302 768 1338 μὲν
810 1302 897 1339 ἀγαθά
932 1301 958 1329 ἐν

134 1346 325 1383 προσχήματι,
340 1347 515 1383 τεχνώμενος
538 1344 567 1373 δὲ
593 1345 637 1373 διὰ
664 1349 713 1380 τῆς
744 1344 877 1381 δοκούσης
898 1345 960 1384 ἀρι-

135 1390 297 1427 στοπραξίας
313 1391 346 1417 τὰ
361 1389 387 1417 ἐν
400 1390 503 1428 ὑστέρῳ
523 1390 657 1428 χείριστα.

169 1434 223 1472 κβ“.
240 1435 290 1461 Καὶ
306 1435 477 1473 προκατῆρξε
502 1435 548 1471 μὶν
573 1437 658 1462 κακοῦ
684 1434 810 1462 τοιούτου
834 1436 848 1462 ὁ
876 1434 958 1472 φιλή-

135 1489 182 1510 σας
201 1479 338 1515 μαθητὴς,
356 1480 411 1506 εἶτα
431 1477 549 1516 προδοὺς
574 1479 620 1507 τὸν
653 1479 803 1517 ὑπέρσοφον
828 1478 960 1506 Διδάσκα-

134 1522 193 1551 λον.
222 1523 388 1560 Μιμούμεθα
413 1521 441 1550 δὲ
457 1521 711 1560 φαυλοδιδάσκαλον
735 1523 834 1551 ἐκεῖνον
857 1524 902 1551 καὶ
933 1525 959 1551 οἱ

131 1569 200 1604 πρὸς
215 1568 296 1595 αὑτὸν
323 1567 530 1604 ἐξομοιούμενοι
543 1571 603 1599 ταῖς
628 1569 770 1605 μιμήσεσι.
787 1569 882 1596 Φιλεῖν
907 1569 958 1606 γάρ

131 1622 197 1640 ποτε
223 1612 268 1639 καὶ
295 1611 373 1640 αὐτοὶ
401 1611 546 1649 δοκοῦμεν,
575 1614 788 1650 προσκυνοῦντες
821 1613 868 1649 μὲν
897 1623 958 1640 συν-

133 1659 267 1691 αντῶντα,
296 1657 341 1684 καὶ
376 1655 472 1695 ἱλαρὸν
510 1656 751 1695 προσμειδιιῖιντες,
779 1657 825 1684 καὶ
862 1652 993 1695 χειρα-(Ῑ

133 1703 294 1739 γωγοῦντες,
326 1700 349 1729 εἳ
375 1711 427 1728 που
467 1700 568 1737 δεήσει,
598 1701 643 1728 καὶ
685 1700 885 1739 ποδηγοῦντες,
914 1702 959 1729 καὶ

134 1745 366 1783 ἐπιχορηγοῦντες
392 1746 426 1773 τὰ
455 1745 633 1773 ἱλλείποντα·
653 1746 748 1783 μικρὸν
766 1744 795 1773 δὲ
824 1746 885 1773 ὅσον
914 1746 959 1774 καὶ

135 1790 236 1818 τούτων
278 1790 385 1817 πάντων
430 1789 667 1826 ἐκλανθανόμενοι,
705 1791 738 1818 τὰ
774 1789 838 1828 ἔργα
872 1790 960 1818 ἐκεῖνα

135 1834 299 1871 ψευδόμεθα,
340 1835 605 1872 πανουργευσάμενοι
653 1834 717 1866 τοὺς
754 1834 958 1870 πιστεύσαντας,

136 1878 198 1905 ὡσεὶ
224 1879 268 1905 καὶ
297 1877 415 1916 ὅρνιοας,
433 1878 478 1909 οὒς
503 1879 528 1906 οἱ
559 1879 673 1915 θηραταὶ
690 1879 842 1914 ἀλίσκουσι,
857 1879 959 1918 θέλγη-

137 1933 184 1959 τρα
213 1923 266 1959 πρὸ
294 1925 348 1951 τῶν
378 1921 502 1961 παγίδων
540 1923 688 1960 τιθέμενοι.
718 1924 767 1951 Καὶ
807 1924 895 1952 τοίνυν
924 1927 958 1962 τῇ

135 1967 250 2000 ὶντιΰθεν
301 1967 452 2005 κακουργίᾳ
498 1967 562 1999 τοὺς
616 1968 662 2004 μὲν
706 1970 960 2005 προσκυνουμενους

134 2011 248 2044 ἐκείνους
277 2011 387 2049 ἄραντες
416 2015 470 2039 τῶν
502 2012 617 2047 σκελῶν,
644 2012 880 2051 καταρῥιπτοῦμεν
921 2014 959 2045 εἷς

135 2055 264 2095 ὄλεθρον·
294 2056 358 2087 τοὺς
386 2055 415 2084 δὲ
443 2055 643 2095 τεθαρρηκότας
665 2057 705 2093 τῷ
735 2056 892 2094 μειδιάματι
921 2058 958 2090 ὡς

135 2102 188 2129 οἷον
215 2100 433 2138 καταγελαστοὺς
462 2099 645 2137 διατιθέμεθα.
672 2100 723 2132 Οὓς
753 2101 782 2129 δὲ
810 2104 864 2129 τῶν
897 2112 957 2140 χει-

136 2149 184 2183 ρῶν
213 2146 328 2184 ἤγομεν,
359 2146 547 2185 ὑπερείδοντες
579 2144 829 2184 ἀποστρεϐλοῦμιν,
850 2147 867 2182 ἢ
898 2158 958 2175 συν-

137 2190 238 2222 δέοντες
253 2191 346 2227 αὐτὰς,
367 2192 384 2227 ἢ
409 2191 502 2222 ἄλλως
525 2191 724 2229 ἐξαρθροῦντες.
741 2192 794 2226 Τήν
818 2191 846 2219 δὲ
874 2191 960 2228 ποδη-

136 2236 191 2274 γὶαν
221 2236 258 2268 εἷς
288 2236 395 2271 πλάνην
426 2235 526 2263 ἄτοπον
568 2237 780 2273 μεταποιοῦμεν,
810 2237 956 2274 παρεκνεύ-

137 2291 207 2312 οντες
237 2283 288 2315 τῆς
320 2280 413 2317 ὀρθῆς·
430 2281 461 2308 τὸ
491 2280 519 2308 δὲ
544 2284 676 2319 χορηγεῖν
705 2281 738 2308 τὰ
767 2279 900 2317 ἐνδέοντα,
921 2281 959 2314 εἱς

639 213 829 243 EPiSTOLA
852 212 902 242 AD
924 211 1331 242 THESSALONICENSES.

584 278 698 316 πότερον
727 277 841 306 κάλλιον
847 300 853 312 ,
883 276 952 312 ἀλη-

1044 277 1090 305 21.
1105 277 1207 305 Adhuc
1235 277 1393 314 interrogo,
1410 279 1509 305 utrum
1540 276 1706 313 pulchrius,
1727 277 1834 305 verita-

1754 209 1852 242 1050‘

1009 326 1107 352 temne
1131 332 1166 351 an
1197 323 1384 352 mendacium
1410 323 1507 351 dicere
1519 323 1533 350 ‘I
1548 324 1602 351 Sed
1627 323 1677 351 hic
1692 331 1750 351 non
1764 323 1835 351 sinit

1009 368 1097 402 Deus,
1112 367 1222 395 veritas
1248 368 1324 404 ipsa,
1349 376 1480 404 querere
1506 376 1556 396 vos
1580 375 1766 403 responsum,
1783 368 1834 396 sed

1010 413 1045 440 de
1060 412 1130 440 coelo
1155 412 1262 440 clamat
1285 412 1363 440 clara
1391 420 1479 440 voce:
1497 414 1526 440 et
1547 420 1597 440 vos
1613 413 1712 440 audite
1728 415 1756 440 et
1770 421 1833 441 cre-

1011 457 1070 485 dite
1102 458 1138 485 ob
1169 457 1269 485 oculos
1301 460 1415 485 vestros
1449 457 1575 493 positam
1609 457 1774 491 veritatem,
1807 459 1835 485 et

1011 501 1103 529 solius
1132 500 1274 528 daemonis
1302 509 1367 528 esse
1396 501 1562 537 pariterque
1589 500 1654 536 ejus
1678 501 1760 536 pravi
1781 501 1834 529 filii

1011 545 1199 573 mendacium
1228 545 1333 572 dicere.
1364 545 1394 572 Si
1417 552 1486 581 ergo
1515 545 1624 572 bonum
1654 545 1772 580 veritas,
1788 545 1834 573 cui

1011 590 1156 618 mendacii
1171 590 1224 617 ﬁlii
1239 589 1338 623 ﬁmus,
1356 598 1413 617 non
1443 589 1506 617 dico
1530 591 1646 617 tantum
1660 590 1768 623 verbis,
1785 590 1835 618 sed

1011 635 1100 663 etiam
1133 634 1294 671 prmsertim
1343 634 1507 671 operibus?
1538 635 1651 662 Etenim
1699 642 1735 662 ne
1769 635 1836 671 quis

1013 681 1096 716 putet
1121 679 1150 706 in
1176 679 1246 707 solis
1274 679 1460 707 sermonibus
1489 678 1691 706 circumscribi
1711 680 1836 707 menda-

1012 724 1101 758 cium,
1118 724 1167 751 sed
1193 726 1376 760 compertum
1405 723 1522 758 habeat,
1543 732 1601 751 non
1626 723 1724 750 minus
1753 726 1781 750 et
1805 723 1834 751 in

1012 768 1150 804 operibus
1165 768 1319 796 hominum
1344 776 1537 804 conspersum
1562 767 1687 795 inveniri
1712 768 1836 795 mendu-

1013 814 1101 841 cium.
1117 813 1153 841 Et
1177 813 1424 849 quemadmodum
1448 812 1544 848 lepide
1569 812 1689 846 quidem
1712 814 1740 840 et
1759 814 1837 841 recte

1011 858 1374 894 consideravit,inquinate
1386 857 1555 893 loquentem
1570 857 1721 885 hominem
1737 865 1793 885 non
1806 858 1836 885 in

1013 903 1084 931 solis
1098 902 1195 930 verbis
1211 911 1262 930 seu
1278 902 1397 938 scriptis
1422 902 1563 930 mendosa
1579 901 1723 935 emittere,
1742 901 1793 929 sed
1809 903 1838 929 et

1013 947 1134 976 nutibus
1150 947 1383 984 approbantibus
1397 948 1426 974 et
1441 946 1618 983 negantibus
1633 948 1662 974 et
1677 945 1836 980 similibus,

1011 992 1054 1020 sic
1069 994 1097 1020 et
1113 991 1258 1020 mendacii
1274 991 1379 1019 vitium
1408 991 1560 1019 sciendum
1590 991 1667 1027 quod
1693 990 1790 1018 locum
1808 992 1837 1018 et

1009 1036 1041 1064 in
1057 1036 1130 1065 falsa
1145 1036 1262 1073 loquela
1277 1036 1394 1068 habeat,
1410 1037 1448 1069 et,
1464 1037 1497 1063 ut
1522 1034 1564 1063 ita
1590 1035 1697 1070 dicam,
1713 1035 1743 1062 in
1760 1035 1835 1062 falsa

1011 1082 1135 1109 actione.
1156 1081 1409 1113 Quemadmodum
1434 1080 1513 1108 enim
1535 1079 1677 1108 mentitur
1700 1079 1749 1116 qui
1778 1079 1837 1108 alia

1011 1126 1098 1153 labiis
1114 1126 1234 1162 profert,
1250 1125 1309 1153 alia
1333 1133 1401 1153 vero
1427 1124 1505 1153 intra
1528 1124 1657 1153 animam
1681 1123 1837 1160 excogitat,

1013 1172 1042 1198 et
1056 1170 1207 1198 dissonam
1223 1170 1370 1206 loquelam
1387 1178 1404 1198 a
1418 1169 1507 1198 rebus
1522 1177 1596 1206 quas
1622 1170 1720 1198 anima
1735 1169 1836 1197 molita

1013 1218 1058 1243 est
1071 1215 1218 1247 emittens,
1234 1215 1319 1250 cujus
1333 1214 1547 1251 perversissimi
1564 1214 1707 1250 germinis
1723 1214 1837 1250 primus

1014 1260 1110 1288 cultor
1124 1259 1172 1287 ille
1200 1260 1249 1296 qui
1280 1261 1421 1288 adversus
1440 1259 1551 1295 primos
1567 1261 1704 1295 parentes
1719 1261 1835 1286 nostros

1015 1304 1202 1332 machinatus
1214 1306 1258 1332 est
1270 1313 1277 1338 ;
1289 1304 1332 1332 sic
1342 1306 1371 1331 et
1386 1303 1437 1340 qui
1452 1303 1481 1331 in
1493 1303 1590 1340 specie
1602 1304 1679 1331 bona
1688 1306 1836 1339 operatur,

1015 1349 1135 1378 molitur
1148 1357 1215 1377 vero
1231 1349 1286 1377 sub
1312 1349 1416 1385 optimi
1441 1348 1537 1384 operis
1552 1348 1724 1384 apparentia
1743 1348 1837 1384 pessi-

1015 1403 1063 1422 ma
1078 1393 1216 1430 quaslibet
1229 1394 1259 1421 in
1276 1395 1437 1430 posterum.

1048 1439 1094 1466 22.
1109 1439 1144 1466 Et
1158 1438 1270 1474 primus
1293 1446 1366 1466 usus
1394 1440 1440 1466 est
1467 1437 1537 1466 mali
1567 1437 1656 1473 hujus
1685 1437 1838 1474 praeceptis

1015 1483 1196 1519 discipulus:
1214 1483 1342 1518 primum
1369 1483 1520 1510 osculatus
1547 1484 1601 1518 est,
1617 1482 1722 1510 deinde
1737 1485 1835 1510 autem

1014 1527 1202 1556 excellentem
1227 1527 1356 1563 prodidit
1379 1527 1562 1562 Magistrum.
1585 1529 1756 1554 Perversum
1771 1535 1838 1554 vero

1014 1572 1188 1608 magistrum
1205 1571 1289 1599 illum
1306 1571 1466 1604 imitemur,
1483 1571 1594 1599 similes
1615 1570 1658 1598 illi
1672 1570 1838 1599 simulatio-

1015 1617 1103 1645 nibus
1125 1615 1203 1644 facti.
1220 1616 1292 1644 Nam
1319 1618 1348 1643 et
1380 1615 1539 1651 aliquando
1565 1623 1665 1643 amare
1693 1615 1840 1650 videmur,

1012 1664 1041 1690 et
1054 1663 1121 1689 ante
1135 1660 1253 1689 obvium
1275 1668 1493 1696 quemcumque
1519 1660 1734 1696 prosternimur
1753 1661 1782 1688 et
1796 1659 1840 1687 his

1014 1706 1073 1734 lare
1088 1705 1285 1739 subridentes,
1301 1707 1330 1733 et
1348 1713 1437 1732 manu
1464 1704 1623 1741 dirigentes
1651 1705 1675 1733 si
1699 1713 1774 1741 opus
1790 1704 1838 1738 sit,

1014 1753 1042 1779 et
1074 1751 1214 1778 ducatum
1248 1751 1422 1786 praebentes,
1453 1749 1595 1778 auxilium
1635 1750 1838 1786 superadden-

1013 1797 1058 1823 tes
1075 1796 1110 1824 de
1125 1794 1284 1832 superﬂuis
1296 1804 1303 1829 ;
1316 1797 1345 1822 et
1360 1795 1439 1823 brevi
1468 1797 1534 1831 post
1561 1795 1695 1823 omnium
1711 1794 1835 1823 istorum

1015 1839 1098 1868 obliti
1127 1839 1266 1876 operibus
1295 1839 1360 1867 istis
1389 1839 1551 1868 mentimur
1579 1848 1628 1868 eos
1657 1839 1707 1876 qui
1734 1840 1764 1867 in
1785 1849 1837 1868 uo-

1013 1885 1059 1913 bis
1080 1885 1232 1913 conﬁdunt
1261 1883 1405 1918 fallentes,
1436 1885 1513 1912 sicut
1541 1893 1618 1917 aves,
1647 1892 1721 1920 quas
1751 1893 1838 1912 vena-

1014 1931 1092 1958 tores
1106 1931 1256 1965 nucupant
1270 1928 1437 1957 illecebram
1455 1931 1522 1957 ante
1537 1929 1611 1957 retia
1625 1931 1840 1966 ponentes.lta-

1014 1982 1071 2010 que
1087 1974 1276 2010 improbitate
1304 1974 1362 2002 ista
1391 1982 1464 2010 quos
1488 1974 1609 2010 quidem
1633 1975 1763 2002 venerati
1788 1983 1840 2003 su-

1015 2026 1082 2046 mus
1110 2017 1278 2046 attollentes
1307 2018 1442 2054 pedibus,
1472 2018 1637 2054 praecipites
1663 2018 1692 2046 in
1721 2018 1837 2046 ruinam

1013 2063 1141 2096 damus;
1167 2070 1216 2089 eos
1238 2069 1306 2090 vero
1330 2062 1381 2097 qui
1406 2062 1604 2090 arridentibus
1627 2062 1711 2090 nobis
1735 2062 1839 2090 conﬁsi

1013 2109 1093 2140 sunt,
1109 2109 1249 2142 tanquam
1278 2106 1454 2134 deridendos
1481 2106 1633 2134 habemus.
1649 2108 1727 2138 Quos
1742 2106 1836 2135 mani-

1014 2151 1069 2179 bus
1097 2151 1306 2187 dirigebamus,
1336 2152 1556 2178 contemnentes
1578 2152 1760 2185 torquemus,
1777 2151 1838 2179 sive

1012 2195 1144 2232 ipsorum
1160 2195 1299 2223 manibus
1313 2195 1412 2231 ligatis
1438 2195 1498 2222 sive
1521 2195 1604 2222 aliter
1628 2194 1748 2223 luxatis.
1763 2195 1837 2223 Con-

1013 2241 1134 2269 ductum
1151 2248 1239 2276 quem
1256 2240 1460 2276 pmbebamus
1475 2239 1505 2267 in
1519 2239 1709 2268 defectionem
1730 2248 1746 2267 a
1759 2242 1837 2268 recto

1013 2293 1100 2313 cursu
1117 2287 1300 2318 mutamus,a
1311 2286 1390 2312 recta
1399 2284 1445 2312 via
1460 2285 1647 2312 deflecteutes
1661 2293 1667 2318 ;
1683 2286 1712 2312 et
1728 2284 1836 2320 quibus

137 2324 270 2364 ἀφαίρεσιν
287 2327 341 2352 τῶν
359 2325 550 2363 ὑπαρχόντων,
568 2322 657 2362 ὥσπερ
684 2325 741 2352 οἶόν
755 2336 784 2353 τε
799 2327 843 2361 ἦν,
861 2325 957 2354 ἀλλοι-

1013 2329 1154 2358 auxilium
1170 2329 1379 2358 addideremus
1404 2328 1435 2356 in
1460 2337 1517 2365 quo
1533 2328 1658 2365 egebant
1673 2328 1837 2363 immutati,

137 2372 233 2406 οῦντες,
252 2377 289 2406 μη
317 2380 369 2397 που
398 2368 426 2397 δὲ
450 2370 495 2397 καὶ
520 2370 556 2401 εἰς
577 2371 648 2405 ζωῆς
664 2370 748 2405 αὐτῆς
765 2370 956 2408 ἅποστέρησιν.

138 2414 226 2445 Οὕτως
259 2415 340 2451 ἡμεῖς
367 2414 404 2446 εἷς
432 2415 463 2442 τὸ
487 2417 538 2442 πᾶν
577 2413 741 2451 ψευδόμεθα,
771 2413 833 2443 οὔτε
863 2415 957 2452 λόγοις

139 2456 353 2491 εὐθυϐολοῦντες.
385 2459 430 2486 καί
458 2462 518 2490 τοῖς
554 2456 642 2497 ἔργοις
671 2458 700 2486 8‘s
728 2457 956 2496 σκαμϐευόμενοι,

137 2503 169 2534 ὡς
197 2503 226 2531 ἂν
254 2502 317 2541 ἔχοι
347 2504 561 2542 καταφάσκεσθαι
586 2505 666 2540 ἡμῶν
683 2504 714 2531 τὸ
730 2505 871 2532 Δαυϊτικὸν
886 2503 955 2540 ἀληι

137 2547 254 2583 θὲστατα,
270 2548 308 2579 ὡς
324 2560 337 2574 ι(
356 2547 454 2579 Πάντες
471 2547 608 2586 ἄνθρωποί
625 2547 703 2585 ἐσμεν
720 2550 843 2586 ψεῦσται.
863 2561 873 2575 ι

167 2685 213 2720 κγ’.
233 2682 280 2708 Καὶ
306 2680 364 2708 οἶδα
383 2682 431 2717 μὶν
457 2681 590 2716 πολλοὺς,
609 2683 715 2719 μήποτε
731 2681 759 2710 δὲ
775 2684 817 2710 καί
834 2683 882 2720 ἐμὲ
906 2683 954 2711 αὖ·

137 2727 177 2754 τὸν
216 2724 432 2760 ὑπολαλοῠντας,
472 2726 520 2761 ὡς,
545 2726 601 2754 ἐπεὶ
641 2726 802 2766 διορατικῶς
832 2729 845 2755 ὁ
873 2728 954 2756 Δαυὶδ

138 2773 342 2810 προεφήτευσεν,
371 2770 513 2808 ἀμήχανόν
544 2770 599 2799 ἐστι
631 2771 766 2800 διαπεσεῖν
793 2773 824 2800 τὸ
853 2773 954 2802 ἐκείνου

170 2881 178 2898 ⁸
193 2879 268 2909 Psal.
284 2888 347 2916 cxv,
364 2881 407 2908 11.

1012 2374 1067 2402 hos
1082 2374 1111 2402 in
1128 2374 1272 2402 bonorum
1289 2374 1491 2407 amissionem,
1509 2382 1627 2402 summo
1642 2382 1708 2401 cum
1724 2373 1834 2410 impetu

1012 2418 1242 2455 praecipitamus,
1260 2418 1382 2446 forsitan
1398 2420 1429 2446 et
1452 2418 1481 2446 in
1504 2418 1569 2447 vitae
1586 2418 1681 2454 ipsius
1707 2418 1838 2446 amissio-

1013 2472 1089 2492 nem.
1107 2463 1154 2492 Sic
1169 2472 1220 2499 per
1234 2463 1334 2491 omnia
1350 2463 1510 2491 mentimur
1531 2471 1589 2491 non
1613 2463 1710 2491 verbis
1725 2464 1758 2491 ad
1774 2471 1836 2491 rem

1011 2507 1107 2544 ipsum
1135 2508 1288 2536 tendentes
1321 2509 1351 2536 et
1385 2507 1523 2544 operibus
1552 2509 1680 2536 ﬂexuosa
1707 2509 1837 2544 agentes.

1011 2553 1085 2581 Hinc
1098 2552 1250 2581 verissime
1279 2553 1314 2580 de
1340 2552 1425 2580 nobis
1453 2552 1639 2589 praedicanda
1661 2552 1752 2580 David
1769 2560 1836 2581 sen-

1011 2597 1103 2626 tentia
1113 2597 1134 2632 ⁶,
1152 2597 1230 2633 quod
1246 2608 1260 2622 «
1291 2596 1399 2626 Omnes
1427 2597 1561 2626 homines
1589 2605 1694 2626 sumus
1716 2597 1836 2625 menda-

1011 2650 1068 2670 COS.
1086 2652 1101 2668 1)

1045 2688 1090 2714 23.
1107 2687 1140 2714 Ει
1154 2686 1219 2714 novi
1234 2686 1351 2721 quidem
1379 2686 1488 2715 multos
1504 2690 1532 2715 et
1546 2687 1668 2715 forsitan
1684 2685 1838 2721 memetip-

1011 2731 1147 2767 sum,qui
1165 2730 1235 2758 dicti
1251 2730 1383 2758 Davidici
1398 2731 1525 2767 rigorem
1541 2731 1716 2767 impugnant
1732 2738 1836 2758 secun-

1010 2776 1081 2805 dum
1097 2776 1174 2812 quod
1191 2784 1244 2804 nos
1260 2784 1363 2804 omnes
1377 2777 1534 2805 mendaces
1549 2783 1689 2804 essemus.
1708 2774 1836 2811 ineptias
