2021 3154
153 194 160 200 ”
171 187 247 218 1051

170 307 237 326 nam
249 297 300 333 qui
308 296 428 324 exitium
441 297 579 325 Ninivitis
591 297 837 333 przedixit,utpote
849 296 996 333 pessimis,

169 345 278 371 etcum
304 350 354 369 eos
379 341 541 369 invenisset
569 342 744 377 pmnitentes
772 344 801 369 et
823 341 912 369 Deum
930 350 996 377 pro-

170 387 275 423 pitium
303 394 367 414 esse
397 386 600 422 supplicantes
628 388 655 414 et
687 386 722 414 ad
753 386 996 420 misericordiam,

170 431 374 466 sollicitantes,
407 430 477 458 licet
503 431 598 459 exitus
635 430 769 458 fefellerit
800 431 996 467 prophetiam,

170 476 244 505 nihil
260 478 358 504 tamen
382 475 436 503 hoc
462 476 539 511 apud
567 478 656 503 Deum
686 478 758 503 erat.
782 475 855 508 Quid
876 475 954 503 enim
969 475 994 502 si

170 521 298 549 afﬂictus
325 520 443 556 quidem
474 519 562 548 fuerit
590 522 720 554 sanctus,
747 529 824 548 unus
852 528 920 548 cum
946 519 994 555 sit,

170 565 282 595 salvata
295 573 362 593 vero
392 565 454 592 sint
482 564 577 593 multa
602 564 757 592 hominum
788 564 881 593 millia
905 567 934 592 et
953 564 995 592 sic

169 610 354 640 sanctitatem
367 609 584 646 multiplicent?
595 609 720 637 Omnino
731 617 800 645 ergo
810 610 936 646 gaudeat
943 609 994 637 Dei

169 654 339 691 progenitor
355 654 454 689 David,
477 654 612 690 quamvis
640 654 881 682 erubescentibus
910 653 994 681 nobis

169 708 203 728 eo
218 699 295 735 quod
311 699 466 736 splendide
482 698 597 726 mentiti
622 707 734 732 sumus,
753 698 962 734 mundatisque
978 706 995 726 a

169 745 324 772 tenebroso
341 744 406 771 l‘uco
423 752 480 779 quo
507 743 694 771 mendacium
710 743 804 771 inficit
818 743 847 770 in
864 743 995 779 angelice

168 789 337 817 ﬂammeam
362 787 526 821 veritatem,
553 788 680 816 falsitate
696 790 839 823 arguatur
852 789 881 815 et
899 787 994 823 ipsius

168 833 333 870 prophetia,
348 834 378 860 et
405 840 524 868 quoquo
554 833 640 860 modo
670 833 794 860 mendax
818 834 847 860 et
868 832 931 868 ipse
953 832 993 859 ibi

167 879 309 913 tanquam
326 877 414 905 homo
429 877 604 905 inveniatur.
621 877 709 905 Vobis
722 879 821 905 autem
838 876 902 904 dico
914 876 992 912 quod

169 922 212 951 sic
233 922 322 950 etiam
348 921 383 950 de
412 922 497 950 nobis
525 929 593 950 vera
621 921 720 950 dicens
750 921 838 949 David
866 921 994 949 clamare

168 968 266 1003 potest
279 975 286 994 :
302 967 350 994 Vas
366 965 452 995 nobis
465 966 501 994 de
516 966 624 1002 quibus
639 974 725 994 verax
741 966 788 994 ﬁo.

202 1109 248 1137 25.
266 1109 322 1137 Sed
341 1109 376 1137 ad
392 1116 557 1137 sermonem
582 1109 763 1137 redeundum
785 1112 830 1138 est
845 1117 861 1138 a
877 1118 934 1146 quo
950 1109 993 1137 di-

168 1162 289 1191 gressus
305 1157 412 1189 sum,et
428 1154 602 1191 objurgandi
615 1154 663 1190 qui
681 1154 710 1182 in
723 1155 861 1182 omnibus
873 1155 993 1182 menda-

168 1205 217 1226 ces
234 1200 312 1233 sunt,
330 1206 455 1234 quorum
472 1200 500 1226 et
516 1201 614 1226 motus
635 1201 663 1226 et
683 1199 849 1227 reverentia-
865 1199 950 1235 signa
964 1201 993 1226 et

169 1242 321 1270 oculorum
354 1242 452 1271 nictus
484 1245 513 1270 et
542 1243 695 1278 respiratio
720 1244 784 1279 ipsa
816 1243 932 1278 fallunt,
965 1245 993 1271 et

169 1286 257 1315 etiam
287 1287 488 1321 beneficentia,
518 1288 604 1324 cujus
633 1288 775 1315 mendacii
804 1288 902 1316 nescio
927 1288 993 1324 quis

170 1334 305 1360 nostrum
327 1332 470 1360 immunis
496 1332 544 1360 sit.
571 1332 684 1360 Etenim
709 1332 849 1360 virtutum
871 1333 991 1369 quidem

168 1376 199 1405 in
214 1377 269 1405 vita
287 1377 435 1413 praecipua
449 1378 494 1405 est
508 1377 609 1413 egenis
633 1385 829 1411 succurrerre,
846 1377 992 1410 auxiliari,

169 1421 316 1449 consolari
330 1424 358 1450 et
372 1424 520 1458 superﬂua
529 1424 592 1449 tum
603 1421 669 1450 aliis
680 1422 844 1450 rationibus
854 1424 915 1450 tum
927 1431 992 1450 mu-

170 1467 220 1493 tuo
233 1466 329 1494 dando
344 1466 573 1494 communicare.
591 1467 662 1494 Laeta
677 1474 710 1494 ea
725 1466 859 1495 facimus.
875 1467 933 1495 Nec
948 1475 994 1495 so-

170 1509 231 1538 lum
248 1510 348 1538 obvios
365 1511 468 1539 fratres
483 1512 518 1539 ad
535 1511 706 1548 hujusmodi
720 1512 936 1549 eleemosynam
947 1520 993 1540 ex-

172 1554 363 1591 eipimus,sed
377 1556 465 1584 etiam
473 1557 596 1585 obscure
605 1559 764 1593 egestatem
773 1557 897 1585 ferentes
904 1565 994 1593 quan-

171 1600 235 1627 tum
251 1608 412 1636 possumus
428 1601 567 1637 indagare
584 1602 766 1638 satagimus;
783 1602 916 1631 inventos
931 1611 992 1630 am-

171 1643 325 1680 plexamur
339 1647 368 1672 et
381 1645 410 1672 in
426 1646 505 1682 ipsos
530 1654 601 1674 sane
623 1647 852 1675 misericordiam
869 1647 994 1676 eﬂ’undi-

173 1697 250 1717 mus.
285 1689 498 1718 Immisericors
527 1699 593 1718 vero
633 1693 678 1719 est
710 1691 759 1719 illa
791 1692 995 1729 strangulatio.

172 1733 236 1762 Non
268 1734 347 1762 enim
371 1734 556 1771 eleemosyna
589 1735 714 1764 sinimus
747 1736 803 1764 frui
837 1737 920 1769 istos,
946 1745 997 1765 nec

175 1778 352 1806 manducare
380 1781 408 1806 et
436 1779 535 1807 bibere
563 1780 664 1807 datum
691 1781 726 1808 ad
756 1781 821 1809 vitze
840 1781 997 1809 necessita-

173 1825 244 1855 tem,
273 1823 324 1850 sed
354 1823 537 1851 dimittentes
565 1824 658 1851 donec
692 1825 814 1852 domum
839 1825 997 1853 absorbue-

174 1866 243 1901 rint,
260 1875 328 1895 mox
343 1867 379 1894 ad
395 1867 589 1895 evomendum
618 1876 758 1896 vocamus
783 1877 834 1897 eos
848 1870 898 1905 qui
916 1879 998 1898 man-

175 1911 366 1944 ducaverunt,
400 1911 440 1938 ita
469 1913 500 1938 ut
539 1913 617 1948 quod
652 1914 836 1942 stomachum
872 1915 999 1944 intrave-

176 1956 223 1982 rat
251 1954 319 1982 inde
347 1955 547 1984 extrahamus.
579 1957 638 1985 Hoc
666 1966 805 1987 vocamus
829 1959 923 1995 fenus,
947 1969 999 1989 no-

179 1999 259 2027 mine
283 1999 405 2028 honesto
433 2002 519 2037 turpe
547 2002 696 2038 negotium
725 2004 911 2033 adornantes.
941 2006 1000 2033 Fit-

177 2052 235 2080 que
250 2043 317 2072 talis
333 2044 541 2074 alimentorum
567 2047 804 2077 subministratio
829 2049 915 2078 famis
939 2059 1000 2078 ma-

178 2091 232 2124 ter,
248 2091 277 2118 et
303 2089 372 2118 inde
402 2090 561 2119 nutricatio
589 2093 749 2126 evacuatio,
765 2097 791 2121 et
816 2094 939 2130 expletio
954 2103 1001 2123 co-

178 2137 274 2163 actum
286 2135 446 2171 jejunium.
463 2136 498 2164 Et
521 2145 574 2165 nos
602 2138 719 2165 fratrem
744 2139 875 2167 vldentes
891 2148 1001 2168 marce-

178 2181 307 2207 scentem
323 2179 432 2215 quibus
448 2180 560 2209 artibus
575 2190 641 2209 eum
667 2182 866 2211 fraudulenter
881 2184 1002 2212 nutrivi-

179 2232 256 2257 mus,
273 2224 429 2252 inorassati
446 2226 610 2261 gaudemus
637 2227 720 2263 quasi
746 2227 816 2263 quid
838 2228 941 2256 lucrati
958 2228 1003 2257 his

180 2277 242 2304 quae
272 2269 328 2296 iste
356 2270 494 2297 evomuit.
525 2271 700 2298 Lethiferum
739 2272 879 2300 auxilium
912 2273 1002 2306 istud,

178 2313 275 2341 viain
310 2314 444 2350 abyssos,
480 2315 678 2350 perniciosum
713 2317 874 2350 nutrimen,
904 2309 1043 2346 ωερε-Π

180 2358 240 2394 ptio
251 2358 280 2385 in
298 2359 414 2386 ruinam
427 2360 749 2396 vergens,hospitalitas
761 2361 948 2390 latrocinium
961 2371 1004 2391 re-

180 2401 294 2438 dolens,
311 2403 384 2431 dura
398 2404 601 2441 beneﬁcentia,
617 2405 726 2433 donum
744 2414 760 2434 a
784 2407 860 2434 dono
875 2407 1003 2435 alienum

183 2454 236 2474 nec
265 2447 321 2474 Deo
350 2447 472 2476 charum
500 2449 548 2485 qui
577 2452 658 2478 amat
684 2458 751 2478 eum
780 2450 831 2486 qui
849 2451 1004 2487 pecuniam

183 2498 267 2518 suam
284 2499 342 2520 non
372 2493 450 2521 dedit
475 2493 512 2521 ad
541 2501 674 2530 usuram,
690 2503 744 2523 nec
773 2495 809 2523 ab
834 2495 1004 2525 hominibus

181 2537 324 2564 amatum.

216 2590 261 2618 25.
278 2590 377 2619 Pereat
406 2591 441 2620 sb
470 2593 539 2622 orbe
569 2593 640 2621 falso
670 2593 787 2622 nomine
815 2595 1006 2624 beneﬁcentia

180 2634 416 2672 ista,adultcrino
432 2637 518 2666 titulo
533 2637 699 2674 pulchrum,
717 2638 775 2667 Dec
790 2639 890 2667 odiosa
907 2640 1004 2676 probi-

181 2682 236 2714 tas,
253 2680 407 2708 hominum
424 2682 543 2711 inimica
554 2683 689 2719 societas,
701 2683 870 2712 civitatibus
884 2685 1006 2713 exitiosa

182 2725 322 2754 donorum
341 2727 481 2763 acceptio,
499 2727 685 2756 fraudulenta
711 2729 854 2764 amicitia,
869 2730 954 2757 dulce
970 2730 1004 2757 ab

184 2769 267 2798 initio
288 2770 475 2806 saccharum,
491 2772 519 2799 in
546 2772 603 2800 fine
631 2781 698 2801 vero
719 2773 910 2801 intoleranter
925 2783 1005 2802 ama-

185 2822 262 2849 rum,
278 2815 307 2842 in
323 2815 470 2844 infernum
484 2820 551 2844 ante
566 2819 684 2853 tempus
701 2818 882 2854 praemittens
896 2819 1006 2855 empla-

186 2859 292 2892 strum,
307 2859 491 2890 linimentum
504 2870 613 2890 veneno
626 2862 899 2896 imbutum,mellita
910 2866 1005 2892 stran-

563 185 775 216 EUSTATHII
797 185 1179 217 THESSALONICENSIS
1201 185 1489 217 METROPOLITIE

169 251 343 280 mstimaturi
358 251 463 279 talium
487 252 680 288 cogitationes
695 252 882 280 attendamus
897 252 933 279 ad
949 251 994 279 Jo-

1054 251 1191 288 γνωμάτευ
1196 262 1243 289 μα,
1274 252 1310 283 ὡς

1802 185 1879 215 i052

1350 250 1395 279 διὰ
1435 252 1516 279 τοῦτο
1556 250 1772 288 ἡναγκασμὲνως
1812 250 1878 278 εἶναι

1052 297 1166 334 ψεύστας
1182 299 1267 335 ἡμᾶς.
1283 299 1343 327 ’Ότι
1363 297 1392 326 δὲ
1407 296 1545 336 ληροῦμεν
1562 297 1589 324 οἱ
1604 297 1675 324 οὕτω
1704 298 1876 334 φρονοῦντες,

1052 343 1213 378 προσεκτέον
1242 343 1287 371 καὶ
1315 345 1375 375 τοῖς
1403 343 1470 370 κατὰ
1497 343 1543 370 τὸν
1566 343 1672 374 Ἰωνᾶν,
1689 341 1718 372 ὃς
1744 343 1806 372 τοῖς
1833 344 1879 367 Νι-

1051 386 1167 418 νευΐταις
1194 387 1401 425 ἀποφηνάμενος
1423 385 1536 425 ὄλεθρον
1561 387 1599 417 ὡς
1628 386 1697 413 πάνυ
1725 385 1877 421 κακίστοις,

1050 431 1094 458 καὶ
1118 432 1244 469 εὑρηκὼς
1269 431 1385 464 ἐκείνους
1418 430 1666 468 μεταμεληθέντας,
1690 430 1735 458 καὶ
1763 430 1878 467 ἐξιλεω-

1050 475 1184 512 σαμὲνους
1223 477 1268 504 τὸν
1313 477 1422 514 Κύριον,
1454 476 1498 504 καὶ
1540 474 1797 513 προκαλεσαμένους
1838 474 1878 507 εἷς

1050 519 1138 556 ἔλεον,
1167 521 1189 548 εί
1217 522 1264 549 καί
1292 521 1421 559 ἐψεύσατο
1443 521 1493 555 τὴν
1529 520 1720 557 ἡπειλημὲνην
1749 518 1878 547 πανωλε-

1050 564 1136 601 θρίαν,
1153 564 1216 592 ἀλλ’
1245 565 1278 600 ἦν
1307 565 1371 593 αὐτὸ
1401 563 1477 592 ούδὶν
1508 564 1576 601 πρὸς
1593 564 1638 591 τὸν
1655 564 1730 592 Θεόν.
1747 563 1782 591 Τί
1811 562 1876 600 γὰρ,

1049 609 1094 636 ἐὰν
1124 609 1247 645 ἐλυπήθη
1278 610 1326 647 μὶν
1352 609 1366 637 ὁ
1395 610 1482 647 ἅγιος,
1498 610 1537 640 εἷς
1561 609 1642 639 αὐτὸς
1668 607 1714 644 ὢν,
1735 607 1877 643 ἐσώθησαν

1050 652 1079 682 δὲ
1107 653 1236 692 μυριάδες
1261 653 1379 692 ἀνδρῶν,
1394 654 1438 681 καὶ
1456 654 1527 681 οὕτω
1541 654 1590 688 τήν
1619 652 1772 691 ἁγιωσύνην
1790 651 1879 687 ἰπλή-

1049 699 1146 733 θυναν;
1178 699 1277 736 Χαίροι
1311 699 1356 726 οὗν
1395 699 1504 729 πάντως
1548 697 1576 725 ἂν
1615 698 1660 725 καὶ
1690 698 1704 724 ὁ
1734 696 1878 733 θεοπάτωρ

1049 742 1143 777 Δαυῒδ,
1175 742 1262 781 εἴπερ,
1286 745 1366 780 ἡμῶν
1398 742 1571 770 αἰδεσθέντων
1601 741 1641 780 ἐφ’
1670 743 1711 770 οἷς
1740 740 1879 779 λαμπρῶς

1049 787 1213 826 ψευδόμεθα,
1230 789 1275 816 καὶ
1301 785 1507 826 μεταϐαφέντων
1535 786 1588 814 ἀπὸ
1617 785 1772 817 σκοτώδους
1797 785 1878 823 χρώ-

1050 843 1134 869 ματος
1147 835 1196 860 τοῦ
1210 833 1279 861 κατὰ
1289 833 1320 860 τὸ
1334 831 1432 870 ψεῦδος
1455 832 1494 862 εἷς
1520 832 1551 859 τὸ
1580 830 1731 869 ἀγγελικῶς
1753 830 1876 868 φλόγεον

1047 878 1159 913 ἀληθὲς,
1189 877 1332 916 ἐλεγχθείη
1371 877 1416 904 καὶ
1458 878 1476 911 ἡ
1513 874 1596 904 αὐτοῦ
1636 875 1800 914 προφητεία,
1831 875 1876 902 καὶ

1008 923 1174 972 Βψευσθείιη
1289 922 1338 972 καὶ
1365 922 1460 972 αὐτὸς..
1479 921 1671 972 hvmandi:
1698 919 1743 947 καὶ
1755 919 1877 972 Adsere?-

1047 978 1109 998 πος.
1127 967 1203 1005 Λίγω
1234 966 1263 994 δὲ
1287 966 1350 1003 ὑμῖν
1375 967 1420 994 καὶ
1445 965 1487 993 ὅτι
1508 965 1522 992 ὁ
1538 964 1620 993 Δαυὶδ
1633 964 1705 992 οὕτω
1719 965 1779 992 καθ’
1792 965 1876 1001 ἡμῶν

1049 1011 1203 1047 ἀληθεύων,
1233 1010 1344 1039 δύναται
1370 1011 1466 1046 είπεῖν,
1496 1010 1533 1041 ὡς
1563 1009 1632 1038 Οὐαὶ
1662 1009 1738 1045 ὑμῖν,
1763 1008 1805 1048 ἀφ’
1832 1009 1875 1039 οἷς

1048 1057 1157 1092 ἀληθὴς
1169 1056 1292 1095 γίνομαι.

1084 1110 1133 1139 κδ’.
1151 1111 1230 1139 Ἀλλ’
1246 1110 1407 1138 ἐπανακτιον
1423 1109 1468 1137 τὸν
1494 1109 1586 1146 λόγον,
1603 1107 1661 1136 ὅθεν
1687 1107 1874 1145 παρεξὲνευσε,

1047 1156 1091 1183 καὶ
1108 1155 1267 1183 ὀνειδιστέον
1280 1154 1345 1186 τοὺς
1369 1153 1414 1182 διὰ
1442 1154 1549 1181 πάντων
1571 1151 1688 1190 ψευδεῖς.
1704 1153 1741 1179 ὧν
1770 1152 1814 1179 καὶ
1847 1152 1876 1178 αἱ

1047 1202 1180 1236 κινήσεις,
1195 1199 1240 1227 καὶ
1256 1201 1284 1227 αἱ
1298 1200 1506 1237 προσκυνήσεις,
1520 1198 1564 1225 καὶ
1592 1198 1619 1224 αἱ
1643 1199 1696 1225 τῖον
1719 1196 1875 1235 ὀφθαλμῶν

1048 1245 1202 1281 ἀναμύσιις,
1226 1244 1270 1272 καὶ
1297 1244 1362 1272 αὐτὸ
1389 1242 1418 1271 δὲ
1446 1243 1477 1270 τὸ
1505 1242 1630 1270 ἀναπνεῖν
1660 1239 1804 1278 ψεύδονται
1830 1240 1876 1268 καί

1047 1300 1078 1322 γε
1101 1289 1133 1317 τὸ
1158 1289 1315 1327 εὐεργετεῖν,
1341 1289 1372 1316 οὔ
1401 1287 1434 1322 δὴ
1460 1288 1504 1315 καὶ
1535 1286 1617 1314 αὐτοῦ
1639 1285 1795 1322 ψεύσματος
1825 1284 1876 1312 οὖκ

1047 1333 1107 1362 οῖδα
1121 1334 1190 1365 τίνες
1206 1332 1419 1370 ἀπηλλάγμεθα.
1436 1333 1512 1360 Ἐστι
1530 1331 1577 1368 μὲν
1594 1330 1644 1369 γὰρ
1664 1329 1690 1357 ἄν
1719 1333 1778 1360 τοῖς
1801 1329 1875 1367 πρώ-

1046 1389 1104 1409 τοις
1131 1381 1185 1406 τῶν
1211 1377 1279 1406 κατὰ
1307 1377 1364 1416 βίον
1385 1377 1491 1415 ἀγαθῶν
1504 1376 1535 1404 τὸ
1551 1376 1658 1413 βοηθεῖν
1684 1376 1744 1405 τοῖς
1774 1373 1874 1405 ἐνδεῶς

1047 1422 1153 1463 ἔχουσι,
1182 1423 1226 1451 καὶ
1269 1423 1466 1461 προσλιπαρεῖν
1495 1421 1597 1454 αὐτοῖς,
1625 1421 1670 1448 καὶ
1700 1423 1872 1457 παραμυθεῖ-

1048 1475 1119 1503 σθαι,
1143 1469 1188 1497 καὶ
1209 1468 1244 1497 τὰ
1269 1467 1431 1496 ἰλλείποντα
1459 1465 1696 1504 ἐπιδαψιλεύεσθαι
1724 1464 1824 1495 ἄλλοις
1844 1475 1875 1492 τε

1046 1514 1171 1552 τρόποις,
1198 1513 1244 1541 καὶ
1273 1511 1317 1541 διὰ
1357 1514 1405 1540 τοῦ
1447 1510 1619 1546 ἐκδανείζειν.
1649 1510 1698 1538 Καὶ
1736 1511 1872 1545 ποιοῦμεν

1047 1558 1136 1594 ἡδέως
1150 1558 1225 1588 αὐτό.
1242 1558 1293 1587 Καὶ
1311 1557 1342 1585 οὐ
1361 1557 1442 1594 μόνον
1465 1555 1629 1594 προσιόντας
1655 1554 1718 1585 τοὺς
1736 1553 1874 1593 ἀδελφοὺς

1049 1602 1261 1641 παραδεχόμεθα
1300 1601 1338 1633 είς
1377 1600 1566 1638 ἐλεημοσύνην
1607 1599 1761 1634 τοιαύτην,
1802 1597 1877 1626 ἀλλὰ

1051 1648 1096 1676 καὶ
1111 1648 1316 1684 κρυπτομένους
1331 1647 1368 1677 ὡς
1396 1647 1453 1673 οἷον
1481 1643 1680 1683 διερευνώμεθα
1707 1643 1877 1681 ἰξιχνιάζον-

1051 1702 1116 1724 τες·
1151 1691 1196 1720 καὶ
1234 1691 1356 1730 εὑρόντες
1396 1689 1609 1727 ἀκγαλιζόμεθα,
1656 1688 1701 1716 καὶ
1743 1687 1880 1725 ἐκχὲομεν

1054 1737 1094 1766 ἐπ’
1123 1736 1222 1768 αὐτοὺς
1245 1736 1291 1764 τὸν
1322 1735 1401 1770 δῆθεν
1432 1733 1519 1762 ἔλεον.
1549 1735 1581 1761 Ἡ
1612 1732 1640 1760 δὲ
1667 1733 1737 1760 ἔστιν
1774 1732 1882 1770 ἀγχόνη

1053 1782 1182 1818 ἀνηλεής.
1209 1781 1247 1810 Οὐ
1276 1781 1327 1818 γὰρ
1364 1779 1476 1819 ἀφίεμεν
1516 1777 1661 1806 ἀπολαύειν
1691 1777 1884 1813 ἰλεημοσύνης

1053 1826 1162 1862 αὐτοὺς,
1193 1824 1255 1853 οὐδὲ
1295 1824 1391 1857 ἐσθίειν
1421 1824 1465 1851 καὶ
1495 1824 1582 1851 πίνειν
1610 1823 1641 1850 τὸ
1669 1820 1815 1858 δεδομένον
1847 1821 1886 1851 είς

1054 1869 1149 1908 κερδος
1184 1870 1341 1909 τρόφιμον·
1368 1868 1443 1897 ἀλλὰ
1471 1867 1692 1907 συγχωρηθὲντες
1729 1863 1885 1903 καταϐροχσ

1056 1916 1125 1948 θίσαι
1154 1915 1203 1950 τὴν
1235 1913 1349 1952 δωρεὰν,
1379 1914 1434 1941 εῒνα
1466 1913 1504 1944 είς
1543 1911 1638 1949 ἔμετον
1667 1910 1884 1949 προκαλούμεθα

1055 1960 1118 1991 τοὺς
1142 1959 1285 1999 φαγόντας,
1316 1959 1353 1990 ὡς
1383 1957 1428 1985 καὶ
1456 1957 1522 1985 αὐτὸ
1560 1956 1680 1994 ἐξερᾶσαι
1709 1955 1739 1982 τὸ
1768 1954 1881 1987 ἑντεθὶν,

1055 2005 1100 2033 καί
1119 2015 1146 2032 τι
1170 2004 1306 2042 περιττὸν,
1323 2003 1366 2030 καὶ
1391 2002 1422 2030 τὸ
1443 2001 1538 2030 πλέον.
1562 2003 1648 2029 Τοῦτο
1671 1999 1810 2036 καλοῦμεν
1836 1999 1882 2026 τό·

1055 2060 1114 2086 κον,
1131 2048 1243 2085 ὀνόματι
1261 2049 1351 2084 σεμνῷ
1373 2046 1557 2077 καλλύνοντες
1587 2048 1699 2084 πρᾶγμα
1725 2043 1881 2082 αἴσχιστον.

1057 2094 1106 2121 Καὶ
1131 2091 1394 2132 γίνεται-ἡτοιαύτη
1422 2091 1512 2130 τροφή
1542 2091 1635 2127 μήτηρ
1665 2089 1760 2126 λιμοῦ,
1776 2088 1823 2116 καὶ
1851 2089 1883 2115 τὸ

1058 2139 1176 2170 ἐντεῦθεν
1214 2138 1358 2175 χόρτασμα
1395 2136 1515 2172 κὲνωμα,
1542 2135 1587 2162 καὶ
1614 2135 1628 2161 ὁ
1654 2133 1737 2171 κόρος
1772 2133 1884 2168 νηστεία

1060 2182 1143 2221 βιαίαΔ
1162 2181 1211 2209 Καὶ
1240 2175 1322 2217 ἡμεῖς
1347 2181 1462 2218 ὁρῶντες
1487 2180 1532 2207 τὸν
1559 2178 1675 2216 ἀδελφὸν
1707 2177 1884 2215 ίσχναινόμε-

1057 2238 1114 2259 νον,
1145 2228 1186 2258 οῖς
1214 2226 1295 2254 αὐτὸν
1331 2225 1481 2263 ἆθρὲψαμεν
1519 2224 1692 2262 πανούργως,
1723 2222 1884 2253 λιπάναντες

1058 2272 1204 2310 χαίρομεν,
1221 2270 1259 2302 ὥς
1286 2281 1312 2298 τι
1341 2268 1529 2308 κερδήσαντες,
1557 2269 1601 2307 ἀφ’
1625 2269 1660 2295 ὧν
1689 2267 1791 2298 ἐκεῖνος
1822 2267 1886 2302 {£15-

1061 2327 1133 2354 μεσε.
1170 2315 1325 2352 Θανατηρὸν
1361 2315 1493 2352 βοήθημα
1528 2315 1620 2346 τοῦτο,
1657 2311 1778 2349 ποδηγία
1818 2312 1886 2338 κατὰ

1061 2361 1215 2400 βαράθρων,
1229 2360 1317 2399 τροφή
1346 2356 1573 2395 δηλητηριώδης,
1589 2356 1728 2394 ὑπόληψις
1752 2356 1886 2394 ριπτοῦσα

1060 2406 1098 2437 εἰς
1122 2405 1245 2443 ὄλεθρον,
1260 2404 1331 2440 ξενία
1354 2403 1533 2441 λῃστεύουσα,
1557 2401 1709 2439 ἰμπόνιμος
1734 2400 1884 2439 εὐεργεσία,

1060 2450 1146 2489 δῶρον
1176 2448 1294 2487 ἄδωρον,
1311 2446 1373 2476 οὕτε
1398 2449 1456 2484 Θεῷ
1483 2446 1574 2486 φίλον,
1599 2447 1629 2478 ὃς
1654 2447 1743 2484 ἀγαπᾷ
1767 2446 1816 2489 τὸν
1846 2447 1883 2482 μὴ

1059 2495 1102 2524 ἐπὶ
1137 2494 1209 2531 τόκῳ
1237 2492 1346 2521 διδόντα
1379 2492 1411 2519 τὸ
1443 2491 1525 2519 αὐτοῦ
1566 2489 1704 2529 ἀργύριον,
1740 2488 1806 2518 ούδὶ
1833 2490 1886 2527 μὴν

1060 2539 1214 2578 ἀνθρώποις
1231 2537 1381 2577 ἀγαπητόν.

1095 2594 1141 2622 κε’.
1157 2592 1306 2622 Ἀπόλοιτο
1335 2591 1365 2619 ἐκ
1395 2591 1457 2629 βίου
1485 2587 1696 2627 ἠψευδώνυμος
1726 2588 1793 2623 αὕτη
1821 2589 1886 2625 ἄγα-

1059 2637 1180 2673 Θοποιία,
1195 2637 1226 2665 τὸ
1254 2635 1473 2674 ψευδεπίγραφον
1496 2633 1593 2669 καλὸν,
1608 2634 1625 2668 ἡ
1657 2633 1790 2670 θεομισὴς
1815 2643 1886 2671 χρη-

1060 2684 1169 2718 στότης,
1198 2683 1216 2717 ἡ
1249 2681 1429 2718 ἀπάνθρωπος
1457 2678 1599 2713 κοινωνία,
1629 2679 1646 2712 ἡ
1675 2675 1890 2708 δυσπολίτευτος

1061 2726 1225 2765 δοσοληψία,
1253 2726 1284 2753 τὸ
1314 2724 1408 2752 δόλιον
1437 2723 1556 2763 φίλημα,
1583 2722 1613 2749 τὸ
1638 2721 1725 2759 γλυκὺ
1756 2721 1806 2758 μὶν
1836 2722 1885 2755 τὴν

1060 2773 1149 2811 ἀρχὴν
1166 2771 1283 2808 σάκχαρ,
1300 2769 1442 2807 ἰσύστερον
1464 2767 1492 2795 δὲ
1520 2767 1664 2804 ἀπρόσιτον
1681 2768 1714 2801 τῇ
1744 2765 1853 2802 πικρία,
1867 2767 1883 2800 ἡ

1059 2816 1247 2854 προϊάπτουσα
1284 2814 1321 2845 εἷς
1359 2811 1426 2849 ᾅδην
1454 2810 1639 2849 ἕμπλαστρος,
1663 2811 1694 2837 τὸ
1724 2810 1884 2854 φαρμάττον

1061 2861 1201 2899 μοτάριον,
1221 2861 1238 2895 ἡ
1271 2858 1396 2897 μελιτίνη
1420 2857 1538 2896 ἀγχόνη,
1568 2855 1582 2883 ὃ
1606 2854 1728 2886 ἑκούσιος
1756 2853 1882 2893 ὄλεθρος,
