2026 3156
111 191 200 222 1053

614 193 821 233 ,ΕΡΙΞΤΟῙΑΑ
842 193 894 223 Al)
915 192 1323 224 THESSALONICENSES.

1747 191 1825 223 1054

111 257 351 297 πραγματειώδη(
365 259 488 295 θάνατος,
509 260 523 287 6
549 260 682 291 ἀσπαστὸς
696 259 829 293 κίνδυνος,
847 258 932 296 μάλισ

1003 259 1125 295 gulatio,
1138 260 1302 289 voluntaria
1318 260 1472 297 pernicies,
1485 259 1632 289 elaborata
1647 267 1824 295 mors,oscu-

111 315 151 332 τα
169 305 218 341 μὶν
234 304 280 332 οὗν
296 306 314 340 ἡ
345 305 514 344 ἆπροόρατος
531 306 664 341 ἀπώλεια,
680 306 711 333 τὸ
727 306 846 342 λεληθὸς
866 305 943 344 χάος,

111 350 133 384 ἡ
151 350 329 387 κεκρυμμὲνη
347 350 436 388 παγίς,
453 351 483 378 τὸ
507 353 558 378 πᾶν
583 350 611 378 δὲ
635 352 829 389 συνῃρημένως
853 349 944 388 φάναι,

109 394 148 421 τὸ
166 392 298 421 δόποκον
323 395 457 431 γέννημα,
482 394 539 423 ἐπεὶ
565 395 609 423 καὶ
634 395 761 432 δαίμονος
774 395 854 426 τόκος
869 394 944 429 αὐτὸ,

111 440 166 466 τοῦ
182 439 227 466 καὶ
243 438 399 475 σπείραντος
415 440 460 467 καὶ
477 437 684 477 συλλαϐομένου
707 440 752 468 καὶ
772 440 943 476 ἂποκυήσαν-

110 492 163 514 τος
179 483 217 514 εἰς
231 484 324 511 κοινόν
341 484 434 512 κακόν.

152 582 205 614 κς’.
230 581 319 610 Ἀλλὰ
342 584 424 610 ταῦτα
457 583 503 619 μὲν
535 585 650 611 τοιαῦτα
673 583 813 620 ψεύσματα
835 583 861 611 ὲν
887 586 943 614 τοῖς

113 626 169 653 οὐκ
193 626 303 664 ἀγαθοῖς
327 627 491 665 ἀνθρώποις,
517 627 557 659 οἷς
587 628 600 655 ὁ
629 628 694 659 Θεὸς
721 628 768 664 μὲν
793 627 835 655 ἐπ’
850 627 943 665 ἀγαθῷ

113 669 214 698 δίδωσι
250 671 494 708 περιουσιάζεσθαι,
532 673 550 707 ἡ
591 671 620 700 δὶ
661 672 752 710 φαύλη
788 672 944 710 προαίρεσις

113 713 246 751 ἐμποδὼν
274 718 360 743 κεῖται
389 717 423 753 τῇ
452 717 519 744 κατὰ
549 717 609 754 βίον
638 717 796 755 εὐθυπορίᾳ,
825 719 859 755 τῇ
875 718 942 755 πρὸς

111 759 146 786 16
165 758 274 795 θέλημα
302 762 350 787 τοῦ
379 763 456 789 Θιοῦ.
473 760 542 798 Φέρε
555 759 584 788 δὲ
597 761 641 789 καὶ
656 760 726 790 ἄλλο
747 762 829 789 κακὸν
846 762 941 798 ὅμοιον

113 802 234 841 ἐργῶδες
256 807 316 835 ταῖς
347 803 511 841 δαιμονῶσιν
539 805 685 842 ἐκλαλήσω
712 806 785 842 ὑμῖν,
812 807 878 844 ὅπερ
907 807 943 837 ὡς

112 849 148 876 τὰ
165 848 258 876 πολλὰ
274 849 322 886 μὲν
337 849 431 888 λόγοις
451 849 497 877 καὶ
528 849 592 878 αὐτὸ
622 850 801 888 ἂνθεωριῖται,
828 851 944 879 ἀκολού-

114 898 172 924 θως
201 891 231 920 δέ
255 904 322 921 ποτε
342 894 386 921 καὶ
421 893 456 922 δι’
486 893 571 933 ἔργων
603 894 770 934 ἐκφαίνεται.
798 895 944 933 Ἀρχιερέα

1000 305 1062 333 lum
1072 306 1144 334 dans
1155 306 1496 343 periculum,presertim
1510 308 1607 334 autem
1624 306 1820 342 improvidum

1000 350 1132 385 exitium,
1149 350 1243 379 latens
1258 351 1358 385 chaos,
1386 351 1510 387 laqueus
1538 351 1712 386 abseonsus,
1742 352 1770 378 et
1798 350 1823 379 si

1001 404 1058 423 uno
1073 396 1161 424 verbo
1183 396 1281 424 omnia
1310 395 1551 432 complectamur,
1585 397 1686 431 partus
1711 395 1821 429 infelix,

999 440 1109 476 quippe
1139 449 1156 468 ο
1183 440 1314 468 daemone
1338 441 1465 477 genitus,
1483 448 1499 467 a
1518 447 1576 476 quo
1605 439 1764 468 semiustus
1793 441 1822 467 et

999 487 1157 520 conceptus
1172 487 1200 513 et
1215 485 1301 521 quasi
1317 486 1401 520 partu
1416 485 1514 513 editus
1539 486 1584 512 est
1600 484 1636 512 ad
1667 492 1824 512 commune

999 528 1111 557 malum
1123 551 1129 556 .

1031 582 1076 609 26.
1090 582 1146 610 Sed
1161 581 1233 610 talia
1249 582 1402 610 mendacia
1422 582 1452 609 in
1475 581 1646 610 hominibus
1676 581 1736 610 sint
1766 589 1822 609 non

997 627 1205 663 bonis,quibus
1220 627 1297 655 Deus
1314 627 1387 655 bene
1403 626 1529 654 faciendi
1545 626 1715 654 facultatem
1731 626 1822 660 dedit,

997 678 1132 707 perversa
1144 679 1212 698 vere
1226 671 1360 699 voluntas
1375 669 1550 698 offendicula
1565 669 1647 706 ponit
1662 678 1697 697 ne
1711 670 1822 697 bonum

998 715 1148 744 tramitem
1176 716 1205 743 in
1235 715 1294 743 vita
1321 715 1485 743 secundum
1513 714 1563 742 Dei
1602 714 1820 750 beneplacitum

998 762 1124 788 servent.
1136 761 1269 797 Agedum
1285 762 1314 788 et
1327 760 1406 788 aliud
1421 759 1532 788 malum
1548 759 1644 788 simile
1655 767 1672 786 a
1683 758 1821 787 daemoni-

998 805 1054 832 bus
1070 807 1266 841 praeparatum
1281 805 1364 833 vobis
1374 804 1610 840 exponam,quod
1628 802 1746 839 quidem
1760 811 1822 831 ma-

997 849 1075 877 xime
1089 849 1186 877 verbis
1200 849 1330 885 effulget,
1346 851 1560 885 consequenter
1573 855 1639 875 vero
1655 856 1707 884 per
1733 855 1822 883 opera

998 893 1359 930 conspicitur.Pontiﬁccm
1369 902 1420 922 vos
1434 892 1699 930 impraesentiarum
1715 891 1822 919 habere

114 936 191 975 ἔχειν
209 937 302 976 λέγετε
329 939 374 966 τὸν
404 937 475 976 ἄρτι,
504 939 553 976 ὶμὶ
582 938 702 975 δηλαδή·
730 940 774 968 καὶ
788 939 879 969 καλῶς
896 940 935 968 λέ-

998 938 1106 972 dicitis,
1123 947 1239 974 nempe,
1256 947 1312 974 me,
1327 940 1355 966 et
1369 938 1441 966 bene
1457 937 1555 966 dicitis
1569 950 1576 971 ς
1602 945 1669 964 eum
1698 936 1819 972 etenim,

114 992 189 1019 γιτε.
217 982 284 1019 Εἷμί
304 983 356 1021 γὰρ
383 982 433 1017 ἔτι,
456 982 503 1011 κᾶν
531 985 569 1020 μή
589 984 730 1022 ἐπιπρὲπω
743 987 783 1021 τῷ
797 984 940 1021 ἀξιώματι.

116 1027 170 1054 Καὶ
186 1027 261 1057 ὅπως
287 1027 334 1064 μὲν
362 1026 490 1056 διὲκεισθε
516 1028 578 1064 περὶ
598 1028 662 1061 τοὺς
683 1029 844 1068 φθάσαντας,
875 1029 941 1066 ἔμα-

116 1076 165 1102 θον
198 1071 245 1107 μὲν
271 1071 379 1108 ἐκεῖνοί,
408 1073 545 1109 μέμνησθε
573 1071 602 1100 δὲ
629 1073 708 1110 ὑμεῖς
726 1083 732 1090 ·
761 1074 807 1101 τὸν
838 1072 866 1101 δὲ
894 1077 939 1101 νῦν

115 1116 206 1149 ζῶντα
227 1116 264 1152 μή
289 1115 390 1156 ἀφήσοι
414 1117 428 1144 6
455 1118 519 1148 Θεὸς
543 1120 665 1145 τοιοῦτον
692 1118 769 1154 εἶναι,
799 1119 897 1146 ὁποῖον
921 1119 938 1154 ἢ

109 1162 219 1187 νοοῦσιν
242 1159 260 1194 ἢ
288 1163 469 1198 παρανοοῦσιν
500 1162 527 1189 οἱ
551 1161 581 1190 ἐκ
603 1166 698 1197 καινῆς
723 1161 858 1199 διαιτηταὶ
883 1166 937 1191 τῶν

110 1201 199 1239 ἐμῶν,
215 1204 229 1231 6
255 1205 378 1243 πτωχὸς,
404 1206 488 1243 φημὶ,
504 1206 591 1241 Λέων,
607 1207 644 1238 ὡς
658 1207 738 1238 αὐτὸς
753 1207 937 1247 ἐπιγράφιται,

109 1247 140 1274 ’ὸν
162 1247 185 1274 εἰ
217 1249 255 1284 μὴ
282 1249 295 1276 6
321 1248 546 1285 ἐκκλησιαστικὸς
576 1250 672 1282 άλιτὸς
695 1252 836 1291 ἀπέτρεφι,
862 1251 938 1289 λιμῷ

109 1291 140 1319 ἂν
156 1291 294 1320 ἀπώλετο·
322 1294 537 1331 μυρμηκολὶων,
562 1295 600 1331 μὴ
626 1294 698 1333 ἔχων
727 1297 844 1334 τροφήν·
869 1297 938 1334 πρὸς

109 1335 139 1364 δὶ
162 1337 208 1364 καὶ
238 1338 252 1365 6
274 1339 342 1366 κατὰ
366 1339 517 1376 σύμπνοιαν
552 1340 605 1368 εἴτε
631 1340 720 1368 Θεόθεν
745 1339 823 1372 δοτὸς
849 1342 935 1378 αὐτῷ,

109 1379 164 1408 εἱίτι
178 1381 223 1408 καὶ
250 1380 376 1410 ἄλλοθεν·
401 1382 428 1410 ο¹ί
451 1384 519 1412 κατὰ
541 1387 589 1412 τοῦ
613 1384 812 1421 Θισσαλονίκης
842 1386 936 1424 ἀρχιε-

111 1425 252 1464 ρατιύουσι
296 1426 541 1465 λογοπραγοῦντες,
577 1429 624 1456 τὸν
669 1429 858 1468 ἀνικλόγιστον
890 1432 934 1459 καὶ

112 1470 171 1508 βίον
206 1471 287 1499 αὐτοῦ
317 1473 362 1500 καὶ
394 1471 476 1511 λόγον
508 1474 553 1502 καὶ
584 1477 670 1511 νεῦμα
693 1475 737 1502 καὶ
765 1475 867 1512 κίνημα
890 1476 934 1504 καὶ

109 1517 196 1543 πᾶσαν
234 1514 349 1544 διάθεσιν
388 1519 502 1556 φυσικήν
546 1517 757 1556 λογιστεύοντες.
794 1520 846 1548 Καὶ
881 1520 934 1558 οὐχ

111 1558 198 1592 οὕτως
225 1558 397 1598 ἀκριϐοῦνται
426 1562 459 1589 τὰ
486 1562 544 1590 κατ’
573 1561 664 1594 οἷ’κους
689 1563 765 1591 αὐτοί
779 1574 808 1592 τε
829 1564 873 1591 καὶ
901 1565 932 1592 16

110 1604 170 1640 περὶ
208 1604 306 1636 αὐτοὺς
345 1607 519 1644 φρατορικὸν,
553 1606 590 1638 ὡς
629 1608 678 1642 τήν
705 1610 753 1636 τοῦ
784 1608 931 1636 Εὐπαθίου

111 1647 209 1676 τούτου
251 1648 390 1677 πολιτείαν
431 1650 670 1689 πολυπραγμόνως
712 1652 930 1690 ἀνασκάλλουσι,

107 1695 163 1724 πῶς
193 1693 241 1730 μὲν
272 1695 315 1731 ζῇ,
344 1694 588 1733 φυλλοκρινοῦντες
618 1697 661 1724 οἷα
686 1695 714 1724 δὲ
742 1697 832 1732 λαλεῖ,
857 1698 931 1730 ὅπως

108 1735 137 1765 δὶ
158 1740 216 1768 τοῖς
245 1738 455 1776 ἐντυγχάνουσιν
485 1740 589 1777 ὁμιλεῖ,
620 1741 701 1768 ὁποία
729 1740 758 1768 δὲ
781 1741 876 1780 κρίνει.
894 1743 933 1770 Ἐ-

109 1780 218 1814 θίλουσι
247 1781 285 1817 δὲ,
316 1783 403 1819 οἶμαι,
425 1783 512 1821 εἶ’πιρ,
542 1785 600 1812 οἷόν
621 1796 651 1813 τι
674 1785 766 1814 καὶτὰ
789 1788 848 1814 κατ’
868 1785 931 1824 ὄναρ

111 1826 182 1862 αὖτῷ
212 1825 450 1860 συνδιοπτάνεσθαι
467 1851 474 1865 ,
504 1829 549 1857 ml
579 1831 622 1857 οἱα
651 1833 852 1870 φαντασιοῦται.
881 1832 933 1860 Καὶ

110 1871 153 1898 τὸν
177 1872 261 1907 θυμὸν
288 1871 317 1899 δὶ
343 1872 416 1909 αὐτῷ
432 1873 477 1900 καὶ
492 1874 541 1909 τήν
555 1873 699 1912 ἐπιθυμίαν
724 1873 934 1915 ἀκριϐολογοῦν-

112 1925 163 1949 ται,
191 1914 213 1942 sl
237 1916 305 1954 πρὸς
330 1918 427 1945 κανόνα
451 1918 468 1952 ἢ
498 1919 543 1946 καὶ
572 1918 665 1951 ἄλλως
693 1919 806 1958 ἑκάτερα
830 1914 932 1953 διευθε-

113 1961 204 1988 τεῖται.
222 1960 270 1987 Καὶ
296 1959 369 1992 ὅλως
393 1962 438 1990 τὸν
461 1963 643 2002 (θαρρούντως
659 1964 743 2002 λέγω)
766 1965 833 1993 κατὰ
853 1967 933 1992 πνεῦ-

115 2014 150 2040 μα
169 2005 281 2043 πατέρα,
318 2005 439 2034 εὐκταῖον
471 2008 530 2044 μὲν,
560 2007 634 2046 οἷπερ
663 2009 702 2040 εἰς
724 2010 780 2037 υἱὸν
804 2009 930 2042 τίθενται·

113 2048 185 2076 αὑτοῖ
212 2047 240 2076 δὶ
263 2048 327 2078 ἀλλ’
348 2050 385 2082 ὡς
401 2050 440 2082 sic
468 2050 577 2086 δοῦλον,
603 2053 646 2081 καὶ
671 2053 750 2081 αὐτὸν
775 2053 931 2092 ἐλάχιστον,

111 2093 260 2126 τάττουσιν,
284 2095 416 2126 αὐθιντῶς
439 2096 515 2132 αὐτῷ
542 2097 772 2136 προσφερόμενοι,
807 2097 931 2136 ἐκλογισ-

115 2140 173 2174 μοῖς
212 2136 427 2176 ὑποϐάλλοντες,
458 2141 632 2172 ἀπαιτοῦντες
670 2142 734 2170 τάδε
761 2142 807 2170 καὶ
844 2143 932 2171 ἰκιῖνα

112 2184 208 2217 ποιεῖν,
237 2183 273 2213 ὡς
301 2183 393 2215 αὐτοῖς
426 2185 606 2223 παρίσταται,
636 2186 792 2225 ἀναγκάζειν
823 2187 931 2216 ἐθέλον-

112 2236 162 2261 τες,
189 2226 416 2265 πιριυϐρίζοντις,
446 2228 540 2267 ἄγριον
583 2229 776 2268 ἐμϐλέποντες,
803 2232 932 2261 ἀπειλού-

117 2281 198 2307 μενοι,
227 2270 447 2316 ἐμϐριμώμενοι,
477 2275 550 2302 κάτω
579 2274 702 2315 ἐδάφους,
727 2277 783 2311 καὶ,
813 2277 827 2305 ὃ
855 2287 929 2316 φασι,

997 983 1065 1012 licet
1079 984 1214 1021 dignitati
1231 984 1336 1020 impar.
1352 984 1387 1012 Et
1402 992 1475 1019 quos
1492 983 1521 1010 in
1537 984 1739 1010 antecessores
1757 989 1822 1017 ges-

996 1029 1078 1057 sistis
1092 1028 1216 1064 animos,
1227 1028 1496 1064 noveruntquidem
1510 1027 1552 1063 hi,
1568 1026 1746 1055 meministis
1753 1034 1820 1054 vero

995 1082 1057 1101 vos.
1071 1074 1142 1101 Eum
1159 1075 1255 1101 autem
1270 1073 1320 1109 qui
1337 1081 1415 1101 nunc
1447 1072 1526 1106 vivit,
1554 1071 1627 1100 faxit
1654 1071 1733 1099 Deus
1761 1079 1820 1098 non

995 1119 1084 1147 talem
1100 1127 1174 1153 esse,
1191 1118 1309 1155 qualem
1329 1119 1391 1147 'ant
1418 1120 1540 1146 censent
1568 1119 1617 1145 aut
1647 1115 1821 1153 insipienter

995 1164 1145 1193 somniant
1160 1164 1211 1192 isti
1227 1165 1262 1192 de
1278 1172 1352 1192 novo
1377 1163 1480 1191 arbitri
1509 1162 1578 1197 mei,
1608 1161 1719 1189 scilicet
1746 1169 1818 1197 pau-

994 1217 1045 1245 per
1061 1209 1124 1243 Leo,
1141 1209 1220 1237 sicut
1234 1208 1297 1244 ipse
1313 1216 1344 1236 se
1360 1207 1506 1240 inscribit,
1521 1214 1606 1242 quem
1633 1206 1690 1234 nisi
1720 1205 1818 1233 Eccle-

993 1254 1042 1281 sia
1059 1253 1196 1281 molitura
1206 1253 1344 1287 nutriret,
1361 1253 1438 1280 fame
1453 1249 1815 1286 interrisset,formicaleo,

991 1297 1101 1325 victum
1118 1306 1175 1325 non
1191 1297 1314 1331 habens,
1328 1297 1449 1332 insuper
1473 1295 1523 1331 qui
1552 1294 1716 1323 secundum
1746 1302 1814 1322 con-

991 1342 1182 1378 spirationem
1199 1342 1259 1370 sive
1270 1350 1287 1370 a
1302 1341 1360 1369 Deo
1371 1341 1458 1369 datus
1473 1342 1518 1368 est
1532 1338 1665 1376 ipsi,sive
1678 1338 1815 1372 aliunde;

991 1386 1043 1422 qui
1058 1386 1093 1414 de
1107 1386 1330 1414 Thessalonices
1355 1384 1543 1422 pontificibus
1572 1383 1668 1411 verbis
1698 1383 1817 1420 negotia

990 1433 1091 1467 agunt,
1121 1431 1156 1458 de
1175 1430 1284 1466 quibus
1313 1429 1395 1457 nulla
1421 1429 1495 1457 ratio
1522 1428 1602 1464 ipsos
1636 1427 1816 1464 reposcendu

990 1477 1045 1507 est,
1062 1474 1173 1502 scilicet
1188 1475 1289 1506 vitam,
1305 1482 1437 1508 sensum,
1464 1473 1665 1509 agitationem,
1696 1480 1813 1499 omnem

988 1519 1140 1555 physicam
1154 1518 1396 1554 compositionem
1412 1519 1627 1552 computantes.
1644 1516 1701 1544 Nec
1715 1515 1755 1543 ita
1767 1523 1814 1543 αο-

988 1565 1088 1591 curate
1099 1563 1133 1590 de
1149 1563 1236 1591 domo
1252 1571 1306 1590 sua
1321 1571 1351 1590 se
1366 1561 1547 1598 gerunt'ipsi
1576 1562 1604 1588 et
1632 1560 1668 1588 de
1697 1559 1809 1587 familia

988 1616 1052 1643 sua,
1066 1610 1097 1635 ut
1110 1609 1145 1636 de
1156 1607 1301 1635 Eustathii
1314 1606 1394 1635 illius
1410 1605 1668 1634 administratione
1687 1604 1813 1632 effodere

988 1652 1226 1688 satagunt,vitam
1243 1651 1337 1688 ipsius
1353 1651 1479 1686 maligne
1491 1649 1813 1686 indaganteszqucsnam

987 1697 1075 1724 Verba
1089 1696 1230 1733 loquitur,
1247 1695 1394 1733 quomodo
1411 1703 1477 1723 cum
1494 1694 1586 1723 obviis
1609 1695 1813 1728 conversatur,

988 1749 1121 1778 quaenam
1137 1741 1235 1769 sentit.
1252 1741 1370 1775 Volunt,
1389 1742 1420 1768 ut
1435 1741 1515 1776 puto,
1533 1739 1557 1768 si
1575 1738 1712 1775 possibile
1727 1740 1814 1774 est,et

988 1795 1051 1823 quae
1067 1786 1197 1815 somniat
1207 1788 1234 1814 et
1249 1794 1313 1822 quas
1329 1786 1436 1822 cogitat
1455 1783 1682 1821 perscrutari.Et
1693 1792 1742 1812 cor
1757 1783 1813 1820 ipsi

988 1834 1016 1860 et
1030 1831 1176 1859 desideria
1190 1832 1327 1859 accurate
1342 1830 1539 1866 perpendunt,
1556 1829 1582 1857 si
1607 1829 1693 1864 juxta
1722 1836 1811 1856 cano-

987 1885 1039 1904 nes
1055 1878 1106 1904 aut
1134 1875 1203 1904 hinc
1233 1875 1335 1903 indeve
1361 1875 1436 1902 bene
1446 1874 1628 1902 ordinentur.
1645 1875 1679 1901 Et
1694 1873 1811 1909 penitus

987 1924 1099 1957 patrem
1128 1921 1321 1955 (confidenter
1348 1919 1424 1956 dico)
1453 1918 1616 1947 secundum
1646 1917 1811 1954 Qspiritum,

987 1965 1150 2001 optandum
1166 1965 1296 2001 quidem,
1318 1964 1387 1992 lic-2t
1416 1963 1509 1992 ﬁlium
1534 1962 1724 1996 constituant,
1757 1961 1812 1998 ipsi

987 2010 1071 2045 quasi
1086 2010 1115 2037 in
1132 2017 1248 2038 servum
1258 2009 1396 2044 huncque
1407 2017 1495 2044 quam
1509 2008 1666 2035 minimum
1683 2008 1811 2040 mutant,

987 2054 1077 2082 nimio
1094 2054 1217 2090 imperio
1233 2061 1299 2080 cum
1328 2061 1361 2081 eo
1378 2055 1507 2089 agentes,
1533 2051 1708 2079 ratiunculis
1738 2050 1810 2078 sub-

982 2099 1130 2135 jicientes,
1159 2099 1308 2135 exigentes
1334 2100 1367 2126 ut
1393 2098 1454 2125 haec
1483 2100 1512 2125 et
1539 2097 1589 2124 illa
1613 2096 1699 2124 faciat
1726 2097 1814 2132 prout

986 2144 1059 2180 ipsis
1088 2144 1260 2178 complacet,
1299 2150 1402 2179 cogere
1444 2141 1585 2175 volentes,
1625 2139 1813 2168 contumeliis

986 2188 1156 2222 afficientes,
1186 2191 1266 2216 torve
1294 2188 1453 2221 intuentes,
1478 2186 1660 2218 minitantes,
1691 2185 1719 2212 in
1744 2193 1812 2213 eum

986 2234 1154 2267 frementes,
1171 2234 1206 2262 ad
1223 2236 1343 2268 terram,
1359 2235 1391 2260 et
1403 2234 1432 2260 ut
1448 2231 1540 2265 aiunt,
1557 2230 1670 2266 capillis
1699 2230 1734 2258 ad
1763 2238 1813 2257 so—

984 2277 1047 2306 lum
1063 2279 1169 2306 ducere
1184 2278 1346 2314 cupientes,
1373 2276 1472 2305 omnia
1486 2279 1605 2312 agentes
1621 2275 1728 2311 quibus
1759 2274 1810 2302 filii

115 2316 202 2353 κουρὶξ
232 2321 257 2344 tv
288 2315 397 2354 δαπέδῳ
426 2318 578 2356 περιέλκειν
605 2320 797 2358 ἐπιθυμοῦντες
814 2343 821 2356 ,
847 2315 933 2349 πάντα

992 2323 1062 2351 vices
1076 2326 1167 2359 pater,
1183 2326 1212 2351 et
1227 2322 1301 2351 servi
1313 2322 1386 2350 liber
1399 2324 1437 2355 et,
1455 2320 1569 2349 barbari
1586 2320 1701 2347 Graecus
1726 2318 1811 2355 gerit,

116 2362 251 2392 ποιοῦντες
267 2359 302 2388 δι’
325 2360 362 2389 ὦν
378 2362 436 2394 οἰὸς
452 2363 466 2390 6
481 2363 581 2401 πατὴρ,
597 2365 643 2392 καὶ
658 2364 801 2398 παιδίσκος
815 2367 829 2394 6
858 2365 934 2394 ἐλεύ-

117 2404 199 2442 θερος,
215 2405 260 2432 καὶ
278 2403 413 2444 βάρϐαρος
430 2407 444 2434 6
465 2407 583 2443 Ἕλλην,
608 2409 697 2437 αὐτῶν
720 2408 934 2447 μεταπεποιηκό-

117 2458 176 2484 των,
198 2448 317 2486 γένηται,
342 2450 388 2478 καὶ
407 2450 517 2487 ἀμαθὴς
531 2453 576 2480 ml
605 2453 735 2491 εὐμαθὴς,
751 2455 781 2482 τὸ
811 2454 839 2482 δὲ
865 2455 934 2483 πάν-

117 2503 165 2520 των
183 2496 300 2538 Δχαῖρον,
335 2495 426 2527 κοινὸς
456 2496 597 2534 ἄνθρωπος
625 2499 639 2526 6
667 2499 750 2537 μέγας
779 2499 932 2538 ἀρχιερεὺς,

117 2538 157 2582 ml
182 2536 277 2582 λαίίκὸς
307 2539 321 2566 6
344 2541 392 2567 τοῦ
415 2539 528 2568 ἐνταῦθα
552 2541 631 2577 λαοῦ,
657 2543 681 2571 εἶ’
696 2543 741 2571 καὶ
758 2536 932 2582 phillis-905v,

117 2580 174 2609 ἀλλ’
189 2581 251 2610 οὗδὶ
265 2582 389 2615 ὕστατος.

147 2636 193 2670 κζ’.
221 2635 299 2665 Οὕτω
327 2638 460 2666 κάνταῦθα
487 2639 630 2676 ψεύδονται
659 2642 685 2668 οἱ
711 2640 860 2679 ἅνθρωποι,
886 2643 933 2680 ἀρ-

116 2679 203 2717 χιερέα
219 2679 353 2718 λέγοντες,
379 2682 408 2709 ὃν
424 2683 462 2714 είς
486 2684 595 2712 ἀνοσίου
620 2689 718 2723 μοῖραν
738 2687 932 2714 ἀποτάττονται

117 2724 156 2752 καὶ
171 2724 198 2751 ὃν
225 2725 444 2763 εὖκτηριάζοντις
468 2727 538 2755 οἶκοι
555 2729 714 2768 εὐλογοῦσιν
739 2732 776 2762 ὡς
807 2732 932 2770 ἀργιεπί-

118 2779 221 2815 σκοπον,
249 2770 291 2798 ἐπὶ
313 2772 367 2798 τῶν
381 2772 529 2811 Λεωφόρων
543 2773 658 2810 ὑμνοῦσι
673 2777 813 2813 φροιμίοις
828 2777 933 2815 πολυῤ-

119 2813 203 2858 ῥόβοις
232 2816 344 2853 κραγὸν,
371 2816 385 2844 ὃ
415 2815 447 2851 δὴ
479 2815 599 2856 λέγεται,
627 2819 841 2858 ἀνακράζοντις·
871 2813 931 2854 ὅθεν

118 2857 203 2890 καλῶς
217 2858 261 2887 καὶ
278 2860 292 2888 ὁ
313 2861 428 2898 κόσμος,
443 2862 476 2890 τὰ
500 2863 567 2891 κατὰ
585 2866 637 2902 γῆν
654 2857 760 2901 δηλαδή
772 2866 816 2894 καὶ
832 2865 932 2900 θάλασ·

988 2368 1172 2396 mutantibus
1186 2368 1270 2404 ipsis,
1282 2367 1342 2395 sive
1357 2366 1452 2403 ignari
1467 2366 1526 2394 sive
1535 2365 1718 2397 doctisint,et
1732 2363 1812 2399 quod

988 2413 1121 2440 omnium
1138 2413 1311 2448 pessimum,
1341 2411 1451 2447 quibus
1475 2409 1572 2438 tenuis
1599 2408 1729 2437 hominis
1746 2409 1808 2436 loco

988 2457 1114 2485 habetur
1128 2465 1254 2493 magnus
1279 2456 1418 2493 pontifex,
1434 2457 1463 2483 et
1489 2454 1555 2482 laici
1570 2453 1643 2490 loco,
1655 2453 1698 2482 vir
1710 2452 1811 2490 populi

989 2502 1038 2538 qui
1054 2501 1101 2529 hic
1116 2503 1220 2535 exstat,
1232 2501 1257 2529 si
1273 2509 1331 2529 non
1347 2500 1452 2528 eximio
1467 2499 1564 2534 modo,
1594 2501 1724 2527 attamen
1752 2505 1810 2526 non

988 2545 1123 2574 ultimus.

1023 2646 1066 2673 27.
1084 2645 1131 2674 Sic
1146 2644 1235 2679 hujus
1246 2643 1302 2672 loci
1318 2643 1501 2671 mentiuntur
1510 2642 1645 2671 homines
1656 2641 1692 2669 de
1711 2647 1808 2668 sacer-

987 2691 1054 2719 dote
1069 2697 1185 2718 summo
1201 2688 1353 2724 loquentes
1364 2696 1451 2724 quem
1463 2687 1493 2715 in
1509 2687 1592 2723 impii
1609 2689 1716 2714 sortem
1726 2692 1807 2719 repo-

988 2737 1073 2769 nunt,
1088 2738 1117 2762 et
1131 2741 1218 2770 quem
1234 2733 1264 2760 in
1280 2733 1367 2760 domo
1383 2733 1524 2760 orationis
1540 2731 1717 2758 benedicunt
1743 2730 1808 2756 tan-

987 2788 1075 2817 quam
1092 2778 1356 2814 archiepiscopum,
1371 2778 1407 2805 de
1421 2785 1454 2806 eo
1476 2774 1674 2805 celeberrimis
1695 2773 1726 2800 in
1754 2771 1808 2800 viis

987 2825 1104 2861 fragosa
1119 2823 1236 2852 exordia
1251 2824 1381 2856 cantant,
1398 2822 1534 2853 clamore,
1551 2823 1584 2848 ut
1614 2820 1706 2853 aiunt,
1733 2817 1808 2845 νοεί-

986 2871 1126 2903 ferentes,
1143 2868 1221 2897 unde
1232 2868 1304 2896 bene
1319 2867 1351 2894 fit
1381 2869 1413 2895 ut
1440 2866 1530 2900 orbis,
1560 2864 1672 2894 scilicet
1699 2863 1807 2900 quain
