2021 3154
179 186 256 216 1055

177 254 254 280 terra
269 255 298 281 et
311 253 384 281 mari
398 255 427 282 et
441 262 516 289 aere,
547 264 600 284 nos
630 257 746 286 fallaces
775 260 803 287 et
831 259 998 295 deceptores
1013 260 1041 294 Α

178 297 269 325 fallat.
284 297 317 325 Et
332 298 361 326 in
382 299 448 334 hoc,
478 301 555 336 quod
594 301 658 330 ilias
682 305 813 339 tempore
837 306 1000 340 opportuno

178 344 207 369 et
221 349 356 371 sermone
371 345 399 370 et
415 352 463 372 ore
474 345 568 380 protul
598 355 664 382 ous,
677 355 731 375 sua
746 355 804 376 non
832 349 902 377 facit
924 349 1002 377 ordi-

179 387 248 414 nata
267 387 448 422 constitutio,
465 390 515 417 sed
546 390 570 417 vi
604 391 675 419 ssim
705 394 838 428 tempora
858 394 1002 421 variantia

180 432 232 458 aut
246 431 368 466 faciunt,
385 435 435 460 aut
459 434 584 469 patiunl.
600 443 620 469 r,
649 439 868 473 convertuntur,
898 439 1003 466 deinde

179 476 213 503 ad
225 475 324 503 odium
342 477 500 511 pristinum
525 480 658 515 redeunt,
671 483 699 508 et
713 482 778 510 sine
793 491 846 510 nos
858 492 908 519 spe
922 483 1002 511 inani

179 520 215 548 de
226 529 326 548 eorum
340 521 370 548 in
386 530 439 549 nos
456 523 657 553 benevolentia
673 525 790 554 fallunt.
821 527 868 555 Sic
892 529 920 555 et
949 537 1003 556 nos

178 565 311 600 improbe
327 565 375 593 alii
391 574 460 603 erga
481 568 554 596 alios
570 569 737 598 animamur
752 573 783 598 ut
798 580 856 599 non
871 572 1002 600 decebat.

180 609 252 637 Inibi
269 610 332 638 dico
347 613 377 638 ut
392 619 448 639 non
477 612 598 647 decebat,
624 615 764 650 quoniam
795 616 874 644 haud
911 626 1004 653 pauca

179 655 398 683 mendaciorum
429 665 486 684 non
518 658 629 693 absque
675 659 780 688 virtute
822 664 1005 698 componunt

177 698 322 732 homines,
339 700 473 728 consulto
483 703 669 730 mendacium
681 707 1004 743 prmstruentesltsque

178 743 328 771 interdum
342 743 502 773 laudantur
524 747 645 782 quidam
669 748 694 776 si
709 757 775 777 cum
804 751 1005 779 benevolentia

178 788 292 815 mentiti
309 788 379 822 sint,
396 792 425 817 et
439 789 546 818 iterum
568 792 773 828 vituperantur
796 795 820 822 si
850 803 1002 831 perperam

177 832 329 860 veritatem
340 833 480 862 dixerint.
498 836 532 863 Et
547 836 615 864 huic
632 837 784 867 ratiocinio
799 840 1003 868 testimonium

180 878 275 905 reddit
304 878 354 914 qui
385 879 499 915 primus
527 881 615 910 hocce
644 886 821 919 praeceptum
855 885 1002 914 tradidit:

180 921 302 953 Quando
316 925 431 957 oportet
456 925 641 954 mendacium
656 929 795 963 proferre,
812 929 918 965 profer.
948 930 1002 958 Sed

181 967 210 994 et
225 974 324 994 rarum
340 967 424 1003 illud,
438 970 466 996 et
494 970 662 1006 cogitationi
686 974 714 1000 et
728 973 856 1009 aequitati
886 974 1004 1010 penitus

179 1013 334 1047 repugnat.

216 1065 261 1091 28.
279 1064 365 1093 Aliud
381 1075 530 1096 summum
542 1076 684 1105 exponam
694 1073 880 1101 mendacium
896 1075 972 1110 quod
989 1083 1005 1104 θ

181 1109 293 1137 mundo
308 1109 404 1138 deleat
418 1114 504 1147 Deus,
526 1122 630 1151 nempe
658 1119 759 1145 contra
788 1118 886 1154 ipsum
905 1109 1002 1148 iDeum

183 1154 340 1182 mentiens.
368 1156 536 1186 Pactionem
563 1160 641 1187 enim
663 1161 802 1191 facientes
831 1164 1004 1192 irrevocabi-

182 1197 240 1226 lem
257 1207 345 1235 quam
361 1208 397 1228 ne
411 1201 498 1230 liceat
508 1203 701 1234 adulterarum
716 1207 748 1234 In
764 1209 883 1236 nomine
897 1209 1002 1244 Patris,

180 1242 345 1278 inquimus,
362 1247 390 1272 et
406 1245 468 1273 Filii
485 1250 513 1274 et
534 1250 626 1277 sancti
644 1251 782 1287 Spiritus,
800 1264 814 1278 ››
837 1262 890 1282 nec
906 1255 1002 1282 solum

180 1286 209 1314 id
230 1287 366 1322 dicimus,
382 1290 432 1318 sed
444 1292 531 1320 etiam
546 1293 651 1322 horum
663 1296 692 1323 in
709 1297 804 1332 capite
826 1298 1001 1334 scriptorum

180 1331 285 1367 crucis,
303 1334 406 1361 mundi
419 1335 656 1374 salutis,signum
665 1331 848 1370 adorandum
864 1331 1003 1380 superad-

180 1376 291 1411 dimus,
312 1379 449 1408 manibus
465 1383 657 1418 propriiillud
679 1386 869 1417 delineantes.
895 1376 1002 1418 deinde

181 1429 247 1449 cum
259 1425 419 1458 oportuerit
434 1426 462 1453 in
477 1426 562 1463 [opus
587 1430 730 1459 deducere
759 1434 835 1468 quod
860 1434 1000 1463 selectum

193 1475 250 1494 Le"
264 1470 284 1502 ι,
301 1467 372 1497 inibi
388 1471 415 1498 et
432 1475 533 1500 contra
562 1477 741 1511 scrutamur,
767 1467 793 1506 si
818 1478 935 1507 lucrum
964 1481 1003 1508 sit

180 1513 329 1547 quoddam
344 1518 395 1544 aut
410 1517 488 1546 aliud
501 1519 652 1557 effugium,
667 1524 833 1559 pactionem
849 1525 919 1554 ludo
939 1535 1002 1555 ver-

179 1559 283 1592 tentes,
301 1567 364 1595 quaa
378 1563 437 1590 tam
452 1566 615 1594 venerando
631 1567 714 1604 signo
730 1569 910 1605 inscribitur,
923 1571 1002 1606 jure-

177 1602 529 1642 jurandofirmamus,nec
541 1602 926 1651 cruceminsculpsisse,nec
933 1616 1002 1644 scri-

180 1647 275 1681 psisse
295 1650 471 1687 pactionem,
488 1653 591 1683 ultimo
602 1647 775 1692 juramentd
801 1647 945 1689 solventes
973 1663 1002 1689 et

181 1692 397 1728 praeﬂguratam
414 1704 530 1726 crucem
546 1703 574 1728 et
591 1703 789 1731 venerandam
813 1704 894 1732 illam
919 1706 999 1741 jura-

181 1738 279 1764 mento
305 1741 524 1774 superadditam
564 1746 780 1782 cogitationem.
817 1750 887 1777 Inde
920 1738 1000 1777 'mihi

182 1781 342 1810 meditandi
358 1786 386 1811 et
411 1788 560 1816 reverendi
583 1798 682 1826 causa,
698 1792 843 1827 siquidem
868 1802 1001 1822 commu-

182 1825 228 1853 nis
245 1826 385 1855 Dominus
401 1832 510 1864 noster,
527 1840 613 1868 quem
630 1835 659 1862 in
680 1836 773 1871 pactis
789 1838 1001 1873 adjuravimus,

182 1871 298 1904 portare
313 1880 368 1900 nos
379 1873 440 1902 vult
455 1883 571 1905 crucem
586 1878 677 1914 r,illnm
691 1871 921 1919 crucifixumque
954 1893 1002 1912 se-

182 1913 243 1947 qui,
261 1917 290 1941 et
304 1915 346 1943 sic
362 1919 607 1957 crucinegatores,
623 1924 647 1951 si
664 1925 706 1952 sic
721 1927 816 1954 vocari
845 1927 922 1964 licet,
949 1937 1002 1957 nos

182 1958 365 2008 ostendimus
390 1965 418 1990 et
438 1964 578 1999 perimus.
608 1969 700 1998 Homo
731 1958 922 2008 Christiana,
939 1982 1002 2002 ver-

267 2003 391 2040 simplex
407 2007 430 2035 si
450 2008 533 2046 dicis,
553 2021 609 2040 non
633 2013 737 2044 imtile
761 2017 882 2046 reddere
899 2001 1001 2053 debes,

182 2048 327 2096 etjurans
351 2053 482 2081 mentiris
527 2067 537 2081 ιι
564 2057 672 2093 Juravi,
707 2061 757 2096 ait,
793 2064 822 2090 et
855 2063 1002 2093 statui‘.»

183 2091 262 2141 iit-tu
271 2093 357 2141 jura:
372 2099 400 2125 et
423 2100 508 2134 quasi
539 2091 670 2132 nihilum
688 2091 812 2141 abjicisl
832 2108 911 2136 Retis
940 2091 1002 2137 loco

181 2138 495 2179 habesjuramentum,
514 2146 590 2175 sicut
603 2147 709 2176 illicem
722 2138 753 2177 id
780 2152 927 2189 producis,
952 2162 1004 2189 per

184 2184 261 2218 quod
290 2189 408 2222 captare
438 2189 481 2217 vis
504 2199 560 2219 non
584 2192 680 2221 solum
712 2184 926 2232 simpliciores;
951 2184 1002 2226 sed

182 2231 210 2256 et
225 2229 274 2264 qui
290 2231 326 2258 ad
344 2231 474 2268 intimos,
486 2235 613 2264 scientiae
637 2245 787 2275 recessus,
803 2244 1000 2276 penetrarunt.

182 2274 217 2301 Et
245 2275 315 2312 quid
345 2277 420 2305 ultre
451 2279 519 2307 facit
544 2281 678 2311 diabolus
713 2274 856 2314 mendacii
895 2289 1041 2342 pater?D

182 2320 347 2342 nninngnnf
372 2321 422 2342 mn
466 2327 495 2342 ιιι
525 2325 564 2342 ιιι.
609 2326 701 2342 δίη...
753 2330 801 2342 -..ε
838 2331 935 2342 _-.__-,.
973 2332 979 2342 ε

181 2320 349 2354 cujussunt
372 2321 434 2356 ﬁlii,
466 2327 498 2351 ut
525 2325 566 2352 ita
608 2326 713 2363 dicam,
752 2330 802 2365 qui
834 2320 937 2366 jurdnt
972 2332 1002 2360 in

182 2364 259 2398 dolo,
288 2366 397 2403 quippe
422 2368 471 2404 qui
501 2370 686 2400 mendacium
715 2373 808 2410 ctipsi
828 2364 936 2404 diaboli
961 2377 1003 2405 in-

182 2410 244 2436 star
266 2411 394 2448 pariunt,
421 2413 492 2442 solis
513 2416 698 2445 sermonibus
728 2419 937 2450 afﬁrmationes
962 2429 1003 2450 re-

180 2456 338 2483 servantes.

213 2599 259 2627 29.
275 2601 448 2630 Suntmulti
460 2603 548 2631 etiam
561 2603 639 2631 inter
667 2605 757 2641 hujus
786 2607 926 2643 temporis
951 2608 1002 2635 ho-

179 2644 479 2683 mines:gloriabundi
492 2651 519 2676 et
545 2648 674 2678 dicentes
703 2652 910 2688 unusquisque
934 2653 1003 2688 quia

179 2691 261 2720 Meus
275 2699 372 2720 sermo
387 2700 454 2720 vere
470 2701 565 2721 sermo
581 2697 635 2722 est.
653 2695 692 2723 De
712 2696 819 2731 quibus
835 2705 887 2733 ego
903 2697 1003 2725 ridens

178 2738 242 2766 volo
269 2747 350 2767 meos
375 2738 494 2774 gloriari
519 2748 760 2777 unumquemque
795 2742 823 2769 in
867 2743 1002 2778 Domino,

178 2783 247 2818 quia
276 2783 359 2812 Meus
387 2792 485 2813 sermo
504 2793 562 2813 non
600 2793 696 2814 sermo
726 2786 909 2823 simpliciter,
951 2789 1001 2816 scd

213 2866 224 2884 ⁸
238 2866 315 2895 Psal.
330 2874 428 2904 cxvm,
445 2869 507 2904 106,

567 190 776 222 EUSTATHII
798 193 847 223 ΤΗ
856 193 1182 226 ESSALONICENSIS
1205 194 1498 226 METROPOLITJE

1806 195 1892 227 1056

1056 269 1101 287 σαν
1115 260 1159 287 καὶ
1187 260 1264 298 ἀέρα,
1294 259 1420 298 ψεύδουσι
1449 261 1513 293 τοὺς
1528 261 1641 299 ψεύστας
1656 260 1787 298 ἡμᾶςκαὶ
1814 261 1892 288 ἁπα-

1055 307 1167 336 τεῶνας.
1197 305 1248 334 Καὶ
1276 308 1357 334 τοῦτο
1384 305 1428 340 δὴ,
1455 307 1527 334 ὃκαὶ
1545 305 1648 334 ἄλλοτε
1660 308 1758 343 καιροῦ
1785 305 1893 333 πλατεῖ

1055 349 1100 376 καὶ
1116 348 1193 387 λόγῳ
1208 350 1254 377 καὶ
1279 350 1392 387 στόματι
1415 350 1528 390 ἔφαμεν,
1556 350 1587 378 οὐ
1616 353 1690 378 ποιεῖ
1703 351 1736 377 τὰ
1751 351 1852 385 ἑαυτῆς
1870 351 1889 384 ἡ

1056 396 1214 432 στοιχειακή
1237 395 1407 427 κατάστασις·
1432 395 1504 423 ἀλλὰ
1519 394 1635 431 ἐναλλὰξ
1657 396 1691 423 τὰ
1706 394 1841 431 ἀλλήλων
1861 396 1890 422 οἱ

1057 439 1147 476 καιροὶ
1176 437 1334 476 ἀμείϐοντες
1363 440 1380 475 ἢ
1411 442 1534 468 ποιοῦσιν
1564 440 1582 475 ἢ
1612 440 1762 478 πάσχουσιν
1782 462 1789 474 ,
1819 440 1887 468 ἀνα-

1058 485 1228 522 στραφέντες,
1260 484 1307 512 εἴτ’
1338 484 1383 512 οὖν
1411 485 1603 523 ἀνατραπέντες
1627 485 1666 516 εἲς
1688 485 1720 512 τὸ
1747 484 1892 521 παλίγκο-

1057 539 1112 563 τον,
1128 529 1172 556 καὶ
1197 529 1268 557 οὕτω
1284 528 1426 567 ψεύδοντες
1443 532 1517 566 ἡμᾶς
1540 532 1594 557 τῶν
1624 530 1664 557 ἐπ’
1692 529 1776 564 αὐτῆς
1806 528 1892 556 ἐλπί-

1059 572 1113 601 δων
1143 574 1212 612 πρὸς
1242 574 1395 611 ὁμοιότητα
1420 575 1469 609 τὴν
1500 574 1525 602 ἐν
1556 576 1623 611 ἡμῖν
1642 596 1648 602 .
1684 575 1735 602 Καὶ
1762 574 1814 612 γὰρ
1842 574 1894 601 καὶ

1058 620 1139 655 ἡμεῖς
1155 619 1225 646 οὕτω
1251 622 1341 650 κακῶς
1363 619 1506 654 ἀλλήλους
1530 618 1710 655 διατιθέμεθα,
1740 619 1810 646 καθά
1839 618 1896 646 οὐκ

1059 664 1154 702 ἐχρῆν.
1183 665 1262 702 Λέγω
1288 663 1316 691 δὲ
1345 664 1458 691 ἐνταῦθα
1472 664 1503 691 τὸ
1534 664 1583 691 οὐκ
1611 664 1706 701 ἐχρῆν,
1737 662 1808 690 διότι
1839 663 1895 690 οὐκ

1059 709 1140 746 ὀλίγα
1167 711 1220 736 τῶν
1247 708 1408 745 ψευσμάτων
1431 708 1481 736 οὐκ
1506 708 1557 744 ἔξω
1586 709 1683 744 ἀρετῆς
1711 706 1894 742 ἐπιτηδεύον-

1058 755 1268 791 ταιᾶνορωποι,
1300 751 1490 790 μεθοδεύοντες
1520 752 1704 789 οἰκονομικῶς
1731 752 1762 779 τὸ
1790 750 1893 788 ψεύδε-

1060 805 1130 832 σθαι.
1147 798 1193 826 Διό
1218 798 1262 826 καὶ
1287 798 1457 825 ἐπαινοῦνται
1484 797 1530 834 μέν
1560 807 1630 828 τινες
1655 795 1726 824 ἔστιν
1755 795 1836 832 ὅπου,
1867 796 1892 823 εἰ

1060 845 1101 872 ἐπ’
1132 845 1223 881 ἀγαθῷ
1247 843 1400 880 ψεύσονται·
1426 842 1555 880 ψὲγονται
1582 841 1611 869 δὲ
1635 841 1667 869 αὖ
1691 840 1787 876 πάλιν,
1804 840 1832 869 εἷ’
1858 851 1893 877 γε

1062 889 1100 926 μὴ
1117 888 1276 927 πρεπόντως
1292 887 1502 922 ἐπαληθεύουσι.
1534 886 1583 914 Καὶ
1605 885 1767 924 μαρτύρεται
1783 888 1825 922 τῷ
1840 885 1891 914 λό-

1020 944 1043 977 B
1059 944 1099 971 γῳ
1113 933 1203 969 τούτῳ
1217 933 1262 959 καὶ
1280 932 1293 959 ὀ
1317 930 1546 977 γνωμοδοτῆσας,
1559 932 1599 977 ,ὡς
1615 932 1697 977 Ἔνθα
1708 941 1735 977 τι
1750 931 1816 977 χρῆ-
1827 932 1893 967 ψεῦ-

1061 978 1107 1010 δος
1124 978 1260 1015 λεγέσθαι,
1278 976 1412 1014 λέγισθω.
1437 975 1514 1005 Ἀλλ’
1536 976 1601 1004 αὐτὸ
1618 976 1666 1012 μὲν
1689 975 1735 1002 καὶ
1765 975 1892 1009 σπάνιον,

1059 1024 1104 1051 καὶ
1121 1022 1317 1060 δυσθεώρητον,
1333 1021 1379 1049 καὶ
1394 1019 1457 1049 οὐδὲ
1472 1019 1653 1058 εὐδιάκριτον.

1095 1080 1147 1113 κη’.
1164 1077 1235 1114 Ἐγὼ
1260 1074 1289 1103 δὲ
1313 1075 1356 1103 καὶ
1373 1074 1443 1103 ἄλλο
1467 1077 1616 1113 κορυφαῖον
1640 1073 1791 1110 ἐκθήσομαι
1821 1075 1889 1110 ψεῦ-

1060 1133 1125 1158 σμα,
1142 1122 1207 1158 ὅπερ
1224 1120 1370 1157 ἀπαλείψοι
1394 1120 1408 1147 ὁ
1429 1120 1494 1151 Θεὸς
1519 1119 1547 1146 ἐκ
1569 1121 1618 1146 τοῦ
1633 1118 1748 1154 κόσμου,
1780 1118 1818 1149 ὡς
1840 1118 1888 1145 καί

1058 1168 1116 1194 κατ’
1159 1165 1240 1194 αὐτοῧ
1282 1164 1383 1192 ἐκείνου
1425 1163 1605 1202 ψευδόμενον.
1648 1162 1888 1194 Συναλλάττοντες

1058 1212 1109 1250 γὰρ
1147 1210 1285 1250 ἀσφαλῶς,
1324 1210 1362 1240 ὡς
1400 1210 1439 1246 μή
1476 1209 1572 1244 ἐξεῖναι
1609 1211 1798 1246 παραποιῆσαι
1835 1208 1889 1241 τὴν

1058 1256 1244 1294 συναλλαγήν,
1275 1267 1289 1281 ‹‹
1318 1255 1362 1283 Ἐν
1391 1254 1515 1290 ὀνόματι,
1551 1253 1650 1290 φαμὲν,
1694 1255 1741 1280 τοῦ
1781 1253 1888 1289 Ματρὸς

1057 1303 1101 1330 καὶ
1126 1303 1173 1329 τοῦ
1202 1301 1265 1328 Υ¹ιοῦ
1291 1299 1335 1327 καὶ
1357 1301 1406 1326 τοῦ
1435 1298 1513 1336 ἁγίου
1535 1299 1698 1334 Πνεύματος·
1729 1309 1743 1322 ››

1059 1347 1138 1384 μόνον
1171 1345 1287 1384 λέγομεν
1324 1344 1414 1378 αὐτὸ,
1444 1343 1516 1371 ἀλλά
1548 1343 1592 1370 καὶ
1620 1342 1800 1380 προτιθὲαμεν
1826 1344 1882 1369 τῶν

1055 1392 1210 1430 γραφέντων
1225 1389 1327 1417 τούτων
1356 1390 1404 1416 τοῦ
1432 1387 1658 1425 κοσμοσωτηρίου
1688 1388 1804 1421 σταυροῦ
1833 1386 1882 1413 τύ-

1056 1446 1106 1464 πον
1131 1434 1337 1473 προσκυνητὸν,
1367 1432 1462 1470 χερσὶν
1501 1430 1583 1462 ἰδίαις
1612 1431 1691 1459 αὐτὸν
1721 1430 1882 1468 προχαράσ-

1057 1491 1158 1511 σοντες.
1196 1480 1263 1508 Εἶτα
1299 1477 1395 1512 δεῆσαν
1434 1475 1546 1512 ἐκϐῆναι
1578 1477 1609 1504 τὸ
1638 1476 1739 1513 αἱρεθέν
1771 1476 1816 1502 καί
1845 1475 1885 1506 εἰς

1057 1525 1148 1564 ἔργον,
1184 1524 1248 1552 ἀλλ’
1286 1523 1398 1554 ἐνταῦθα
1432 1521 1593 1558 ζητούμενοι
1622 1520 1726 1548 δάνειον
1756 1521 1842 1564 τυχὸν
1866 1520 1886 1554 ἢ

1057 1562 1175 1607 ἑτεροίαν
1218 1567 1400 1607 ὀφειλομένην
1439 1564 1596 1600 ἀπόϐασιν,
1633 1567 1680 1592 τοῦ
1711 1562 1886 1601 συμϐολαίου

1056 1614 1295 1652 κατορχούμενοι,
1324 1611 1355 1639 οὗ
1383 1613 1494 1639 τοιαῦτα
1523 1611 1620 1650 φρικτᾶ
1648 1610 1885 1648 προγεγράφαται,

1057 1659 1232 1695 ἐπομνύμευα
1267 1658 1336 1694 μήτε
1375 1655 1488 1694 σταυρὸν
1528 1654 1694 1693 προγράψαι,
1739 1655 1810 1690 μήτε
1838 1664 1886 1681 τυ-

1056 1704 1196 1731 πώσασθαι
1227 1701 1427 1739 συνάλλαγμα,
1455 1700 1528 1738 ὅρκῳ
1557 1700 1644 1736 τούτῳ
1674 1700 1777 1737 ὑστέρῳ
1806 1709 1888 1726 κατα-

1057 1747 1168 1779 λύοντες
1197 1747 1242 1775 καὶ
1276 1747 1321 1774 τὸν
1357 1744 1586 1783 προηγησάμενον
1617 1745 1729 1781 σταυρὸν
1758 1745 1804 1771 καὶ
1832 1746 1884 1777 τήν

1057 1793 1171 1832 φρικτὴν
1199 1792 1301 1827 ἐκείνην
1328 1788 1435 1828 ἔνορκον
1469 1788 1570 1818 ἔννοιαν
1589 1811 1595 1817 .
1632 1790 1773 1820 Κάνταῦθα
1811 1786 1886 1815 ἔστιν

1057 1837 1148 1874 ἔμοιγ’
1177 1836 1222 1864 οὖν
1251 1838 1415 1863 συννοεῖσσαι
1441 1835 1486 1863 καὶ
1514 1834 1629 1874 φρίττειν
1646 1856 1653 1868 ,
1683 1832 1759 1871 εἴπερ
1789 1833 1803 1860 ὁ
1835 1833 1884 1869 μὶν

1057 1882 1146 1914 κοινὸς
1168 1879 1307 1916 Δεσπότης
1336 1881 1430 1916 ἡμῶν,
1457 1881 1486 1906 ’ὀν
1517 1879 1543 1906 ἐν
1568 1881 1625 1910 τοῖς
1656 1877 1884 1915 συναλλάγμασιν

1326 1924 1410 1962 α’ίρειν
1446 1925 1490 1952 καὶ
1530 1924 1642 1962 σταυρὸν
1681 1925 1778 1950 τοῦτον
1809 1924 1885 1958 ἡμᾶς

1772 1297 1818 1324 καὶ
1847 1297 1882 1324 οὗ

1057 1928 1283 1965 ὁρκωμοτοῦμεν,
1326 1928 1410 1962 α’ίρειν
1446 1928 1490 1952 καὶ
1530 1928 1642 1962 σταυρὸν
1681 1928 1778 1950 τοῦτον
1809 1928 1826 1957 ἡ

1058 1971 1154 2006 ἰθὲλει,
1184 1971 1229 1998 καὶ
1257 1969 1416 2002 ἀκολουθεῖν
1446 1969 1486 2005 τῷ
1514 1969 1702 2004 ἀντικειμένῳ,
1717 1968 1763 1995 καὶ
1794 1968 1886 1999 οὕτως

1058 2015 1289 2055 ἀρνησίςινταυροι⁷
1324 2015 1360 2045 ὡς
1394 2014 1479 2045 οὕτως
1517 2013 1671 2050 ὀνομάσαι,
1711 2011 1886 2048 δεικνύμενοι

1058 2060 1246 2097 ἀπολλύμεθα.
1271 2060 1411 2096 ’Ἄνθρωπε
1434 2058 1585 2096 Χριστιανὶ,
1617 2057 1697 2095 λόγον
1727 2056 1811 2093 ψιλὸν
1842 2057 1888 2084 ὲᾶν

1058 2105 1147 2143 εἶῆιῃς,
1177 2105 1226 2132 οὐκ
1260 2103 1380 2144 ὀφείλεις
1408 2104 1535 2138 ἀθετῆσαι
1564 2103 1666 2131 αὐτόν·
1698 2102 1744 2129 καὶ
1775 2102 1889 2138 ὀμνύων

1057 2149 1235 2187 ψευδολογεῖς
1249 2158 1256 2184 ;
1274 2161 1287 2174 ι(
1304 2151 1421 2185 νΩμοσα,
1439 2148 1530 2186 φησὶν,
1547 2148 1592 2175 καὶ
1616 2145 1726 2182 ἕστησα.
1742 2158 1755 2172 ι
1790 2148 1838 2174 Καὶ
1854 2147 1887 2174 σὺ

1058 2195 1168 2232 ὀμνύεις
1191 2194 1235 2221 καὶ
1260 2192 1460 2231 καταρῥιπτεῖς,
1489 2192 1564 2220 Ἀντί
1589 2190 1703 2229 παγίδος
1729 2190 1782 2227 ἄρα
1811 2191 1886 2229 ἔχεις

1057 2240 1102 2267 τὸν
1118 2239 1210 2277 ὅρκον,
1227 2239 1264 2269 ὡς
1290 2236 1384 2275 δέλεαρ
1405 2237 1485 2265 αὐτὸν
1505 2235 1663 2275 προϐάλλῃ,
1691 2236 1737 2263 καί
1761 2235 1884 2264 ἁλία-χειν

1059 2284 1094 2312 δι’
1123 2284 1204 2311 αὐτοῦ
1232 2282 1345 2317 ἐθέλεις,
1375 2282 1412 2319 μὴ
1442 2281 1484 2309 ὅτι
1512 2293 1542 2319 γε
1568 2281 1631 2312 τοὺς
1659 2281 1883 2318 ἁπλουστέρους,

1058 2329 1130 2358 ἀλλά
1144 2329 1188 2357 καὶ
1206 2327 1324 2366 μᾶλλον,
1341 2327 1400 2355 ὅσοι
1417 2327 1443 2359 ἐς
1471 2327 1538 2364 βαθὺ
1566 2327 1704 2363 νοήματος
1737 2327 1883 2364 βάπτουσι.

1058 2375 1106 2402 Καὶ
1121 2373 1147 2402 τί
1162 2373 1257 2401 πλεῖον
1273 2373 1375 2400 ποιεῖὸ
1398 2369 1539 2405 διάϐολος,
1569 2372 1582 2399 ὁ
1611 2373 1659 2399 τοῦ
1686 2370 1805 2407 ψεύδους
1833 2382 1881 2399 πα-

1057 2420 1126 2457 τήρ;
1150 2418 1180 2445 οὗ
1204 2417 1350 2451 σύντεκνοι,
1384 2417 1423 2448 ὡς
1454 2415 1540 2447 οὕτως
1571 2415 1667 2449 ιῗπεῖν,
1693 2416 1739 2442 nisi
1766 2416 1793 2443 οἱ
1822 2416 1884 2452 ψεύ-

1058 2462 1171 2501 δορκοι,
1195 2462 1289 2490 καθότι
1315 2460 1400 2499 ψεύδη
1425 2461 1470 2489 καὶ
1499 2461 1575 2488 αὐτοὶ
1601 2461 1658 2488 κατ’
1687 2459 1790 2487 ἐκεῖνον
1820 2461 1886 2487 ἀπο-

1057 2507 1224 2543 κυΐσκουσιν,
1252 2506 1277 2534 ἐν
1310 2507 1403 2543 μόνοις
1431 2506 1525 2543 λόγοις
1552 2507 1741 2542 περιιστῶντςς
1769 2506 1804 2532 τὰ
1831 2508 1884 2532 τῶν

1057 2553 1222 2585 καταθέσεων
1227 2574 1233 2581 .

1093 2611 1142 2639 κθ’.
1160 2606 1208 2633 Καὶ
1225 2605 1277 2633 εἷ’σί
1293 2605 1339 2642 μὶν
1367 2603 1470 2632 πολλοὶ
1503 2604 1585 2642 μέχρι
1600 2603 1644 2630 καὶ
1667 2603 1693 2630 ὲν
1722 2606 1782 2631 τοῖς
1812 2604 1882 2640 ἄρτι,

1058 2651 1204 2690 αὐχοῦντες
1216 2649 1340 2684 ἕκαστος,
1359 2649 1384 2677 ἐν
1400 2648 1440 2686 τῷ
1453 2647 1554 2686 λέγειν,
1583 2649 1624 2675 δτι
1652 2648 1683 2676 Ὁ
1708 2647 1774 2684 ἐμὸς
1803 2647 1883 2685 λόγος

1058 2696 1141 2734 λόγος
1171 2696 1250 2724 ἐστίν.
1282 2694 1360 2724 Ἀλλ’
1389 2694 1443 2730 ἐγὼ
1471 2692 1629 2730 καταγελῶν
1655 2695 1709 2719 τῶν
1738 2693 1883 2725 τοιούτων,

1057 2741 1144 2774 ἐθέλω
1172 2742 1236 2773 τοὺς
1265 2739 1349 2777 ἐμοὺς
1377 2740 1422 2766 τὸν
1447 2739 1507 2770 καθ’
1532 2736 1580 2765 ἕνα
1608 2739 1761 2775 καυχᾶσθαι
1784 2738 1810 2764 ὲν
1836 2740 1883 2764 Κυ-

1058 2787 1119 2824 ρίῳ,
1141 2785 1181 2814 δτι
1203 2787 1234 2814 Ὁ
1263 2785 1329 2822 ἐμὸς
1352 2783 1435 2822 λόγος
1462 2783 1492 2810 οὐ
1506 2781 1590 2820 λόγος
1606 2780 1710 2816 ἁπλῶς,
1724 2781 1788 2809 ἀλλ’
1804 2781 1880 2820 ἔργον
