2021 3154
114 150 176 183 1057

599 143 790 177 EPISTOLA
813 145 865 175 AD
887 140 1293 174 THESSALONIGENSES.

1717 146 1794 177 1058

113 216 166 251 ἐστὶ,
180 213 274 249 πολλῷ
291 211 323 247 δὴ
339 212 436 248 πλέον,
452 212 467 239 ὁ
482 211 526 239 καὶ
553 212 621 247 μετὰ
644 210 737 248 ὅρκου.
752 209 839 246 Λόγος
869 209 916 246 μὲν
932 211 947 242 Α

1005 217 1048 236 ius
1073 211 1137 243 est;
1166 217 1183 236 a
1211 208 1324 236 fortiori
1352 209 1375 236 si
1405 217 1500 237 sermo
1530 210 1705 239 adhibeatur
1731 220 1798 240 cum

114 262 155 299 γὰρ
176 260 239 290 ἄπας
259 259 324 294 ἁέρα
352 257 469 292 πλήξας,
497 255 542 283 καὶ
563 255 650 287 οὕτως
677 254 757 282 αὐτὸν
781 253 918 291 ὀχλήσας,

114 303 282 342 συγκατελνόοη
306 304 345 338 τῷ
371 301 534 337 ἀκούσματι·
556 300 570 327 ὁ
597 298 626 327 δε
639 299 685 327 καὶ
707 298 839 337 ἔγγραφος
869 298 923 335 οὐχ

115 349 192 380 ἁπλῶς
217 347 296 385 ἀέρος
325 346 381 374 ἐστὶ
412 344 601 382 διατιναγμὸς,
624 343 686 372 ἀλλ’
718 342 769 378 ἤδη
799 344 923 379 σεσωμα-

115 392 254 427 τωται,καὶ
285 391 338 418 ἀπὸ
364 391 451 425 ἀκοῆς
479 390 517 421 εἷς
544 389 605 417 Θὲαν
634 385 745 425 μετέϐη,
761 388 805 415 καὶ
824 386 924 424 βλεπό-

119 448 184 476 μενος
206 435 406 473 δημοσιεύεται,
422 435 466 462 καὶ
492 435 542 462 ὅσα
565 433 611 461 καὶ
638 432 727 468 στήλη
754 432 779 459 ἐν
802 434 842 468 τῷ
864 430 924 458 ἐδά-

118 494 152 522 φει
175 483 220 510 τοῦ
250 480 377 509 πινακίου
407 478 637 519 ἐμφαίνεταιοκαὶ
664 478 710 505 τὸν
740 477 786 513 μὶν
815 476 925 513 εὕορκον

119 520 296 563 ἀποσεμνύνει,
320 525 506 552 κατάπτυστον
536 522 565 550 δὲ
594 521 723 550 ἀποτελεῖ
756 521 802 549 τὸν
837 520 928 558 ἐπίορ-

117 582 156 600 κον
161 595 166 600 .

148 616 177 644 l'.
193 615 226 644 Τί
252 613 298 642 οὗν
331 615 368 651 μή
397 617 447 648 τῆς
462 611 616 651 κρείττονος
638 609 747 648 μερίδος
777 610 928 648 γινόμεθα;

118 661 145 690 Τί
158 660 199 688 τὸν
228 659 312 697 λόγον
342 657 506 696 αἲσχύνομεν
536 658 583 684 τὸν
612 655 640 683 ἐν
668 654 806 692 ἡμῖν,κηὶ
833 653 929 681 διἀὑ-

119 707 159 732 τοῦ
172 704 273 732 καὶτὸν
297 703 380 740 μέγαν
405 703 449 729 καὶ
477 701 630 738 πρώτιστον
656 699 744 737 Λόγον
770 698 932 737 παροργίζο-

120 759 170 785 μεν,
186 747 218 776 δι’
234 748 266 775 οὗ
281 747 312 775 τὸ
326 749 372 774 καί
389 748 436 783 ζῇν
466 747 511 773 καὶ
536 744 629 773 λαλεῖν
653 744 698 771 καὶ
721 746 791 771 νοεῖν
809 743 931 780 ἐσχήκα-

121 803 181 830 μεν;
211 790 274 824 ἔνθα
303 790 452 819 κινδυνεύει
481 790 511 818 τὸ
541 789 610 827 μέγα
639 788 736 816 ἐκεῖθεν
766 787 864 825 ἀγαθὸν
893 786 932 817 εἰς

119 838 190 866 κακὸν
214 838 284 874 ἡμῖν
305 834 499 870 ἀποτελευτᾷν.
517 834 549 862 El
578 834 627 871 γὰρ
648 832 795 862 λαλοῦντες
823 832 861 868 μὴ
889 830 934 858 καὶ

120 884 174 910 νοῦν
188 879 312 920 εἷ’γομεν,
328 880 380 908 οὐχ
399 879 429 907 ἂν
454 880 522 916 ἡμῖν
548 881 671 914 πταῖσμα
697 877 732 911 ἦν
762 875 851 910 οὐδὲν,
868 877 937 907 καθὰ

971 254 1152 290 juramento.
1167 253 1241 281 Nam
1256 261 1353 281 sermo
1369 254 1487 289 quidem
1507 255 1604 283 omnis
1620 264 1716 284 aerem
1733 265 1798 285 ver-

977 298 1060 326 berat
1074 299 1103 325 et
1117 297 1160 325 sic
1175 297 1304 334 agitatus
1321 297 1421 325 statim
1433 307 1466 326 ac
1480 299 1599 327 auditus
1613 302 1657 328 est
1671 301 1800 330 evanuit.

979 342 1032 375 Qui
1048 350 1114 370 vero
1136 343 1182 369 est
1211 342 1350 378 scriptus,
1380 351 1437 370 non
1466 343 1638 378 simpliciter
1660 347 1705 373 est
1726 346 1802 374 aeris

980 387 1150 420 commotio,
1163 386 1214 414 sed
1227 387 1290 422 jam
1303 395 1410 423 corpus
1423 388 1596 423 assumpsit,
1609 391 1636 416 et
1648 390 1684 417 ab
1701 391 1802 418 auditu

980 431 1010 459 in
1026 431 1227 468 spectaculum
1242 432 1360 467 transit,
1377 434 1405 459 et
1419 432 1462 460 sic
1487 432 1622 468 publicus
1638 434 1680 468 ﬁt,
1697 437 1725 463 et
1739 437 1805 463 tan-

982 485 1072 513 quam
1087 475 1225 504 columna
1237 476 1266 503 in
1282 476 1388 503 tabulae
1400 476 1463 504 basi
1477 479 1607 513 apparet,
1619 478 1805 513 etjusjuran-

983 521 1052 548 dum
1069 522 1220 548 servantes
1240 520 1326 548 laude
1349 521 1465 556 dignos,
1491 522 1727 558 contemptibiles
1742 531 1808 551 vero

983 566 1118 602 perjuros
1132 565 1239 593 reddit.

1019 611 1065 638 30.
1087 610 1180 644 Quare
1196 617 1264 646 ergo
1282 617 1338 637 non
1354 609 1497 646 optimam
1522 614 1635 647 partem
1652 612 1785 648 eligimus
1796 613 1810 640 ἱ)

985 663 1075 690 quare
1090 662 1256 682 sermonem
1272 654 1302 681 in
1328 654 1412 682 nobis
1437 655 1593 689 foedamus,
1610 658 1638 683 et
1666 656 1734 684 inde
1749 665 1812 685 ma-

986 707 1076 734 gnum
1092 701 1121 727 et
1136 699 1262 735 primum
1278 698 1408 726 Verbum
1425 700 1461 726 ad
1473 699 1548 727 iram
1565 700 1813 737 eoncitamus,per

987 744 1107 780 quodet
1123 743 1218 771 vivere
1233 745 1262 771 et
1286 743 1366 779 loqui
1392 747 1421 771 et
1440 744 1568 780 cogitare
1583 745 1736 779 habemus,
1753 754 1812 781 quo

987 788 1189 825 periclitamur
1205 796 1346 824 magnum
1362 788 1471 816 bonum
1489 789 1516 815 in
1536 789 1646 817 malum
1662 790 1747 818 nobis
1762 799 1812 818 ex-

988 832 1161 869 stinguere?
1175 832 1204 859 Si
1220 832 1298 860 enim
1313 832 1467 868 loquentes
1487 832 1668 862 intellectum
1684 842 1742 863 non
1758 835 1814 863 ba-

989 878 1137 913 beremus,
1153 877 1228 905 nihil
1243 877 1327 906 nobis
1335 878 1417 906 casui
1434 881 1523 911 esset,
1534 879 1612 907 sicut
1626 887 1678 908 nec
1694 880 1724 908 in
1740 880 1813 908 irra-

122 926 176 955 οὒδὲ
189 909 372 967 τοΙῖςιάγάλοις
383 926 438 952 τῶν
456 909 544 958 illam.
566 922 614 950 Καί
627 909 679 950 τιου
745 923 782 957 μή
812 920 935 967 ἐχέφρών

1005 909 1184 950 ionabilibus
1212 921 1402 950 animalibus.
1440 922 1473 950 Et
1498 909 1571 951 forte
1604 923 1655 959 qui
1684 933 1742 953 non
1771 927 1817 953 est

122 971 294 1008 κακολογήσει
309 970 340 997 τὸ
356 969 381 996 ἐν
405 969 559 1006 ἀνθρώποις
585 967 704 1004 ἄριστον,
726 967 758 994 τὸ
782 966 885 1002 νοερὸν,
900 966 937 995 ὡς

124 1017 161 1044 οἶα
175 1015 323 1054 χείριστον.

154 1070 200 1098 λα’.
217 1070 258 1098 Τὸ
277 1067 305 1096 δὲ
321 1066 355 1102 δὴ
370 1070 465 1106 χεῖρον
482 1066 509 1094 ἒν
524 1069 583 1097 τοῖς
605 1065 754 1099 τοιούτοις,
768 1062 808 1092 ὅτι
839 1063 936 1101 ψευσά»

126 1125 193 1150 μενοι
210 1113 256 1150 μὲν
274 1123 340 1140 ποτε
355 1112 386 1139 οὐ
405 1113 463 1143 καθ”
479 1110 614 1146 ἑκούσιον,
629 1108 792 1146 αἰδούμεθα,
817 1108 861 1136 καὶ
893 1118 939 1144 με·

123 1158 302 1195 ταμελόμεῦα,
323 1157 368 1184 καὶ
402 1155 612 1193 ἀπολογούμεθα
647 1154 713 1192 ὑπὲρ
742 1155 821 1190 ἡμῶν
851 1152 939 1180 αὐτῶν

124 1202 234 1239 ὁτιμάλα
250 1200 418 1232 σπουδαίως.
435 1200 480 1228 καὶ
507 1199 669 1238 συγγνώμην
695 1198 883 1234 ἐξαιτούμεθα,
902 1197 939 1233 μὴ

123 1247 162 1274 καὶ
177 1246 287 1284 ἁλῶμεν
301 1247 349 1273 τοῦ
370 1244 525 1282 ψεύδεσθαι.
537 1243 649 1275 ’Ἄλλως
665 1242 694 1270 δὲ
708 1241 870 1279 ψευδόμενοι
885 1241 942 1269 κατ’

125 1290 276 1329 ἐπίγνωσιν,
303 1290 348 1318 καὶ
369 1290 540 1327 τεχνώμεναι
569 1289 618 1323 τὴν
642 1286 835 1325 ψευδολογίαν,
861 1287 942 1313 ὁποῖα

126 1336 165 1363 καί
182 1347 207 1363 τι
232 1335 361 1373 λαμπρὸν
387 1333 566 1370 ἐπιτήδευμα,
581 1333 649 1360 κατὰ
671 1334 725 1360 τῶν
742 1330 818 1359 οὐδὲν
850 1330 942 1359 αἰτίων

127 1379 305 1418 ἆόρυνὸμεοα,
329 1380 365 1410 ὡς
395 1377 452 1406 οὐδ’
480 1377 509 1405 ἃν
537 1377 722 1415 τρισαριιπεὺς
750 1377 817 1404 κατὰ
845 1376 943 1412 ὁμοίου

127 1425 206 1460 τινὸς,
219 1425 300 1458 νίκης
318 1425 386 1461 μέγα
397 1422 479 1454 κῦδος
494 1423 638 1460 ἀράμενος,
653 1422 698 1449 καὶ
715 1420 771 1448 οὐδ’
786 1420 816 1448 ἂν
834 1421 847 1447 ὁ
864 1421 945 1457 μέγας

127 1468 203 1497 Δαυὶδ
229 1469 319 1500 οὕτως
348 1466 537 1505 ἠγαλλιάσατο
561 1467 578 1501 ἢ
608 1467 790 1503 ἐκαυχήσατο,
809 1466 854 1492 τὸν
885 1464 946 1492 ἁλι-

127 1515 215 1552 τήριον
233 1513 327 1542 Σαοὺλ
342 1512 518 1551 καταρῥίψας,
536 1512 573 1543 ὡς
592 1513 673 1548 ἡμεῖς
696 1510 801 1548 μεγάλα
830 1511 946 1547 φρονοῦ-

130 1569 183 1595 μεν,
208 1559 254 1586 ὅτε
279 1557 324 1585 διὰ
345 1556 483 1594 περινοίας
516 1557 707 1592 ὁρκωμοτικῆς
736 1553 948 1592 περιεγενόμεθά

127 1614 194 1634 τινος
211 1602 343 1642 ἀδελφοῦ,
372 1601 440 1629 ὅπου
466 1611 496 1638 γε
520 1599 583 1628 οὐδὲ
611 1599 758 1637 ἀλλοτρίου
773 1599 847 1630 τινὸς
875 1597 946 1625 οὕτω
962 1594 982 1626 C

127 1647 371 1686 καταστοχάζεσθαι
392 1647 460 1684 χρὴ,
483 1647 520 1683 μή
541 1645 582 1673 ὅτι
607 1655 638 1683 γε
661 1642 832 1683 Χριπιανοῦ,
849 1642 947 1679 ὁμοίου

129 1693 204 1728 ἡμῖν.

162 1734 213 1765 λϐ’.
229 1739 324 1766 Ταῦτα
339 1734 372 1770 δὴ
393 1735 490 1770 πάντα,
503 1735 548 1762 καὶ
576 1734 625 1761 ὅσα
649 1735 762 1761 τοιαῦτα
791 1735 952 1771 χαρακτῆρα

132 1780 241 1817 ψεύδους
273 1780 436 1819 ὑπογράφει,
462 1778 570 1816 ψευδεῖς
595 1778 661 1805 εἶναι
683 1776 824 1812 δείκνυσιν,
855 1776 880 1803 εἴ
908 1775 952 1803 καὶ

134 1826 169 1861 μὴ
184 1827 291 1856 πάντας
311 1825 478 1862 ἀνθρώπους,
495 1822 569 1852 ἀλλὰ
598 1825 663 1861 γοῦν
692 1824 766 1859 ἡμᾶς
791 1821 854 1852 τοὺς
884 1821 955 1848 οὕτω

135 1869 322 1907 διακειμένους
348 1870 410 1907 περὶ
435 1869 485 1903 τὴν
511 1867 652 1903 ἀλήθειαν.
669 1867 772 1895 Ἐκεῖνο
789 1865 817 1894 δὲ
842 1868 900 1898 πῶς
924 1864 954 1893 ἃν

135 1914 174 1950 εἴη
204 1916 389 1953 ἀνθρώπινον,
405 1915 423 1949 ἣ
453 1914 491 1950 μὴ
518 1912 660 1950 ψευστικὸν
685 1911 906 1948 ἀνθρωπότητος,
933 1909 955 1937 εἱ

134 1961 184 1986 τῶν
210 1957 432 1995 σπουδαιοτέρων
458 1957 542 1996 ἔργων
570 1957 710 1996 ἀφέμενοι,
735 1956 876 1992 καθήμεθα
906 1954 956 1990 μά-

133 2013 178 2039 την
194 2004 269 2032 οὕτω
286 2002 349 2040 περὶ
366 2004 478 2038 ζήτησιν
507 2002 555 2029 τοῦ
579 2002 638 2028 κατ’
654 1999 796 2033 ἀλλήλους
823 1999 884 2037 βίου
906 2009 956 2026 πο-

133 2048 260 2085 νούμενοι
289 2048 334 2075 καὶ
360 2046 579 2085 διερευνώμενοι,
596 2045 627 2073 οὖ
641 2045 683 2076 τίς
703 2044 814 2081 ἀγαθὸς,
829 2043 871 2073 τίς
897 2042 958 2070 ἐνά-

134 2102 217 2129 ρετος,
247 2092 292 2124 τίς
321 2091 458 2130 φιλόθεος,
487 2089 561 2118 ἀλλά
593 2089 633 2122 τίς
661 2089 838 2128 ἑφάμαρτος;
859 2086 905 2114 ’ίνα
932 2087 958 2114 τί

133 2135 252 2170 ἐντεῦθεν
269 2135 446 2175 κερδήσωμεν
460 2145 467 2170 ;
479 2136 510 2163 τὸ
534 2134 725 2172 καταγράφειν,
738 2133 770 2160 τὸ
797 2131 959 2170 καταγελᾷν,

132 2181 162 2208 τὸ
176 2181 327 2218 σκώπτειν,
343 2181 374 2208 τὸ
397 2177 568 2216 διαϐάλλειν,
590 2179 621 2206 τὸ
646 2180 831 2216 συκοφαντεῖν,
847 2177 891 2205 καὶ
916 2175 961 2204 διὰ

134 2225 240 2254 πάντων
258 2226 363 2254 τούτων
380 2225 616 2266 ἅνθρωποφαγεῖνι
634 2223 665 2251 οὗ
684 2223 710 2250 τί
735 2222 765 2250 ἃν
792 2221 833 2256 εἴη
859 2220 962 2259 μιαρώ-

133 2280 207 2308 τερον
224 2271 272 2298 καὶ
287 2270 494 2307 θεομισέστερον
507 2278 514 2304 ;

170 2322 221 2361 λγ’-
236 2323 270 2352 Εἰ
285 2322 314 2350 δὲ
327 2322 372 2350 καὶ
388 2321 482 2353 ἄλλως
509 2319 682 2349 ἰπελευστὲον
707 2319 740 2347 τὰ
764 2321 813 2346 τοῦ
835 2317 961 2356 ψεύδους,

135 2366 294 2404 ψευδόμεθα
307 2368 357 2402 τήν
369 2366 491 2404 πορείαν,
507 2366 570 2393 ἄταν
588 2365 613 2392 οἱ
637 2363 718 2396 πόδες
739 2365 818 2400 ἡμῶν
848 2363 887 2395 εἰς
915 2374 962 2390 κα-

134 2411 192 2439 κίαν
207 2413 362 2449 τρέχωσιν.
387 2411 442 2438 Οὐκ
470 2409 666 2445 ἐπαληθεύεται
689 2410 756 2445 ἡμῖν
786 2406 849 2435 οὐδὲ
867 2409 885 2442 ἡ
902 2408 964 2436 στά-

135 2465 186 2491 σις,
204 2457 251 2483 ὅτε
274 2454 483 2492 ὑπενδιδόςιμεν,
498 2458 548 2490 τῆς
575 2453 770 2490 σταθερότητος
793 2453 824 2480 τὸ
852 2451 877 2480 ἒν
899 2453 964 2490 ἀγα-

137 2504 194 2532 θοῖς
210 2501 415 2539 ἆπολεγόμενοι
429 2500 572 2536 στάσιμον.
590 2497 753 2535 Ψευδόμεθα
780 2498 827 2528 τὰς
853 2496 964 2532 ἡδονὰς,

138 2544 181 2572 ὅτε
194 2545 440 2583 παρεξηυλημὲναι
472 2544 521 2572 οὐκ
544 2543 685 2581 εὐρύθμως
712 2542 738 2570 ἐν
764 2543 831 2579 ἡμῖν
862 2540 964 2580 ἁρμότ-

136 2599 239 2617 τον-ται.
259 2589 424 2626 Ψευδόμεοα
438 2589 485 2620 τὰς
501 2588 600 2624 λύπας,
615 2589 698 2623 ἡνίκα
725 2587 765 2624 ἐφ’
782 2588 825 2618 οἷς
854 2585 885 2614 οὗ
909 2587 965 2624 χρὴ

137 2635 340 2671 παθαινόμεθα.
357 2632 519 2670 Ψευδόμεθα
542 2633 574 2661 τὸ
599 2631 716 2668 κλαίειν,
732 2631 776 2659 ὅτε
796 2632 840 2659 καὶ
870 2641 968 2668 κροκο-

139 2677 311 2715 δειλίζομιν,
339 2677 378 2717 ἐφ’
403 2679 443 2709 αῖς
473 2679 512 2714 μή
542 2675 644 2716 ἔχομεν
673 2676 819 2704 κατεσθίειν
846 2675 969 2710 ὁλοκλή-

140 2732 193 2760 ρως
206 2723 274 2754 τοὺς
292 2721 434 2761 ἀδελφούς.
452 2723 499 2750 Καὶ
517 2732 569 2761 γαρ
585 2732 628 2750 τοι
647 2721 691 2749 καὶ
716 2719 894 2757 κροκόδειλος
918 2730 969 2747 πο-

138 2769 238 2803 τάμιος
255 2767 403 2804 ἀνθρώπου
418 2767 640 2806 περιγενόμενος,
656 2766 700 2793 καὶ
724 2766 769 2793 τὸν
799 2764 864 2793 ὅλον
890 2775 970 2792 κατα-

141 2813 246 2846 σπάσας
278 2812 345 2850 ἄχρι
372 2812 416 2839 καὶ
439 2812 476 2844 εἷς
502 2810 633 2852 κεφαλὴν,
650 2811 706 2839 εἶτα
736 2811 828 2848 μαθὼν
854 2809 970 2847 ἅσαρκον

993 975 1099 996 sensus
1115 975 1234 1002 compos
1263 966 1340 994 mala
1369 967 1445 994 dicet
1459 967 1495 995 de
1523 967 1633 1003 optimo
1661 968 1815 997 hominum

993 1012 1080 1047 dono,
1096 1011 1302 1047 intelligentia,
1319 1011 1404 1046 quasi
1419 1012 1549 1047 pessima
1563 1017 1649 1041 esset.

1028 1068 1073 1096 31.
1090 1068 1171 1101 Quod
1202 1069 1340 1103 praeterea
1369 1067 1399 1095 in
1429 1067 1537 1095 talibus
1566 1068 1650 1104 pejus
1678 1071 1730 1101 est.
1747 1077 1814 1097 cum

995 1113 1068 1140 forte
1083 1114 1149 1148 post
1160 1111 1283 1139 invitum
1295 1111 1493 1144 mendacium,
1509 1113 1752 1147 erubescimus,et
1763 1121 1816 1142 nos

995 1157 1115 1194 poenitet
1125 1159 1153 1185 et
1165 1165 1253 1192 quam
1262 1156 1612 1192 diligentissimecausam
1629 1158 1816 1187 defendimus

996 1204 1127 1229 nostram
1141 1203 1229 1236 atque
1252 1201 1368 1228 veniam
1382 1201 1578 1236 postulamus,
1608 1210 1643 1229 ne
1672 1203 1820 1231 mendacii

997 1246 1214 1274 convincamur.
1242 1245 1262 1272 E
1302 1248 1403 1273 contra
1434 1246 1459 1274 si
1497 1246 1623 1274 scienter
1652 1248 1820 1276 mentiendo

998 1294 1164 1319 commenta
1178 1290 1339 1318 machinati
1353 1299 1468 1324 sumus,
1479 1294 1550 1319 tunc
1565 1293 1650 1328 quasi
1666 1293 1701 1321 de
1717 1294 1821 1329 agendi

998 1336 1111 1363 ratione
1137 1334 1338 1370 meritissima,
1361 1343 1428 1363 cum
1457 1335 1590 1364 absolute
1614 1336 1822 1366 innocentibus

999 1380 1169 1416 gloriamur,
1196 1379 1272 1407 sicut
1298 1388 1350 1407 nec
1372 1379 1516 1415 gloriatur
1539 1383 1583 1408 ter
1606 1384 1762 1410 coronatus
1786 1383 1822 1410 de

1000 1424 1137 1452 similiter
1149 1425 1287 1459 praeclare
1297 1425 1383 1458 facto,
1397 1425 1525 1452 victoriae
1536 1433 1676 1461 magnum
1688 1427 1822 1455 bravium

1001 1468 1147 1500 referens;
1177 1476 1230 1494 nec
1245 1467 1286 1494 sic
1315 1466 1430 1495 lmtatus
1454 1470 1499 1495 est
1526 1476 1652 1504 magnus
1667 1469 1755 1497 David
1773 1473 1824 1498 aut

1001 1520 1032 1540 se
1047 1511 1150 1539 extulit
1171 1519 1238 1539 cum
1263 1511 1339 1538 hanc
1367 1514 1479 1547 pestem
1508 1512 1575 1540 Saul
1605 1513 1740 1548 (Goliatb)
1757 1523 1822 1550 pro-

1003 1555 1113 1589 stravit,
1139 1556 1216 1583 sicut
1244 1564 1297 1583 nos
1328 1564 1433 1590 magna
1454 1557 1490 1584 de
1515 1557 1598 1585 nobis
1627 1559 1771 1586 sentimus
1790 1567 1824 1587 eo

1002 1601 1081 1637 quod
1097 1600 1384 1635 astutiajuramento
1401 1600 1516 1628 ﬁrmata
1530 1602 1650 1630 fratrem
1666 1602 1826 1632 circumve-

1003 1646 1114 1680 nimus,
1130 1645 1201 1673 dum
1213 1653 1265 1673 nec
1278 1645 1406 1673 alienum
1418 1653 1597 1682 quemquam
1608 1650 1743 1683 appetere
1758 1648 1826 1677 lice-

1006 1692 1060 1723 ret,
1075 1690 1183 1717 nedum
1198 1689 1398 1717 Christianum
1415 1690 1500 1717 nobis
1515 1690 1654 1719 similem.

1041 1735 1087 1763 32.
1104 1737 1169 1762 Htec
1198 1733 1297 1762 omnia
1324 1737 1353 1762 et
1382 1742 1563 1772 quacunque
1593 1736 1666 1765 tales
1682 1737 1828 1766 mendacii

1009 1782 1084 1808 notas
1100 1780 1266 1815 designant,
1290 1780 1446 1808 mendaces
1467 1789 1532 1808 esse
1555 1782 1716 1810 ostendunt
1730 1782 1755 1810 si
1771 1791 1828 1810 non

1009 1830 1130 1853 cunctos
1144 1824 1290 1858 homines,
1320 1824 1423 1852 saltem
1448 1833 1501 1853 nos
1529 1826 1571 1853 sic
1585 1834 1654 1862 erga
1682 1827 1831 1855 veritatem

1012 1870 1167 1897 animatos.
1195 1869 1269 1896 Illud
1292 1877 1358 1897 vero
1383 1870 1530 1905 quomodo
1559 1871 1721 1900 humanum
1746 1874 1833 1905 esset,

1013 1917 1064 1941 aut
1078 1922 1136 1941 non
1161 1913 1353 1941 humanitatis
1379 1915 1534 1949 mentiens,
1564 1916 1588 1943 si
1619 1916 1716 1944 studio
1731 1917 1836 1952 dignas

1012 1966 1116 1994 operas
1131 1957 1395 1993 praetermittentes,
1411 1967 1484 1987 vane
1507 1960 1643 1988 sedentes
1667 1961 1696 1988 in
1712 1961 1834 1988 aliorum

1012 2003 1076 2031 vita:
1092 2002 1310 2038 indagationem
1331 2002 1449 2030 solliciti
1476 2005 1504 2031 et
1527 2003 1710 2039 inquirentes
1730 2012 1834 2032 sumus

1014 2055 1071 2075 non
1088 2047 1155 2083 quis
1170 2046 1275 2080 bonus,
1293 2046 1360 2081 quis
1385 2046 1552 2079 laudabilis.
1578 2048 1645 2083 quis
1660 2048 1752 2075 Deum
1768 2047 1834 2075 dili-

1014 2099 1097 2127 gens,
1113 2091 1163 2118 sed
1177 2090 1243 2125 quis
1259 2090 1415 2125 peccator?
1440 2091 1475 2118 Et
1490 2091 1560 2126 quid
1582 2091 1656 2119 lucri
1672 2091 1775 2119 exinde
1787 2099 1837 2119 re-

1016 2134 1221 2172 portabimus?
1241 2143 1389 2168 accusare,
1411 2134 1544 2170 irridere,
1571 2136 1673 2164 acerbe
1697 2135 1838 2171 cavillari,

1016 2178 1198 2214 insimulare,
1215 2178 1400 2212 calumniari,
1424 2179 1621 2216 omnibusque
1649 2180 1714 2208 istis
1736 2180 1840 2208 rodere

1016 2222 1171 2256 homines;
1189 2230 1247 2257 quo
1274 2222 1343 2256 quid
1373 2221 1537 2257 scelestius,
1554 2223 1624 2259 quid
1653 2222 1758 2259 majori
1772 2222 1839 2251 odio

977 2272 1000 2304 D
1016 2275 1114 2296 coram
1130 2267 1186 2294 Deo
1199 2269 1210 2294 ἲ

1052 2322 1096 2350 33.
1113 2321 1140 2349 Si
1155 2324 1184 2349 et
1199 2321 1317 2349 aliunde
1344 2321 1452 2349 mentio
1469 2322 1504 2349 de
1527 2322 1679 2350 mendacio
1694 2321 1840 2356 habenda,

1017 2367 1079 2395 vias
1088 2369 1201 2394 nostras
1215 2366 1386 2399 mentimur,
1398 2367 1515 2402 quando
1528 2368 1616 2403 pedes
1627 2367 1719 2396 nostri
1730 2366 1843 2395 veloces

1018 2411 1049 2439 in
1066 2411 1177 2438 malum
1193 2415 1327 2438 currunt.
1344 2410 1402 2439 Nec
1424 2411 1531 2439 veritas
1553 2414 1598 2439 est
1613 2412 1691 2447 apud
1713 2419 1767 2439 nos
1783 2413 1846 2439 stam

1020 2456 1069 2491 tio,
1087 2455 1204 2491 quando
1219 2457 1296 2482 retro
1312 2455 1455 2490 cedimus,
1473 2456 1641 2484 recedentes
1657 2465 1675 2484 δι
1688 2455 1848 2484 stabilitate

1021 2508 1072 2537 per
1100 2499 1254 2527 stationem
1290 2499 1320 2526 in
1347 2499 1442 2527 bonis.
1482 2499 1642 2529 Mentimur
1670 2500 1848 2536 voluptates,

1022 2546 1140 2581 quando
1164 2545 1312 2573 exstincta!
1337 2553 1395 2573 non
1420 2545 1503 2573 nobis
1529 2547 1717 2574 concordant.
1743 2545 1846 2574 Menti-

1023 2599 1091 2618 mur
1120 2598 1258 2617 muerores
1288 2590 1405 2624 quando
1434 2590 1468 2617 de
1498 2591 1607 2626 quibus
1645 2599 1704 2619 non
1733 2591 1848 2625 oportet

1024 2636 1110 2662 corde
1132 2634 1301 2669 afﬂigimur.
1328 2634 1487 2662 Mentimur
1508 2634 1708 2671 lacrymando,
1731 2633 1848 2669 quando

1026 2678 1172 2706 malitiose
1187 2678 1292 2706 ﬂemus
1303 2678 1443 2705 crocodili
1456 2687 1548 2712 more,
1564 2688 1597 2707 eo
1612 2679 1689 2714 quod
1705 2677 1789 2705 nobis
1804 2677 1850 2704 de-

1026 2723 1065 2751 sit
1089 2723 1207 2750 omnino
1235 2722 1338 2750 frutres
1362 2723 1520 2750 devorandi
1550 2723 1684 2751 facultas.
1707 2722 1755 2750 Sic
1771 2721 1849 2749 enim

1026 2771 1054 2796 et
1075 2767 1240 2796 crocodilus
1265 2767 1415 2795 ﬂuviatilis
1436 2771 1551 2804 arrepto
1581 2767 1710 2801 homine,
1729 2769 1851 2803 totoque

1028 2816 1127 2841 vorato
1144 2821 1236 2849 usque
1251 2812 1287 2839 ad
1303 2815 1392 2849 caput
1403 2821 1409 2848 ;
1422 2813 1526 2840 deinde
1543 2813 1731 2841 macilentum
1747 2820 1812 2841 esse
1823 2815 1852 2842 et
