2026 3156
249 181 258 210 t
266 179 324 210 059

635 177 847 211 EUSTATHII
869 177 1252 211 THESSALONIGENSIS
1274 179 1566 212 METROPOLITE

1875 186 1940 218 1060

248 247 283 274 ad
310 245 535 274 nutricetionem
562 244 666 273 inutile
694 250 780 281 caput
807 246 949 282 cogitans,
975 245 1072 282 lacry-

1128 245 1212 280 αὐτὴν
1228 245 1353 273 εἶναικαὶ
1381 245 1491 283 ἀχρείαν
1519 246 1558 278 εἷς
1581 247 1695 284 βρῶσιν,
1721 247 1830 276 κλαίειν
1857 250 1938 288 ἐθέλει,

249 299 329 319 mare
344 290 418 325 vult,
448 299 506 318 non
523 299 581 327 pne
611 291 812 319 misericordia
835 291 888 319 sed
916 291 985 327 quia
999 290 1073 319 lucri

247 345 351 373 parum
368 336 472 365 eratin
499 335 623 372 reliquo.
649 336 809 365 Mentimur
836 340 950 373 portam
976 337 1026 365 Dei
1042 337 1071 365 in

247 381 331 410 nobis
346 382 527 414 claudentes,
544 381 574 408 in
592 381 702 416 quibus
717 381 866 410 dissolutas
883 382 993 410 ostium
1009 389 1071 410 me-

245 435 339 464 gnum
366 426 477 454 habent
504 427 607 453 euntes
637 428 665 453 et
693 426 848 454 redeuntes
877 427 1070 455 sensationes.

245 471 428 507 Aepicientes
444 478 502 498 non
519 470 690 506 aspicimus.
712 479 765 499 nec
788 471 923 499 novimus
939 471 1069 508 quidem,

246 516 356 551 Dignos
385 515 462 542 enim
490 514 682 550 contemplari
713 515 917 551 dedignamur.
945 515 1070 544 Hebeta-

247 569 314 588 mur
328 559 396 588 boni
413 558 511 587 odoris
538 559 691 594 incapaces
717 559 744 586 in
770 560 835 587 vitae
860 560 922 588 luto
937 559 1070 596 voluteti,

246 613 298 632 nec
314 611 368 632 nos
382 603 463 639 ipsos
478 602 652 631 inclinantes
679 603 715 631 ad
740 603 789 631 Dei
813 604 922 632 bonum
938 605 1068 640 odorem,

245 650 280 677 ad
297 648 442 677 altissime
465 647 632 675 tendentem
660 648 743 684 quasi
772 648 942 684 thYmisma.
962 649 1068 677 Auditu

244 694 382 722 audimus
397 696 426 721 et
442 702 498 721 non
515 693 721 729 intelligimus.
739 695 890 722 Mentimur
905 698 933 723 et
947 698 1068 731 gustum

244 738 362 775 quando
378 745 436 765 non
452 740 608 773 gustamus
625 738 695 765 adeo
712 742 744 765 ut
756 739 906 767 videamus
920 740 989 775 quin
1003 748 1069 768 sua-

243 784 287 812 vis
301 782 454 811 Dominus.
471 783 578 809 Tactus
594 790 679 817 porro
692 782 819 818 peccatis
830 782 893 819 ipse
906 791 964 811 non
978 786 1068 819 caret,

244 828 313 863 quia
348 827 487 854 omnibus
524 826 662 854 sensibus
704 827 864 863 arripimus
903 836 966 861 qua
1010 837 1067 856 non

243 873 368 908 oportet.
385 871 452 898 Dico
465 872 493 899 et
508 878 614 898 novum
632 870 743 906 aliquid
759 879 811 907 pro
836 871 956 900 multis:
975 881 1066 900 mem-

243 916 335 944 timur
362 915 392 943 in
421 915 565 943 amicitias
593 917 623 942 et
650 915 832 950 inimicitias,
862 924 920 944 non
949 916 1014 945 ideo
1035 920 1067 945 ut

242 961 399 989 laudemur
413 961 450 988 ob
478 959 546 988 mali
571 959 727 994 defectum,
751 960 803 988 sed
827 961 898 996 quia
925 969 977 989 nec
992 961 1064 990 illud

242 1007 320 1034 recta
334 1006 437 1040 regula
461 1004 595 1039 facimus,
621 1012 673 1031 nec
697 1004 763 1032 odio
790 1005 935 1033 habemus
949 1014 999 1034 eos
1014 1006 1065 1042 qui

242 1050 328 1078 nobis
342 1049 408 1076 odio
437 1056 502 1076 esse
531 1049 647 1076 debent.
678 1049 754 1076 Sunt
782 1049 870 1083 enim,
895 1052 965 1077 sunt
991 1058 1064 1086 quos

240 1094 307 1122 odio
318 1095 373 1122 Deo
384 1093 467 1122 suavi
478 1092 595 1121 odimus
606 1095 634 1120 et
644 1093 836 1129 implacabili,
853 1102 927 1130 quos
936 1097 964 1123 et
977 1095 1064 1123 David

239 1139 413 1175 insipienter
426 1138 557 1166 odientee
573 1138 738 1165 detestatur
751 1138 818 1166 odio
835 1147 984 1175 supremo.

274 1185 319 1211 34.
336 1184 391 1211 Sed
407 1182 480 1210 inibi
496 1182 660 1210 necessario
676 1182 764 1210 ﬁnem
788 1183 907 1219 impono
924 1193 980 1219 prie
996 1184 1063 1212 hor-

239 1237 305 1257 rore
315 1229 494 1264 (exsecratus
503 1235 569 1254 sum
579 1227 657 1254 enim
668 1227 829 1255 immanem
838 1227 914 1256 hanc
923 1228 1062 1264 belluam,

241 1272 581 1306 inimicitiam,tanquam
593 1274 621 1299 et
634 1271 795 1299 dwmonem
808 1271 906 1308 ipsum
920 1273 968 1308 qui
982 1273 1062 1301 illum

239 1317 316 1344 intra
332 1319 414 1352 septe
427 1316 577 1350 continet),
596 1316 624 1343 in
650 1315 744 1350 ipsum
762 1324 845 1343 arma
873 1325 989 1344 sumam
1005 1317 1062 1345 alio

238 1369 382 1393 sermone,
398 1369 456 1396 quo
480 1360 603 1395 sagittas
619 1360 754 1387 amittens
781 1363 866 1396 prout
882 1364 1001 1389 sanctus
1015 1362 1062 1389 di-

237 1406 310 1441 riget
337 1405 465 1441 Spiritus
490 1405 539 1440 qui
570 1405 710 1432 adversus
725 1405 873 1440 ejusmodi
905 1405 980 1433 mela
1004 1406 1061 1434 tela

237 1450 329 1484 cudit,
345 1458 394 1478 vos
407 1449 523 1484 judices
537 1449 573 1476 de
588 1451 669 1477 tanto
685 1457 771 1485 opere
796 1457 924 1478 sumam.
943 1450 1061 1478 interim

237 1494 379 1522 auxilium
398 1493 468 1520 mihi
484 1492 512 1520 in
540 1491 688 1520 molitione
708 1492 765 1521 ista
790 1494 919 1529 priehere
943 1495 1061 1530 incipite

237 1547 287 1574 per
303 1546 400 1575 preces
413 1541 441 1565 et
456 1537 686 1573 supplicationes
704 1538 741 1565 ad
757 1538 848 1566 Deum
870 1539 1059 1573 altissimum,

235 1592 310 1618 quas
326 1583 470 1619 erigentes
497 1582 532 1609 ad
559 1582 649 1610 Deum
672 1584 700 1609 et
726 1590 778 1610 vos
801 1591 988 1611 communem
1009 1584 1059 1612 ho-

235 1630 309 1655 stem
325 1626 486 1662 conligatis.
504 1627 644 1661 Assurgat
667 1634 735 1661 ergo
752 1626 832 1654 νοιιὶε
854 1626 958 1655 intima
980 1636 1059 1664 spes,
1075 1618 1096 1650 (ἶ

235 1680 293 1699 non
316 1671 436 1706 longum
466 1678 621 1697 evasurum
651 1672 769 1705 tempus
795 1671 866 1706 quin
895 1680 1061 1700 sermonem

234 1716 336 1750 alium,
352 1715 409 1743 Deo
425 1715 522 1746 dante.
540 1714 674 1742 doctrina
689 1714 808 1750 plenum
835 1716 917 1744 vobis
932 1717 1060 1752 protule-

233 1761 300 1794 rim,
318 1761 358 1788 ita
375 1762 407 1787 ut
422 1760 464 1787 sic
479 1759 528 1786 alii
544 1759 609 1786 aliis
625 1759 785 1787 concordes
810 1761 915 1795 simus,
935 1760 1002 1789 licet
1016 1761 1058 1790 lo-

235 1813 335 1833 corum
365 1804 474 1831 finibus
503 1803 798 1837 circumscribsmur,
825 1808 853 1832 et
880 1806 1057 1834 disserentes

235 1850 270 1877 dc
286 1850 373 1877 rebus
402 1849 459 1875 Deo
475 1848 550 1875 caris
579 1850 608 1875 et
626 1847 765 1880 exauditi,
793 1851 822 1876 et
846 1849 888 1877 sic
912 1850 1056 1886 delectati,

234 1893 357 1929 gloriam
373 1893 511 1919 dabimus
536 1891 629 1919 Verbo
655 1892 705 1927 qui
722 1892 756 1919 ab
773 1892 856 1921 initio
880 1896 908 1921 et
924 1896 990 1923 ante
1002 1903 1055 1923 saa-

234 1937 299 1965 culs
314 1939 368 1967 est.
396 1936 480 1968 cuius
504 1935 596 1971 gloria
623 1936 652 1963 in
682 1936 855 1965 seculorum
885 1939 992 1967 sarcula
1007 1947 1054 1968 ex-

234 1983 322 2015 tenta,
340 1981 427 2008 ﬁnem
443 1980 550 2008 habere
566 1988 621 2008 non
638 1982 734 2016 potest
749 1990 890 2018 unquam.
908 1984 1009 2012 Amen.

1128 290 1160 316 οὐ
1175 290 1242 328 πρὸς
1264 291 1363 326 οἶκτον,
1380 290 1443 318 ἀλλ’
1470 291 1511 318 δτι
1539 292 1622 329 μικρά
1642 292 1784 330 κερδαίνει
1805 297 1852 321 τοῦ

1125 332 1311 371 ταλείμματος
1329 356 1335 363 .
1366 333 1529 372 Ψευδόμεθα
1562 337 1593 364 τὸ
1630 339 1803 375 τεθυρῶσθαι
1834 339 1878 366 τὸν
1902 344 1938 368 τοῦ

1126 381 1193 406 Θεοῦ
1209 378 1234 406 ἐν
1251 380 1318 415 ἡμῖν
1335 381 1419 415 οἷκον,
1445 381 1487 410 οἷς
1511 380 1600 408 ἄνεται
1624 379 1825 418 διαγάσκουσιν
1849 385 1874 410 αἱ
1893 387 1937 412 κατ’

1127 421 1204 450 αὐτὸν
1232 422 1420 459 εἶσοδοέξοδοι,
1448 424 1475 450 αἱ
1490 423 1534 451 διὰ
1557 427 1611 452 τῶν
1639 425 1811 461 αἰσθήσεων.
1838 427 1937 456 Elim»-

1125 477 1167 498 τες
1193 467 1224 494 οὐ
1253 466 1403 504 βλέπομεν,
1428 467 1485 496 οὐδ’
1510 469 1540 495 οὐ
1567 469 1606 505 μὴ
1623 468 1741 506 ἴδωμεν.
1768 472 1936 510 Παρορώμιθι

1123 511 1173 548 γὰρ
1195 511 1258 542 τοὺς
1282 512 1373 547 ἀξίους
1397 510 1626 549 προσῦλέπισθαι,
1653 516 1891 552 Δυσαισθητοῦμεν
1910 519 1935 544 τὰ

1125 555 1163 588 εἷς
1191 555 1293 593 ἀγαθὴν
1318 555 1418 595 ὅσφραν
1436 580 1443 593 ,
1471 555 1616 595 βορϐόροις
1642 559 1706 596 βίου
1735 559 1934 598 ἕεγδιυλιόμενοι¹

1123 600 1168 627 καί
1184 600 1214 628 οὗ
1244 601 1416 636 σκευάζοντες
1446 603 1520 638 ἡμᾶς
1550 601 1646 634 αὐτοὺς
1672 603 1713 634 εἰς
1730 602 1846 631 εὐωδίαν
1866 606 1934 640 θείαν,

1123 645 1356 682 κατευθυνομένην
1373 646 1410 677 εἷς
1425 647 1471 673 τὸν
1491 647 1618 683 Ὕψιστον
1641 647 1678 678 ὡς
1707 648 1843 685 θυμίαμα.
1865 650 1932 688 Ἀκοῇ

1123 690 1271 726 ἀκούομεν,
1295 690 1339 717 καὶ
1362 690 1392 718 οὐ
1417 691 1551 728 συνίεμεν,
1569 690 1735 728 Ψευδόμεθα
1760 694 1864 728 χαῖτὴν
1885 697 1932 731 γε]-

1123 745 1176 770 σιν,
1189 734 1234 762 ὅτε
1249 735 1288 771 μὴ
1312 734 1456 772 γενόμεθα,
1483 734 1552 763 ὥστε
1574 736 1619 763 καὶ
1635 735 1717 772 ἰδεῖν,
1735 738 1778 764 ὅτι
1801 739 1930 775 γρηπὸςὸ

1123 778 1235 817 Κύριος.
1251 780 1282 806 ἹΞΙ
1311 778 1340 807 δε
1364 779 1430 819 ἁφὴ,
1462 779 1608 815 ἇλλ¹αὖτὴ
1636 780 1880 819 πολυαμάρτητος,
1900 783 1932 821 ἐφ’

1122 825 1164 854 οῖς
1187 822 1356 862 δραπόμεθα
1379 824 1446 852 κατὰ
1470 827 1555 852 πᾶσαν
1584 824 1724 860 αἴσθησιν,
1751 826 1788 852 ὧν
1814 826 1850 862 μή
1874 829 1926 865 χρή.

1122 867 1199 896 Εἴπω
1214 868 1259 896 καί
1273 879 1299 896 τι
1316 868 1414 904 ξενίζον
1441 869 1504 900 τοὺς
1529 868 1664 901 πολλούς.
1694 869 1858 906 Ψευδόμεθα
1874 872 1926 908 πρὸς

1121 914 1154 950 τῇ
1171 912 1250 951 φιλίᾳ
1265 913 1309 940 καὶ
1324 913 1407 948 αὐτὴν
1427 914 1477 948 τὴν
1500 912 1610 952 ἔχθραν,
1636 914 1692 952 οὐχ
1708 914 1781 942 ὥστε
1800 919 1852 952 μὴν
1867 915 1925 943 ἐπαι-

1119 960 1220 989 νεῖσθαι
1250 956 1294 984 διὰ
1316 958 1366 992 τὴν
1395 959 1443 985 τοῦ
1470 959 1554 985 καχοῦ
1583 957 1724 996 στέρησιν,
1750 958 1815 986 ἀλλ’
1839 959 1875 986 ὅτι
1897 961 1924 995 μή

1119 1001 1271 1038 ποιούμεθα
1287 1000 1351 1038 μηδ’
1367 1001 1431 1029 αὐτὸ
1455 1001 1528 1039 ὀρθῷ
1542 1002 1645 1036 κανόνι,
1662 1001 1729 1030 οὐδὲ
1754 1003 1921 1040 ἐχθραίνομέν,

1119 1047 1159 1077 οἷς
1185 1045 1381 1082 ἀπαιτούμιθα.
1407 1046 1466 1074 Εἲσί
1490 1047 1551 1084 γὰρ,
1568 1047 1646 1081 sit-xiv,
1674 1048 1718 1078 οἷς
1746 1047 1873 1086 θεοφιλῶς
1885 1048 1922 1086 ἐχ-

1119 1093 1268 1127 θρανοῢμεν
1293 1089 1494 1125 ἀκατάλλαχτα,
1524 1091 1570 1121 οὒς
1596 1092 1641 1118 καὶ
1672 1092 1687 1119 ὁ
1711 1091 1795 1119 Δαυΐδ
1824 1093 1922 1128 ματαίως

1118 1135 1310 1172 ἐχθραίνοντας
1329 1137 1403 1171 μισεῖ
1419 1137 1498 1172 μῖσος
1512 1135 1627 1164 τέλειον,

1155 1178 1205 1207 λδ’.
1220 1179 1300 1207 Ἀλλ’
1325 1179 1436 1207 ἐνταῦθα
1457 1181 1624 1215 καταστήσας
1649 1180 1806 1218 ἀναγκαίως
1827 1181 1866 1207 τδν
1886 1180 1922 1208 λό-

1116 1234 1163 1261 γον
1178 1222 1224 1251 διᾶ
1236 1225 1285 1258 τήν
1302 1224 1401 1263 φρίκην
1426 1225 1555 1263 (πέφρικα
1580 1225 1630 1262 γὰρ
1655 1225 1688 1252 τὸ
1704 1225 1841 1263 κάρχαρον
1859 1227 1919 1253 τοῦτο

1118 1268 1223 1307 Θηρίον,
1236 1269 1286 1303 τὴν
1302 1267 1411 1306 ἔχθραν,
1435 1269 1504 1301 καθὰ
1527 1269 1571 1296 καὶ
1595 1269 1676 1297 αὐτὸν
1703 1269 1830 1306 δαίμονα,
1851 1270 1876 1301 ὂς
1888 1269 1921 1296 αὖ·

1115 1314 1166 1347 τήν
1192 1313 1392 1350 λεοντοχομεῖ),
1418 1314 1615 1350 συσκευέσομαι
1641 1315 1701 1341 κατ’
1728 1314 1812 1349 αὐτῆς
1826 1313 1857 1341 δι’
1876 1314 1917 1341 ἑτέ-

1117 1368 1165 1395 ρου
1181 1357 1277 1395 λόγου,
1292 1357 1318 1385 ἐν
1335 1358 1357 1394 ᾧ
1373 1358 1632 1394 κατατοξασάμενος,
1645 1359 1681 1389 ὡς
1697 1358 1730 1386 τὰ
1747 1359 1820 1397 ἅγιον
1832 1361 1918 1393 Πνεῦμι

1116 1403 1280 1440 χορηγήσει,
1301 1402 1316 1429 ’ὀ
1335 1401 1481 1439 βελοποιεῖ
1490 1403 1559 1430 κατὰ
1572 1405 1625 1430 τῶν
1641 1404 1777 1430 τοιούτων
1789 1405 1914 1437 autumnis-

1115 1446 1276 1484 ραλήψομαι
1294 1447 1364 1482 ὑμᾶς
1379 1446 1565 1484 ἐπιγνώμονας
1580 1447 1625 1474 καὶ
1641 1450 1689 1475 τοῦ
1709 1447 1832 1475 τοιούτου
1846 1447 1915 1484 ἔργω.

1115 1494 1157 1527 Τῷ
1171 1492 1238 1523 τὲως
1255 1491 1283 1519 ὁὶ
1299 1490 1411 1529 ἄρξασθέ
1428 1503 1473 1528 μοι
1490 1490 1774 1529 συνεπιλαμϐάνεσσαι
1789 1496 1834 1527 τῆς
1845 1491 1913 1530 ἐγχει-

1115 1537 1220 1573 ρήσεως
1246 1536 1348 1572 ἐκείνης
1372 1535 1417 1563 διὰ
1442 1539 1544 1574 ’χειρῶν
1559 1538 1683 1564 ἱκετιχῶν
1701 1538 1739 1569 ἐς
1759 1537 1803 1565 τὸν
1827 1537 1913 1573 ὕψιστον

1115 1581 1222 1617 Κεόριον,
1239 1581 1268 1612 ἃς
1294 1581 1474 1612 ἀνατείνοντες
1499 1581 1537 1612 εἷς
1551 1581 1652 1609 ἐκεῖνον
1674 1579 1911 1618 κατατοξεύσετεκαί

1115 1625 1193 1653 αὐτοὶ
1218 1625 1289 1653 οὕτω
1310 1626 1356 1653 τὸν
1380 1626 1470 1653 κοινὸν
1489 1626 1598 1664 ἐχθρόν.
1623 1627 1825 1664 Ὑποτρεφέσθω
1844 1624 1912 1652 τοίνυν

1116 1670 1178 1706 ὑμῖν
1195 1669 1284 1703 ἐλπίς,
1298 1670 1335 1701 ὡς
1359 1670 1390 1697 οὐ
1415 1669 1502 1701 πολὺς
1527 1669 1673 1708 παρελάσει
1697 1671 1808 1709 χρόνος,
1823 1670 1860 1697 καὶ
1879 1667 1912 1695 λό-

1113 1726 1159 1754 γον
1175 1713 1278 1752 ἕτερον,
1295 1716 1361 1742 Θεοῦ
1374 1712 1403 1741 δὲ
1414 1713 1508 1745 δόντος
1520 1713 1722 1750 διδασκαλικὸν,
1739 1716 1801 1751 ὑμῖν
1816 1713 1912 1752 inomni-

1113 1770 1206 1796 σομεν,
1219 1759 1264 1787 τίνα
1279 1759 1324 1786 καὶ
1341 1759 1411 1786 οὕτω
1423 1761 1546 1796 συνῶμεν
1559 1759 1709 1795 ἀλλήλοις,
1727 1760 1750 1787 εί
1760 1760 1802 1787 καὶ
1813 1758 1870 1786 xui
1878 1757 1910 1784 τό·

1112 1815 1161 1832 πον
1179 1804 1364 1843 ἀφωρίσμεθα,
1381 1804 1425 1831 καὶ
1441 1803 1601 1840 ὁμιλοῦντες
1616 1805 1649 1832 τὰ
1662 1807 1703 1841 τῷ
1729 1806 1785 1840 Θεῷ
1797 1802 1864 1842 φίλα,
1876 1800 1910 1828 καὶ

1112 1849 1318 1886 εἰσακουόμενοι
1333 1849 1378 1876 καὶ
1395 1848 1465 1876 οὕτω
1479 1849 1653 1886 τερπόμενοι,
1670 1848 1750 1884 δόξαν
1766 1847 1909 1883 ἀναπέμπω·

1113 1905 1159 1931 μεν
1175 1896 1214 1929 τῷ
1224 1893 1250 1921 ἐν
1262 1894 1336 1931 ἀρχῇ
1347 1894 1400 1930 πρὸ
1411 1895 1464 1921 τῶν
1477 1893 1582 1920 αἰώνων
1594 1894 1686 1932 Λόγῳ,
1698 1895 1782 1931 οὗπερ
1792 1895 1808 1927 ἡ
1819 1891 1872 1928 δόξα
1880 1889 1907 1920 εἷς

1109 1939 1207 1970 αῗῶνας
1234 1938 1340 1965 αἰώνων
1365 1939 1593 1975 παρεκτεινομὲνη
1623 1939 1706 1976 πέρας
1723 1939 1771 1966 οὐχ
1797 1937 1823 1964 ἃν
1842 1934 1906 1973 σχοίη

1108 1985 1184 2012 ποτὲ.
1199 1984 1300 2020 Ἀμήν.

660 2155 730 2186 Alia
744 2156 904 2187 Eustathz'i
915 2157 1029 2198 scripta
1045 2163 1140 2189 tomus
1155 2167 1274 2199 sequens
1289 2157 1500 2197 complectitur.
